1811 3269
625 158 1062 200 ΙΛΙΑΔΟΣ
1117 160 1169 198 Λ.

130 275 210 318 175
238 275 314 327 τῆς
346 268 392 315 δ’
422 270 465 322 ἐξ
495 266 648 324 αὐχέν’
681 268 776 321 ἔαξε
805 269 955 343 λαβών
987 270 1269 323 κρατεροῖσιν
1297 265 1486 310 ὀδοῦσιν

238 331 438 396 πρῶτον,
470 326 616 369 ἔπειτα
647 327 692 369 δέ
722 324 772 369 θ’
804 324 912 380 αἷμα
940 325 1014 368 καὶ
1045 324 1206 397 ε’γκατα
1234 322 1380 367 πάντα
1408 322 1651 380 λαφύσσει·

241 385 300 435 ὡς
328 400 431 434 τους
457 382 672 455 Ἀτρείδης
701 383 831 453 ε’φεπε
860 383 1021 437 κρείων
1045 379 1340 435 Ἀγαμέμνων,

240 441 334 484 αἰὲν
364 439 634 483 ἀποκτείνων
665 440 746 483 τόν
774 438 1109 483 ὀπίστατον·οἱ
1138 436 1182 480 δ’
1214 437 1443 508 ἐφέβοντο.

238 497 391 541 πολλοὶ
421 496 467 540 δὲ
496 501 677 552 πρηνεῖς
705 514 751 540 τε
780 497 852 540 καὶ
882 494 1031 539 ὕπτιοι
1062 494 1248 537 ἔκπεσον
1278 495 1423 537 ἵππων

130 562 209 603 180
235 553 332 608 Ἀτρ
336 555 458 597 είδεω
488 553 575 597 ὑπὸ
605 555 745 624 χερσί·
775 552 972 622 περιπρὸ
992 568 1076 606 γαρ
1113 551 1223 606 ε’γχεϊ
1251 554 1376 594 θῦεν.

238 609 336 654 αλλ’
370 610 439 654 ὅτε
471 610 524 666 δὴ
553 609 649 680 τάχ’
681 611 854 664 ε’μελλεν
883 607 972 653 υπὸ
1003 607 1158 651 πτόλιν
1189 607 1296 650 αι’πύ
1326 623 1370 650 τε
1400 609 1540 663 τεῖχος

239 670 428 720 ι’ξεσθαι,
458 667 555 711 τότε
587 666 640 723 δή
673 667 729 722 ῥα
761 665 904 722 πατὴρ
935 663 1114 718 ἀνδρῶν
1144 680 1188 707 τε
1218 668 1340 708 θεῶν
1367 679 1413 707 τε

227 725 345 795 Ἴδης
375 725 422 768 ἐν
451 728 676 781 κορυφῇσι
706 726 913 778 καθέζετο
945 722 1195 791 πιδηέσσης,

232 780 493 852 οὐρανόθεν
523 781 742 836 καταβάς,
772 781 837 836 ε’χε
869 780 914 823 δὲ
945 777 1162 833 στεροπὴν
1191 794 1298 832 μετα
1328 776 1490 832 χερσὶν,

129 844 208 883 185
232 836 338 894 Ἰριν
369 838 414 881 δ’
446 837 612 892 ω’τρυιε
643 837 941 893 χρυσόπτερον
971 835 1285 892 ἀγγελέουσαν·

318 905 491 957 ,,Βάσκ’
523 908 611 958 ἰ’θι,
633 903 714 959 Ἰρι
743 911 909 961 ταχεῖα,
940 903 1019 947 τόν
1037 903 1218 958 Ἕκτορι
1247 905 1396 973 μῦθον
1428 902 1587 946 ἔνισπε.

239 962 346 1018 ὄφρ’
380 963 435 1006 ἂν
463 964 544 1019 μέν
573 980 649 1006 κεν
679 963 762 1021 ὁρᾶ
791 961 1106 1017 Ἀγαμέμνονα,
1135 959 1324 1014 ποιμένα
1353 963 1489 1013 λαῶν,

239 1019 429 1063 θύνοντ’
463 1020 509 1063 ἐν
538 1020 832 1075 προμάχοισιν
862 1019 1097 1072 ἐναίροντα
1128 1019 1275 1085 στίχας
1306 1016 1498 1071 ανδρῶν,

236 1075 374 1132 τόφρ’
407 1076 704 1132 ἀναχωρείτω,
735 1076 815 1120 τὸν
846 1075 888 1120 δ’
922 1075 1058 1118 ἄλλον
1087 1074 1197 1117 λαὸν
1227 1072 1417 1130 α’νωχθω

69 1205 166 1245 τῶν,
200 1203 299 1249 quasi
331 1202 389 1237 uni
422 1208 553 1238 tantum
586 1204 635 1238 illi
659 1204 739 1238 bovi
766 1203 882 1250 perui-

70 1252 178 1293 ciem,
215 1251 245 1283 h.
272 1263 302 1283 e.
330 1255 489 1291 mortem,
529 1251 675 1284 afferret
704 1251 781 1292 leo,
815 1262 882 1284 non

69 1298 173 1331 etiam
199 1296 318 1337 alteri,
344 1308 444 1341 quem
469 1300 573 1340 pok'tta
597 1297 684 1330 dicit
706 1298 741 1330 in
765 1297 883 1341 proxi-

70 1344 154 1386 mis,
179 1342 408 1388 pluribusque
433 1343 531 1384 aliis,
570 1354 653 1388 quos
691 1343 795 1377 facile
829 1343 881 1376 in-

69 1389 279 1432 telligendos
303 1389 439 1423 silentio
466 1390 603 1423 transit.
653 1389 719 1422 imo
753 1390 793 1434 ἰῇ
828 1395 883 1422 est

70 1437 111 1480 ἰῇ
146 1435 244 1480 ὁδῷ,
280 1447 351 1467 mza
385 1437 461 1476 υἰα,
495 1448 561 1468 uno
595 1436 705 1468 modo.
763 1435 884 1479 dejicit

71 1483 159 1515 hunc
184 1483 302 1515 bovem
328 1481 380 1514 leo
407 1486 442 1515 et
461 1481 554 1522 abit3
579 1481 721 1515 alterius
741 1482 883 1526 primum

71 1528 240 1561 cervicem
271 1527 425 1571 frangit,
455 1528 581 1561 deinde
605 1529 805 1571 sanguinem
831 1528 883 1560 vi·-

69 1585 235 1619 sceraque
253 1573 378 1614 haurit,
404 1580 440 1607 et
464 1575 558 1607 velut
582 1576 699 1607 multis
716 1586 789 1608 eum
809 1586 883 1608 πιο-

69 1621 125 1653 dis
158 1619 346 1653 excruciat.
403 1620 532 1665 ellipsis
567 1621 656 1653 haud
698 1620 883 1654 inusitata:

69 1678 103 1702 v.
129 1666 316 1722 Viger.3‚
345 1668 384 1708 1,
417 1668 450 1701 3.
511 1667 625 1724 plene
646 1666 768 1722 Eurip.
805 1666 884 1702 Hel.

69 1713 169 1748 716.:
199 1706 221 1756 ἦ
244 1710 350 1747 πόλλ’
377 1708 522 1756 α’νήρον
548 1710 582 1755 μ’
610 1710 647 1747 ἐν
674 1711 795 1757 ὀλίγῳ,
816 1714 886 1756 μιᾷ

70 1756 116 1793 θ’
145 1757 233 1803 ὁδῷ.
259 1778 305 1783 --
340 1759 443 1793 Sch..
479 1758 665 1803 ε’γκατα.
696 1760 806 1803 (438,
837 1759 882 1802 ρ’,

71 1805 139 1846 64,
166 1805 234 1840 od.
259 1802 294 1845 ι’,
319 1806 387 1840 293
407 1809 473 1839 etc.
501 1817 532 1838 v.
556 1806 662 1840 Schn.
687 1806 718 1839 h.
747 1785 806 1860 νὲἳ)
827 1805 883 1841 ε’ν-

70 1852 260 1886 τοσθίδια,
281 1870 323 1874 -
351 1851 427 1895 Ap:
453 1850 702 1895 λαφύσσει.
728 1850 882 1895 (9‚64.)

71 1899 146 1932 ταῖν
170 1896 427 1940 πεποιημένων
441 1899 521 1954 (h.
547 1910 576 1932 e.
612 1896 883 1956 6vo'351atonen)

72 1941 95 1999 ᾗ
115 1943 226 1987 λέξις,
253 1948 335 1979 οἱον
357 1956 451 1987 μετα
477 1946 641 1987 σκυλμοῦ
665 1943 794 1980 ἐσθίει.
834 1943 884 1977 sic

72 1991 154 2024 item
188 1990 305 2023 Schol.
342 1992 368 2023 A
404 1995 439 2023 et
472 1976 623 2035 Hesffch.
635 2016 644 2031 ,
678 2003 744 2036 quo
776 1991 885 2023 inter-

72 2041 173 2091 prete
205 2039 368 2071 σκυλλεῖν
403 2037 479 2070 sive
510 2037 676 2072 σκύλλειν
711 2037 886 2081 significat

72 2083 165 2116 inter
190 2083 259 2116 alia
283 2082 325 2117 τὸ
348 2086 426 2123 τοῖς
448 2080 551 2127 ὄνυξι
575 2085 683 2129 σπᾷν.
726 2083 800 2117 scil.
830 2083 884 2116 leo

72 2129 311 2163 dilaniatorum
351 2130 543 2163 animalium
583 2130 709 2175 cupide
750 2129 886 2164 avulsas

73 2186 199 2220 aspera
233 2179 269 2209 et
303 2176 460 2209 aculeata
502 2177 622 2219 lingua
664 2188 728 2210 sua
763 2185 886 2209 carnes

73 2222 201 2263 haurit,
225 2221 424 2265 λαφύσσει,
449 2220 589 2263 λάπτει,
614 2234 687 2257 cum
706 2221 886 2267 sanguine

75 2267 119 2301 de
151 2279 218 2311 quo
255 2269 354 2303 leone
379 2269 521 2302 Aristot.
549 2270 594 2302 Η
623 2271 663 2303 Α.
690 2270 735 2309 8,
760 2270 803 2309 7,
830 2266 885 2302 4.:

74 2313 120 2359 τῇ
153 2312 286 2359 βρωσει
310 2316 443 2372 χρῆται
477 2315 644 2372 λάβρως,
680 2315 743 2350 καὶ
772 2326 886 2348 κατοι-

75 2362 176 2395 πίνει
212 2361 328 2396 πολλοὶ
362 2360 430 2396 ὅλα
466 2361 511 2397 οὐ
548 2364 726 2405 διαιρῶν,
759 2359 818 2396 ἐπὶ
845 2357 885 2395 δὲ

77 2403 216 2451 ἡμέρας
249 2406 319 2443 δύο
358 2405 383 2452 ἢ
415 2413 511 2452 τρεῖς
550 2407 689 2443 οἶσιτεῖ·
725 2406 886 2443 δύναται

75 2453 146 2497 γάρ
172 2451 236 2488 διὰ
256 2453 297 2489 τὸ
318 2451 663 2500 ὑπερπληροῦσθοιι.
694 2475 740 2480 -
773 2455 816 2488 cf.
843 2451 886 2493 6',

75 2500 167 2541 583,
202 2501 256 2542 H,
291 2501 393 2534 Schu.
417 2514 451 2535 v,
476 2501 668 2544 λαφύσσει).
701 2520 746 2527 -·
779 2501 885 2534 Sch.=

75 2544 160 2581 τὸν
185 2543 469 2584 ὀπίστατον.
496 2547 566 2593 (θ’,
578 2546 796 2593 342.)τὸν’
784 2546 887 2592 ε’σχα-

76 2605 154 2627 τον.

128 2651 247 2685 180-
263 2651 341 2686 185.
388 2664 473 2695 περ
489 2652 601 2694 ιπρὸ
627 2652 755 2686 dictum
778 2656 832 2685 est
851 2655 890 2685 ιιι

79 2693 227 2738 ἀποπρὸ
255 2704 303 2731 et
310 2698 495 2743 διαπρὸη
510 2699 629 2741 3,.34,
655 2698 699 2741 δ’,
728 2700 793 2734 138
808 2702 890 2738 etc,

80 2753 144 2776 nec
183 2743 371 2777 tolerabilis
413 2746 577 2779 librorum
612 2746 787 2790 scriptura
827 2742 891 2778 δια

80 2786 166 2830 πρό.
213 2789 342 2823 habent
373 2791 459 2824 haec
487 2793 632 2826 vocabb.
660 2789 890 2836 praepositio-

80 2845 156 2868 num
180 2834 256 2867 sive
279 2835 540 2878 adverbiorum,
575 2850 617 2871 ex
652 2837 779 2882 quibus
803 2848 887 2869 con—

78 2885 192 2921 stant,
215 2880 501 2924 significationem
526 2885 770 2938 conjunctam3
792 2882 889 2915 velut

77 2925 235 2970 περιπρὸ
260 2925 370 2961 θύειν
402 2928 528 2963 dicitur
559 2931 613 2971 is,
648 2929 708 2974 qui
742 2929 887 2962 circum-

76 2972 171 3007 circa
194 2984 362 3016 proruens
396 2974 503 3016 furit3
539 2986 750 3021 consequens
774 2979 886 3009 tamen

76 3023 151 3062 est,
183 3018 275 3064 quod
308 3019 420 3054 habet
445 3020 642 3068 interpres,
675 3033 783 3067 supra
810 3032 886 3056 mo·

930 1204 1023 1238 dum.
1071 1203 1125 1236 E:
1160 1200 1202 1236 τὸ
1237 1199 1278 1237 δε
1307 1199 1419 1244 περὶ
1443 1197 1532 1243 πρὸ
1561 1196 1650 1244 γάρ
1675 1197 1746 1243 ε’γ-

929 1255 1006 1295 χεῖ
1030 1249 1156 1284 θνεν
1182 1245 1266 1284 οἷντὶ
1291 1249 1360 1283 τοῦ
1382 1257 1564 1290 περισσως
1593 1244 1746 1291 προιορ-

929 1310 982 1341 μα
1004 1298 1078 1331 τῶν
1106 1294 1245 1338 ἄλλων,
1270 1295 1322 1340 τῷ
1354 1293 1486 1337 δόρατι
1508 1293 1748 1337 προμαχόμε-

929 1357 1012 1384 νος,
1039 1354 1111 1376 cum
1138 1342 1374 1385 intelligeret,
1407 1340 1473 1374 uisi
1498 1339 1619 1382 fallor,
1653 1342 1747 1383 προ-

929 1391 1035 1442 θῦε,
1060 1389 1150 1432 quod
1176 1399 1242 1420 non
1266 1386 1393 1420 dicitur
1416 1387 1485 1420 isto
1511 1397 1625 1419 sensu.
1677 1387 1747 1420 ite-

930 1448 1002 1470 rum
1028 1435 1062 1467 in
1085 1434 1244 1468 Patroclo
1265 1438 1452 1478 usurpatur
1472 1432 1527 1465 hic
1550 1443 1670 1466 versus
1693 1446 1746 1474 π,

930 1483 1010 1517 699.
1037 1500 1080 1506 -
1106 1478 1745 1532 ὑπὸ-τεῖχος.1ιειιι]ἰιι(]γε.-

929 1530 1047 1568 πιδ.,
1072 1527 1303 1561 scaturientis.
1343 1527 1406 1570 Ap.
1424 1538 1432 1546 ·
1458 1523 1666 1581 καθύγρου,
1686 1538 1746 1560 πι-

931 1573 1139 1634 δαμώδονς.
1182 1571 1359 1614 συνήθως
1379 1571 1419 1607 δὲ
1437 1570 1504 1615 τήν
1518 1568 1621 1617 Ἴδην
1640 1571 1746 1617 λέγει.

930 1622 992 1657 καὶ
1023 1618 1367 1654 πολυπιδάκου
1401 1616 1473 1661 (ν’,
1497 1619 1554 1652 59.
1607 1619 1653 1652 cf.
1679 1586 1744 1662 θ’,

931 1668 995 1708 47,
1021 1665 1075 1710 ψ’,
1103 1667 1211 1710 117.),
1237 1665 1375 1710 πολλὴν
1397 1662 1539 1704 ὕδατος
1556 1661 1746 1711 αναβολὴν

930 1712 1097 1758 ἐχούσης.
1161 1712 1296 1753 „multi
1329 1722 1444 1745 amnes
1479 1721 1522 1744 ex
1555 1711 1638 1744 Idae
1670 1723 1745 1746 cum

930 1760 1075 1799 vertice,
1100 1765 1169 1793 tum
1193 1758 1416 1791 inferioribus
1436 1758 1531 1801 jugis
1555 1757 1745 1802 profluunt,

930 1808 975 1840 de
999 1806 1125 1850 quibus
1150 1805 1304 1838 amnibus
1327 1808 1491 1843 accurate
1515 1805 1601 1847 egit,
1626 1810 1746 1839 aucto-

929 1865 968 1886 re
994 1851 1168 1886 Demetrio
1194 1850 1375 1894 Scepsio?
1386 1850 1607 1894 geographus
1632 1852 1686 1893 13,
1711 1863 1746 1897 p.

931 1900 1018 1939 898,
1046 1899 1124 1932 899.
1161 1898 1206 1930 cf.
1235 1909 1268 1941 p.
1291 1896 1418 1931 87413.
1444 1907 1486 1929 ex
1512 1907 1580 1939 quo
1605 1907 1667 1931 sua
1686 1909 1748 1941 pe-

931 1944 989 1978 tiit
1020 1944 1050 1976 Ε
1078 1955 1157 1976 aun.
1182 1943 1225 1976 ad
1245 1940 1293 1986 μ’,
1310 1945 1350 1978 18
1364 1953 1460 1987 seqq.
1472 1966 1483 1982 ,
1509 1952 1544 1985 p.
1563 1943 1642 1983 889,
1653 1945 1748 1985 890.,

932 1989 1102 2024 nonnullis
1129 1989 1268 2023 aliunde
1285 1988 1424 2022 assutis.
1459 1990 1673 2032 σημείωσοιι,
1694 1989 1750 2022 in-

932 2037 1030 2093 quit,
1066 2033 1116 2075 ὡς
1147 2033 1192 2070 οὗ
1226 2033 1343 2079 μόνον
1378 2035 1591 2078 πολνπιδοιξ
1616 2034 1638 2080 ἡ
1653 2034 1749 2081 Ἴδη,

933 2096 982 2123 ως
1005 2083 1192 2126 πολλαχοῦ
1228 2083 1432 2127 δηλοῦται,
1469 2079 1560 2115 ἄλλοι
1591 2082 1654 2117 καὶ
1680 2096 1751 2119 πο-

932 2127 1146 2172 λυπόταμος
1181 2133 1247 2162 etc.
1305 2129 1491 2182 plerosque
1526 2139 1640 2162 amnes
1671 2129 1751 2163 illos

932 2188 993 2210 nec
1026 2176 1181 2220 vestigia
1211 2175 1338 2209 habere
1373 2174 1422 2207 ait
1456 2173 1547 2207 Plin.
1571 2175 1611 2216 5,
1634 2176 1693 2209 30.
1719 2186 1750 2209 s.

932 2224 988 2258 33
994 2225 1017 2241 ‘⁴
1066 2223 1121 2254 Ex
1158 2222 1292 2265 Heynei
1334 2233 1416 2254 ann.
1447 2221 1497 2254 ad
1532 2219 1581 2263 μ’,
1616 2223 1671 2257 19.
1704 2241 1752 2246 --

933 2265 1177 2321 στεροπὴν
1207 2269 1242 2301 h.
1267 2268 1289 2301 l.
1315 2277 1385 2301 non
1409 2277 1485 2300 esse
1515 2267 1641 2301 fulmen
1667 2269 1752 2302 mis-

931 2327 1026 2356 sum,
1054 2315 1116 2348 sed
1140 2313 1402 2347 instrumentum
1427 2312 1608 2353 mittendi,
1643 2325 1753 2348 anno-

932 2363 1022 2396 tavit
1041 2364 1068 2394 A
1088 2361 1203 2394 Schol.
1224 2359 1268 2401 ν’,
1292 2360 1392 2394 242:
1425 2357 1612 2417 αστεροπῇ
1635 2379 1679 2384 —
1703 2358 1753 2406 ἤν

931 2422 969 2443 τε
985 2409 1155 2464 Κρονίων
1170 2407 1274 2451 Χειρὶ
1292 2404 1417 2462 λαβων
1432 2403 1587 2448 ἐτίναξε.
1610 2405 1642 2439 Ε
1643 2418 1752 2457 quo-

933 2468 1017 2500 que:
1044 2451 1102 2490 ὅτι
1122 2453 1193 2510 τὴν
1215 2451 1430 2497 ἀστραπήν,
1455 2452 1590 2497 iuquit,
1616 2450 1681 2487 οἷοὶ
1713 2467 1751 2488 τι

933 2501 1038 2548 βέλος
1057 2500 1151 2545 ἔχειν
1173 2496 1193 2534 6
1217 2499 1308 2540 Ζευς
1335 2498 1374 2534 ἐν
1395 2498 1494 2543 χερσὶ
1520 2498 1659 2543 λέγεται
1680 2504 1748 2534 etc.

936 2554 992 2582 est
1009 2553 1122 2582 autem
1139 2546 1274 2591 insigne
1292 2547 1389 2579 Jovis
1408 2545 1556 2589 fulmen,
1583 2550 1621 2579 ut
1649 2546 1748 2581 hasta

937 2594 1137 2634 Minervae,
1163 2592 1397 2636 Mercuriique
1424 2570 1612 2625 οειάιιοέιιε·
1637 2603 1749 2649 quare

937 2641 1076 2674 fulmina
1095 2648 1262 2673 vocantur
1283 2639 1378 2672 Jovis
1395 2639 1495 2684 βέλη,
1515 2638 1618 2693 κῆλα,
1634 2637 1749 2683 ε’γχος.

936 2699 970 2721 v.
992 2687 1038 2720 K.
1058 2684 1470 2730 -χρυσόπτερον
1495 2682 1550 2726 θ’,
1574 2686 1654 2719 398.

987 2746 1104 2780 186-
1117 2746 1197 2780 201
1234 2741 1381 2798 βάσκ’
1418 2742 1506 2776 ἰ’.θι
1551 2741 1596 2788 β,
1626 2743 1667 2783 8,
1691 2740 1748 2784 θ’,

936 2793 1004 2827 399
1031 2795 1098 2824 etc.
1122 2810 1167 2815 —-
1190 2788 1289 2825 τόν.
1313 2791 1460 2824 τοῦτον.
1487 2808 1532 2812 -
1557 2788 1749 2825 delevimus

935 2837 1107 2879 virgulam
1151 2841 1243 2892 post
1269 2834 1536 2880 προμάχοισιν,
1576 2834 1749 2879 siquidem

933 2883 1042 2916 verba
1081 2879 1243 2917 θύνοντ’
1286 2887 1322 2917 et
1359 2881 1557 2924 ἐναίροντα
1596 2881 1748 2924 ejusdem

934 2928 1078 2962 actionis
1113 2930 1208 2962 velut
1238 2934 1356 2974 partes
1385 2927 1602 2972 significant,
1636 2927 1748 2961 altero

933 2975 1126 3033 participio
1142 2975 1211 3008 vim
1236 2975 1393 3008 adverbii
1425 2973 1610 3015 induente,
1642 2974 1744 3030 quasi

933 3021 1078 3055 dixisset
1109 3019 1374 3062 ἐνθουσιωδαῖς
1406 3019 1605 3064 ἐναίροντα
1627 3029 1680 3056 στ.
1705 3033 1742 3055 α.
