1811 3269
0 2902 13 2992 ι

731 155 1133 197 ΟΜΗΡΟΥ

267 263 367 308 ἀλλ’
398 264 445 309 ἔκ
473 281 544 308 τοι
574 263 700 319 ἐρέω,
731 264 804 307 καὶ
831 263 899 307 ἐπὶ
928 264 1067 320 μέγαν
1098 265 1236 318 ὅρκον
1265 264 1477 320 ὀμοῦμαι·

265 323 340 365 ναὶ
363 321 429 378 μὰ
458 320 560 365 τόδε
591 321 917 376 σκῆπτρον,τὸ
949 323 1029 377 μὲν
1059 322 1220 365 οὔποτε
1252 321 1399 377 φύλλα
1427 322 1501 365 καὶ
1530 318 1656 373 ὄζους

152 383 236 426 235
267 377 431 450 φύῶξι,
459 377 606 432 ἐπειδὴ
635 381 788 431 πρῶτα
816 378 956 448 τομὴν
986 379 1034 422 ἐν
1063 378 1212 430 ὄρεσσι
1239 378 1458 430 λέλόιπεν,

268 434 370 479 ουδ’
403 434 691 506 ἀναθηλήσει·

734 435 848 503 (περὶ
875 434 960 491 γάρ
1001 434 1067 504 ῥά
1095 435 1115 478 ἑ
1143 436 1302 507 χαλκός
1332 436 1482 485 ἔλεψεν

268 491 416 563 φύλλα
446 508 490 535 τε
519 491 594 535 καὶ
623 490 807 547 φλοιόν·
849 496 934 535 νῦν
965 489 1067 534 αὖτέ
1104 508 1181 547 μιν
1209 489 1301 543 υἷες
1326 490 1511 547 Ἀχαιῶν

266 549 314 593 ἐν
341 547 543 619 παλοᾳφς
573 548 790 602 φορέουσι
831 549 1114 598 δικασπόλοι,
1156 550 1242 591 οἵτε
1271 547 1483 617 θέμιστας

264 621 377 666 προς
404 610 516 656 Διος
544 604 761 658 εἰρύαται·
768 607 780 659 )
813 603 836 648 ὁ
869 605 916 648 δέ
946 622 1014 648 τοι
1043 605 1176 677 μέγας
1208 605 1374 648 ἔσσεται
1404 604 1555 660 ὅρκος·

154 664 236 708 240
269 666 292 718 ἡ
325 660 423 705 ποτ’
452 661 666 719 Ἀχιλλῆος
704 661 826 718 ποθὴ
859 663 992 713 ἵξεται
1021 659 1121 713 υἷας
1145 659 1331 717 Ἀχαιῶν

96 801 144 823 αν
169 786 310 845 ταύτην
334 785 404 830 τὴν
429 783 542 844 υβριν
567 785 741 831 εἰργάσω,
769 799 909 830 φονευ-

95 835 178 874 θεὶς
209 833 246 868 ἐν
290 832 387 879 αὕτη
417 831 492 868 υπὸ
534 846 704 877 παντων,
748 834 907 879 βλαβεὶς,

95 877 298 935 υβρισθείς.
318 900 364 906 --
396 881 505 936 λωβ.
539 892 559 914 a
584 879 701 927 λώβη,
736 881 828 936 quod
854 886 908 913 est

95 926 288 982 interprete
312 927 356 960 E.
396 924 417 970 ἡ
445 928 497 967 εἰς
528 926 569 962 τὸ
604 926 767 972 φανερόν
800 924 908 972 ὕβρις

95 973 181 1014 καὶ,
219 986 270 1014 ως
281 974 423 1033 εἰπεῖν,
448 972 487 1009 ἐν
512 973 609 1017 μέσῳ
634 974 728 1008 λαοῦ
753 974 906 1019 βαίνου-

96 1030 144 1054 σα
164 1019 231 1064 (ι)
261 1019 313 1060 εἴς
336 1020 442 1061 τινα,
467 1020 584 1055 οἱονεὶ
610 1018 727 1066 λαόβη
753 1020 814 1054 καὶ
839 1032 901 1053 κα-

95 1065 142 1100 τοέ
166 1065 295 1109 κρᾶσιν
331 1065 430 1112 λωβη
455 1072 521 1100 etc.
557 1067 602 1100 cf.
626 1067 730 1100 Schn.
755 1072 791 1099 et
815 1066 902 1099 lexi-

96 1113 302 1157 cographos.
321 1111 364 1146 de
385 1124 447 1146 usu
465 1112 612 1158 optativi
628 1113 662 1146 h.
685 1112 708 1147 1.
730 1123 762 1145 v.
777 1112 905 1145 Matth.

95 1160 127 1200 ἓ.
150 1159 228 1193 514.
261 1158 490 1199 „sententiam
514 1162 690 1204 comparat
705 1158 821 1192 Schol.
837 1158 904 1192 So-

96 1204 228 1249 phoclis
253 1216 328 1259 qum
354 1206 449 1248 Ajac
472 1204 687 1240 418—420.
708 1204 788 1237 “H.

140 1251 221 1285 233.
255 1246 309 1294 ὀμ
313 1252 409 1284 ..sut
443 1252 529 1295 Att„
553 1256 593 1285 ut
623 1251 825 1295 μαχοῦμαι.
848 1249 904 1283 W.

141 1295 222 1331 234.
258 1298 522 1340 σκῆπτρον.
561 1297 607 1330 cf.
645 1300 698 1332 15.
734 1308 797 1341 per
829 1307 906 1329 sce-

96 1344 209 1386 pti-um
226 1342 392 1397 jurabant
412 1354 513 1388 reges
535 1342 612 1375 aevi
633 1344 776 1383 heroici,
801 1354 903 1386 prae-

95 1387 213 1421 sertim
254 1400 327 1422 cum
366 1389 425 1432 jus
466 1389 638 1423 dicebant.
698 1388 904 1422 Aristoteles

95 1436 306 1469 Πολιτικῶν
331 1435 365 1469 3.
390 1446 467 1479 cap.
490 1433 566 1469 14.
591 1433 766 1480 τέταρτον
792 1432 831 1468 δὲ
854 1431 904 1468 εἴ·

96 1481 163 1521 δος
188 1482 392 1525 μοναρχίας
415 1481 604 1538 βασιλικῆς
634 1481 673 1516 αὶ
698 1479 792 1516 κατὰ
817 1492 906 1519 τους

96 1523 282 1572 ἡρωικούς
305 1526 464 1583 χρόνους
487 1526 655 1562 ἑκούσιαί
685 1540 723 1563 τε
746 1527 809 1561 καὶ
831 1523 905 1560 ποι-

95 1586 197 1617 τριαι
219 1576 433 1629 γιγνόμεναι
455 1586 550 1608 κατα
584 1572 712 1617 νόμον.
746 1571 810 1608 διὰ
834 1571 905 1616 ’γάρ

96 1620 138 1655 τὸ
173 1620 261 1660 τούς
295 1618 466 1664 πρώτους
500 1618 675 1663 γενέσθαι
711 1620 780 1655 τοῦ
812 1617 906 1663 πλή-

95 1668 193 1707 θους
216 1664 405 1711 ευεργέτας
422 1665 516 1701 κατὰ
541 1665 667 1724 τέχνας
689 1662 712 1710 ἢ
732 1664 905 1709 πόλεμον,

96 1709 120 1757 ἢ
146 1711 211 1748 διοὶ
244 1712 286 1748 τὸ
325 1715 566 1758 συναγαγεῖν,
602 1711 626 1758 ἢ
659 1715 809 1756 πορίσαι
834 1711 906 1756 χώ-

96 1772 188 1804 ραν,
224 1757 411 1804 ἐγίγνοντο
444 1761 605 1805 βασιλεῖς
640 1758 819 1798 εκόντων,
843 1757 907 1792 καὶ

96 1809 188 1862 τοῖς
214 1805 560 1863 παραλαμβάνουσι
581 1804 745 1849 πάτριοι.
785 1803 908 1848 κύριοι

99 1850 140 1887 δὲ
164 1846 259 1897 ἦσαν
291 1866 356 1896 της
391 1865 429 1888 τε
465 1850 560 1888 κατοὶ
591 1851 753 1906 πόλεμον
776 1850 908 1911 :hymo-

97 1900 198 1940 νιας,
222 1899 286 1934 καὶ
311 1900 384 1935 τῶν
416 1900 582 1939 θυσιῶν,
617 1896 700 1934 ὅσαι
735 1898 784 1943 μὴ
811 1899 909 1941 ἱερα-

97 1946 218 1980 τικαί
254 1946 317 1981 καὶ
340 1944 433 1989 πρὸς
466 1944 616 1985 τούτοις
649 1944 716 1985 τὰς
742 1948 848 1986 δίκας
873 1943 908 1979 ἕ-

97 2001 236 2035 κρινον.
276 1993 388 2027 τοῦτο
422 1990 461 2027 δ’
497 1991 650 2027 ἐποίουν
675 1992 709 2027 οὶ
725 1990 809 2048 μὲν
839 2003 908 2026 ουκ

100 2036 320 2084 ὀμνύοντες,
347 2038 384 2073 οἱ
409 2036 451 2074 δ’
474 2036 692 2083 ὀμνύοντες·
716 2035 736 2072 ὁ
763 2042 785 2072 δ
835 2035 909 2079 ὅρ-

98 2097 180 2125 κος
221 2085 278 2128 ἠν
321 2084 408 2119 τοῦ
447 2085 695 2129 σκήπτρου
738 2082 910 2120 ἐπανά-

98 2141 251 2169 τασις.
278 2131 322 2165 cf.
354 2131 469 2164 Feith.
497 2143 530 2176 p.
555 2132 654 2172 164„
841 2131 910 2163 Ge-

99 2177 250 2222 setzgeb.
282 2189 316 2210 ιι.
344 2178 588 2221 Gerichtsverf.
614 2178 676 2211 der
799 2189 831 2221 p.
853 2178 908 2211 16.

99 2235 210 2278 seqq,
235 2222 295 2267 qui
320 2234 395 2257 cum
421 2223 490 2257 alia
520 2223 657 2257 Homeri
683 2224 759 2257 loca
784 2230 909 2268 protu-

100 2269 163 2310 lit,
187 2274 259 2302 tum
283 2270 396 2310 hunc,
422 2281 443 2303 a
467 2270 649 2327 Kt'ippenio
686 2269 821 2314 quidem
847 2280 911 2313 pe-

100 2315 219 2355 titum,
244 2312 289 2369 κ’,
314 2316 417 2350 321.ε
456 2313 541 2350 αλλ’
567 2314 631 2360 ἄγε
663 2328 728 2359 μοι
752 2315 796 2349 τὸ
823 2316 909 2358 σκῆ-

99 2373 215 2404 πτρον
249 2356 428 2405 ανάσχεο,
473 2362 537 2396 καί
567 2374 631 2404 μοι
667 2361 837 2401 ὄμοσσον.
863 2379 909 2385 -

101 2407 206 2441 multa
229 2407 339 2440 verba
360 2407 448 2441 facit
470 2407 514 2441 de
538 2413 675 2453 sceptro
694 2408 824 2453 pridem
848 2407 912 2440 ab-

101 2453 208 2487 scisso
233 2452 267 2486 in
293 2464 450 2494 nemore,
483 2458 518 2487 et
542 2455 632 2498 quod
659 2465 828 2499 nunquam
855 2464 912 2487 re-

103 2495 343 2543 pullulaturum
376 2499 445 2540 sit,
479 2510 588 2544 neque
621 2500 705 2534 folia
739 2506 775 2533 et
799 2509 912 2533 ramos

102 2544 323 2586 emissurum,
349 2545 507 2589 quoniam
533 2545 717 2579 similitudo
742 2545 912 2590 quaedam

102 2591 176 2635 ejus
209 2591 338 2634 sceptri
371 2597 426 2625 est
459 2602 533 2624 cum
566 2603 627 2632 re,
662 2603 750 2636 quae
783 2592 911 2635 agitur,

101 2642 207 2681 rupto
230 2636 365 2670 vinculo
388 2637 594 2671 concordiae
618 2649 659 2671 ac
684 2635 980 2692 necessitudi-4‘i

102 2682 176 2723 nis,
213 2692 302 2727 quae
326 2682 394 2728 ipsi
426 2694 503 2717 cum
528 2685 780 2729 Agamemnone
803 2684 913 2717 inter-

103 2727 229 2809 “eg-⁹332.
254 2771 374 2829 ‘toph-⁷5
389 2786 420 2808 ν.
450 2773 519 2818 τὴν
538 2775 678 2820 τμῆσιν.
712 2771 732 2809 o'
750 2772 825 2809 ἐστι
844 2773 912 2818 τὴν

103 2818 209 2862 ῥίζαν
229 2816 350 2854 αὐτοῦ
371 2818 428 2863 (τὸ
449 2821 623 2865 στέλεχος,
648 2826 816 2878 tn'mcum.
834 2820 879 2853 K.
886 2824 912 2863 )‚

103 2864 294 2923 τμηθέντα
324 2864 411 2910 (ἱιιιο
430 2868 654 2912 τμηθεῖσαν)
684 2865 724 2902 ἐν
744 2869 796 2913 τῷ
819 2864 911 2912 ὄρει,

106 2911 308 2954 κατέλειψε.
332 2912 419 2946 Sch.

149 2959 228 2994 236.
254 2957 281 3000 ἑ,
306 2948 415 2992 αὖτέ.
448 2958 531 2992 alibi
563 2955 681 2994 αὐτὰν
710 2955 768 2992 ve}
794 2955 914 3003 αὐτὴν

105 2983 281 3048 significat'
297 3029 305 3045 ‚
345 3003 726 3057 frequentissimumque
759 3011 814 3039 est
855 3015 913 3049 ap.

1672 739 1683 760 't

956 788 1056 821 Hom.
1084 791 1228 843 propter
1255 798 1350 821 usum
1375 785 1522 819 facilem.
1547 785 1593 819 cf.
1609 787 1687 821 237.
1711 804 1757 811 -

954 833 1139 888 χαλκός.
1176 834 1338 889 imperite
1366 833 1468 867 Sch.·
1495 832 1669 874 σίδηρος,
1694 831 1759 865 etsi

952 878 1107 925 χαλκεὺς
1137 879 1265 913 dicitur
1301 877 1320 913 ὃ
1354 877 1523 923 σιδηρεύς
1546 889 1611 923 per
1632 889 1759 921 synec-

954 928 1098 961 dochen.
1147 932 1242 959 recte
1276 925 1363 959 enim
1389 925 1507 959 Cam.
1542 924 1760 965 aeramentis,

951 973 1084 1018 inquit,
1135 971 1381 1017 antiquissimi,
1423 982 1490 1004 nm
1530 970 1761 1011 ferramentis,

950 1021 1148 1053 utebantur.
1183 1019 1228 1052 cf.
1255 1018 1359 1051 Schn
1388 1018 1420 1053 ιι.
1448 1029 1480 1050 v.
1494 1016 1649 1057 ‚Feitlm
1677 1018 1758 1049 Ant.

952 1066 1051 1099 Hom.
1085 1077 1114 1098 c.
1138 1068 1212 1105 10.,
1236 1064 1446 1108 wesseling.
1475 1063 1517 1097 ad
1548 1062 1650 1096 Diod.
1675 1063 1758 1103 381,

954 1113 1030 1154 13.
1058 1117 1094 1145 et
1116 1109 1269 1156 inprimis
1286 1111 1412 1155 Kbpke
1432 1111 1517 1143 iiber
1533 1109 1597 1142 das
1614 1109 1760 1152 Kriegs-

951 1169 1064 1191 wesen
1081 1158 1142 1191 der
1166 1158 1226 1190 Gr.
1252 1168 1284 1201 p.
1302 1158 1359 1191 55.
1378 1167 1475 1201 seqq.
1500 1173 1546 1180 —
1575 1154 1758 1199 ἔλεψεν.

952 1203 1121 1240 ἐλέπισεν.
1146 1206 1334 1246 περιεῖλεν.
1370 1205 1435 1246 Ap.

998 1263 1077 1297 237.
1103 1261 1183 1304 μὶν
1207 1262 1240 1293 ιἰι
1261 1261 1370 1293 tribus
1399 1259 1585 1303 generibus
1612 1269 1757 1303 usurpa—

953 1314 1030 1346 tur,
1071 1313 1109 1340 ut
1132 1309 1198 1362 Ap.
1237 1306 1392 1345 notavit,
1432 1305 1548 1338 citatis
1589 1305 1630 1346 ζ,
1664 1306 1757 1345 417.,

950 1353 1081 1409 Odys&
1107 1351 1153 1397 η’,
1178 1353 1234 1387 67.
1260 1357 1295 1385 et
1319 1352 1351 1384 h
1383 1350 1405 1384 1.
1429 1350 1479 1384 sic
1507 1350 1610 1384 etiam
1640 1350 1698 1384 νιν
1723 1353 1760 1384 et

952 1397 980 1434 ἓ.
1025 1399 1095 1442 jam
1126 1403 1240 1432 autem
1266 1396 1414 1431 Achilles
1444 1407 1511 1430 non
1537 1395 1581 1430 de
1600 1407 1661 1430 suo
1681 1408 1757 1430 sce-

950 1449 1030 1490 ptro
1049 1445 1218 1490 loquitur,
1246 1443 1336 1488 quod
1353 1454 1452 1476 manu
1474 1446 1590 1484 tenet,
1614 1442 1675 1476 sed
1696 1453 1759 1486 ge-

952 1491 1095 1524 neratim
1125 1492 1170 1524 de
1196 1489 1343 1534 sceptris
1367 1489 1541 1544 judicum,
1585 1488 1758 1533 accipien-

951 1537 1100 1581 dumque
1121 1541 1174 1570 est
1197 1536 1266 1570 νῦν
1283 1546 1347 1580 pro
1367 1532 1473 1577 τότε,
1503 1533 1581 1569 ἐπεὶ
1602 1533 1759 1577 ἐξελεπί-

953 1585 1048 1626 σθη,
1083 1582 1363 1626 quemadmodum
1386 1584 1476 1613 nmic
1507 1591 1568 1624 pro
1597 1586 1678 1614 inne
1704 1580 1759 1614 di-

953 1630 1042 1662 citur
1071 1639 1308 1673 nonnunquam
1347 1638 1403 1670 ap.
1435 1627 1576 1660 Latinos
1610 1627 1645 1660 in
1678 1637 1760 1660 ora-

952 1675 1045 1709 tione
1069 1674 1258 1708 vividiore:
1293 1685 1324 1706 v.
1353 1672 1456 1706 Ovid.
1486 1673 1573 1707 Met.
1601 1676 1634 1715 6,
1656 1675 1759 1708 666·
1747 1697 1758 1714 ,

953 1724 986 1762 9,
1009 1719 1090 1755 754.
1120 1726 1155 1754 et
1181 1731 1265 1764 quos
1293 1723 1474 1765 praeterea
1501 1718 1595 1753 locos
1615 1729 1762 1753 comme-—

953 1766 1156 1825 moyravimus
1203 1777 1282 1799 ann.
1321 1766 1364 1798 ad
1396 1765 1565 1798 Octavam
1601 1767 1681 1800 505.
1714 1783 1762 1790 —

955 1810 1082 1848 αὖτε.
1106 1811 1229 1847 πάλιν.
1255 1812 1337 1845 Sch.
1361 1816 1493 1855 postea.

999 1871 1081 1904 238.
1106 1883 1208 1913 φορ.
1236 1866 1318 1902 ἀντὶ
1340 1867 1409 1903 τοῦ
1435 1866 1602 1913 φέρουσι.
1633 1887 1670 1892 -—
1697 1867 1761 1902 καὶ

955 1916 1028 1952 ἔστι
1057 1915 1156 1951 πάνυ
1185 1914 1352 1959 συνηθης
1381 1911 1403 1958 ἡ
1428 1914 1520 1957 λέξις
1546 1927 1651 1958 παρα
1681 1917 1764 1956 τοῖς

953 1966 1138 2007 ποιηταῖς.
1160 1962 1277 1996 ExE.
1327 1961 1433 1994 idem:
1469 1960 1761 1997 δικασπόλοι

954 2010 1120 2065 λέγονται
1151 2023 1185 2044 οι
1211 2007 1294 2051 περὶ
1322 2009 1429 2047 δίκας
1452 2008 1673 2049 πολοῦντες,
1709 2004 1761 2048 ὦς

956 2054 1175 2091 οἰωνοπόλοι
1222 2054 1285 2089 καὶ
1327 2051 1559 2098 ὀνειροπόλοι
1600 2054 1636 2089 οἱ
1678 2053 1763 2096 περὶ

956 2100 1119 2143 οἰωνοὺς
1153 2102 1214 2135 καὶ
1250 2098 1431 2142 δι”.ειρους
1481 2100 1583 2135 οἵτε
1616 2119 1662 2125 -
1699 2101 1762 2136 εἰ-

957 2147 1145 2192 ρύαται.
1172 2147 1209 2183 οἱ
1227 2147 1405 2190 θέμιστας
1432 2145 1523 2191 πρὸς
1541 2145 1634 2186 Διὸς
1657 2146 1709 2190 (ιι.
1729 2158 1760 2183 e.

955 2194 1056 2249 παροὶ
1077 2194 1188 2236 Διὸς,
1221 2195 1263 2227 ab
1287 2194 1370 2226 Jove
1394 2197 1571 2236 acceptum
1593 2193 1674 2236 jus,
1700 2203 1762 2226 seu

956 2241 1070 2295 potius
1106 2241 1315 2274 auctoritate
1347 2240 1451 2272 Jovis.
1489 2250 1522 2273 v.
1551 2240 1596 2272 W
1628 2243 1663 2272 et
1692 2237 1760 2282 U.)

956 2286 1199 2331 φυλάσσουσι.
1224 2305 1267 2310 --
1293 2284 1335 2320 τὸ
1371 2283 1409 2319 δὲ
1435 2285 1614 2329 θέμιστας
1635 2289 1762 2339 Δωρι-

954 2332 1031 2369 κόν.
1076 2332 1125 2374 ὥς
1155 2346 1224 2377 ,αρ
1264 2331 1370 2376 χάρις
1411 2330 1563 2374 χάριδος
1599 2329 1763 2390 χάριτος,

956 2393 1056 2416 ουτω
1079 2379 1187 2422 θέμις
1206 2378 1363 2437 θέμιδος
1379 2378 1441 2412 καὶ
1461 2378 1635 2422 θεμιτος,
1657 2376 1694 2420 εξ
1716 2391 1761 2413 ου

955 2426 998 2462 τὸ
1031 2425 1190 2470 θεμιτὸν
1213 2427 1273 2459 καὶ
1306 2423 1509 2464 ἀθέμιτον,
1532 2425 1765 2483 πλεονασμῷ

958 2472 997 2509 δε
1018 2475 1087 2508 τοῦ
1110 2485 1129 2508 σ
1150 2471 1345 2515 θέμισιος,
1371 2469 1463 2506 ὅθεν
1481 2485 1544 2506 και
1568 2461 1764 2514 Θεμίστιιίς

957 2532 1108 2563 κυριον,
1133 2533 1195 2553 και
1218 2517 1418 2560 αθεμίστια
1442 2516 1480 2551 ἐν
1501 2517 1694 2552 ΗΟδυσσεια
1716 2516 1763 2553 τοι

959 2565 1083 2602 αδικα.
1108 2565 1172 2609 (cf.
1192 2565 1318 2598 Matth.
1345 2566 1378 2606 §-
1403 2565 1461 2599 71.
1485 2575 1562 2599 ann.
1581 2564 1645 2607 1..)

1004 2633 1083 2670 240.
1104 2632 1282 2677 Ἀχιλλῆος
1312 2643 1344 2676 p.
1365 2631 1458 2674 ἐμου
1478 2631 1604 2664 dictum
1630 2635 1684 2664 est
1701 2629 1770 2675 Za-

960 2681 1135 2723 φατικώς.
1184 2678 1235 2712 sic
1264 2678 1371 2713 Nisus
1403 2689 1459 2722 ap.
1489 2677 1586 2721 Virg.
1615 2678 1702 2711 Aen.
1729 2678 1766 2718 5.

959 2727 1062 2763 354.·
1086 2739 1177 2771 quae
1192 2736 1337 2758 munera
1357 2724 1469 2757 Niso
1498 2724 1621 2767 Digna
1639 2722 1766 2756 dabis?

1809 2503 1811 2616 ξ

960 2774 1006 2807 cf.
1033 2773 1110 2806 Liv.
1131 2776 1162 2813 1,
1192 2773 1247 2805 20.
1278 2777 1313 2804 et
1332 2781 1407 2803 ann.
1437 2769 1480 2803 ad
1501 2769 1606 2813 Soph.
1631 2769 1764 2803 Trach.
1808 2781 1811 2795 ¹

961 2820 1037 2865 153.
1072 2837 1116 2843 -—
1160 2816 1305 2857 πόθος,
1346 2814 1499 2874 ποθὴ,
1532 2820 1569 2848 ut
1602 2814 1765 2859 στρόφος

958 2862 1114 2909 στροφὴ,
1136 2863 1250 2906 νόμος
1268 2862 1385 2906 νομὴ,
1409 2859 1497 2906 ῥόος
1517 2859 1608 2919 ῥοὴ,
1630 2861 1767 2902 πλόκος
1806 2882 1808 2896 ι

957 2911 1097 2964 πλοκὴ·
1123 2923 1156 2945 v.
1178 2910 1218 2944 E.
1244 2929 1292 2935 -—
1315 2910 1401 2942 haec
1429 2913 1483 2941 est
1511 2907 1572 2941 illa
1584 2905 1619 2943 Ἀ
1621 2907 1770 2952 χιλλέωο
1804 2897 1808 2923 ²

959 2956 1076 3001 εὐχὴ,
1116 2957 1172 2990 cui
1215 2954 1333 2989 similis
1367 2952 1518 2999 precatio
1551 2954 1691 2988 Gann'lli
1727 2954 1769 2988 iit
1802 2958 1806 2999 ξ

961 3004 1102 3038 exilium
1128 3002 1281 3042 euntis...
1290 3006 1329 3035 ut
1348 3011 1426 3034 mox
1445 3000 1538 3033 cives
1559 3000 1771 3034 desiderium.
1803 3001 1806 3034 ἓ

1540 3050 1559 3079 ,,’
1590 3058 1642 3078 Λα·
