1811 3269
611 153 1042 196 ΙΛΙΑΛΟΣ
1096 157 1150 197 A.

1654 156 1708 196 41

105 268 187 312 150
215 267 308 316 πῶς
334 265 399 316 τίς
427 280 494 308 τοι
521 263 742 319 πρόφρων
771 262 917 308 ἔπεσιν
945 266 1154 335 πείθηται
1173 262 1372 320 Ἀχαιῶν,

213 321 243 377 ἢ
274 320 382 365 666v
410 320 661 390 ἐλθέμεναι,
691 339 719 376 η
752 319 968 376 ἀνδράσιν
998 327 1067 377 ἰφι
1095 321 1335 390 μάχεσθαι,

216 375 272 422 ου’
298 378 383 433 γάρ
414 378 498 434 ἐγώ
534 376 701 448 Τρώων
731 377 844 421 ἕνεκ’
875 377 1048 432 ἤλυθον
1078 377 1329 435 αἰχμητάων

217 436 347 488 δεῦρο
364 433 716 506 μαχησόμενος,
731 434 820 478 ἐπεὶ
850 435 947 478 οὔτι
978 452 1053 490 μοι
1084 437 1218 479 αἴτιοί
1247 437 1358 478 εἰσιν

215 489 292 561 (οὐ
322 490 406 547 γὰρ
437 491 607 536 πώποτ’
640 491 745 546 ἐμὰς
779 495 888 547 βοῦς
916 491 1108 547 ἤλασαν,
1142 491 1247 536 οὐδὲ
1278 493 1358 548 μὲν
1387 491 1561 542 ι’ππους,

99 550 183 626 355
213 547 318 592 οὐδέ
349 548 454 592 ποτ’
484 549 532 593 ἐν
566 551 686 606 Φθίῃ
717 548 977 604 ἐριβώλακι,
1008 552 1284 606 βωτιανείρῃ,

45 650 145 709 μένρ
117 614 337 696 ,ἄλῃ
332 650 395 687 οἷά
438 666 472 687 τι
516 649 631 688 gnam
674 665 769 687 κατα
812 650 855 686 τὸ

49 695 172 734 όπλα
214 697 424 742 ειμένοι,
468 700 527 735 καὶ
570 698 858 741 ἐπιειμένος

49 743 210 800 ἀλκήν.
237 744 308 789 (η’,
336 745 412 781 164.
442 746 719 790 quemadmodum
745 745 779 778 in
806 745 857 778 bi-

48 790 127 825 bliis
149 791 286 834 justitia
311 797 453 825 vocatur
478 792 584 825 vestis
609 792 675 825 dei.
692 791 767 835 W.)
793 804 858 825 κα-

49 840 106 872 λεῖ
138 837 178 872 δὲ
212 835 328 872 αὐτὸν
359 838 420 873 καὶ
445 837 859 881 κερδαλεόφρονα,

53 881 174 927 ω’σπερ
198 885 256 918 καὶ
285 883 440 928 φθασας
465 883 859 927 φιλοκτεανώτα-

51 943 133 965 τον
165 930 328 973 ἔσκωψεν
363 929 482 965 αυτόν
515 931 645 975 (122)
673 950 718 955 -
743 932 861 986 δῆλον

52 975 94 1012 δὲ
120 990 169 1018 ως
193 975 476 1021 κερδαλεόφρων
510 978 584 1012 ἐστὶ
610 978 669 1012 καὶ
693 975 711 1011 6
738 991 861 1012 υπου-

51 1026 114 1064 λος
150 1025 257 1068 ὸίκην
288 1026 461 1067 κερὸοὐς,
497 1022 516 1059 ὅ
550 1023 648 1058 ἐστιν
673 1022 862 1064 ἀλώπεκος

29 1072 119 1113 ’τῆς
145 1072 272 1109 ὁολιάς
305 1071 481 1115 (κερδαλῆ
505 1071 640 1115 vulpem
664 1076 769 1104 vocat
796 1074 860 1104 Ar-

55 1117 231 1151 chilochus
263 1117 385 1172 fragm
423 1130 478 1162 ap.
520 1118 700 1151 Gaissord.
733 1119 799 1158 39,
827 1119 860 1153 5

54 1164 100 1197 W
122 1168 157 1197 et
177 1163 218 1196 U.
224 1158 273 1207 )
261 1176 281 1207 η
307 1162 326 1199 6
351 1161 397 1197 τὰ
421 1161 517 1205 πρὸς
541 1163 672 1207 κέρδος
695 1159 778 1207 η’τοι
801 1163 864 1198 66—

53 1211 119 1244 λον
145 1212 310 1264 φρονῶν.
336 1211 437 1244 Sch.:
458 1212 582 1253 κερδ.
609 1211 797 1254 πανοῦργε
821 1207 864 1245 τὸ

56 1254 240 1311 φρόνημα,
266 1253 289 1300 ἣ
314 1257 507 1315 περικερδῆ
531 1257 662 1301 (malim
687 1270 769 1298 περι
787 1257 865 1300 κέρ-

56 1304 134 1347 δη.)
148 1303 214 1337 τόν
229 1304 321 1339 νοῦν
345 1304 451 1349 ε’χων,
473 1302 639 1339 τουτέστι
659 1306 868 1347 κερὸαίνειν

57 1350 221 1394 φρονῶν.

107 1397 184 1431 150.
211 1408 283 1429 τοι
310 1416 357 1422 -
383 1395 551 1432 ε’πεσιν
585 1408 619 1440 p
647 1398 725 1437 σοῖς
751 1394 808 1431 ἕπ.
826 1414 867 1420 —

58 1442 302 1485 πρόφρων.
334 1441 553 1486 noo‘flt'sstcog
580 1443 658 1475 sch.

108 1486 325 1524 1511311611
349 1490 622 1534 interpretantur
641 1486 770 1532 λόχον,
796 1485 869 1522 ἐνέ-

59 1536 128 1575 δρ(
121 1548 165 1577 ν,
192 1546 258 1578 quo
283 1535 417 1579 quidem
443 1546 541 1568 sensu
567 1535 694 1578 legitur
719 1546 785 1567 vox
812 1544 868 1576 ap.

59 1581 245 1614 Pindarum
280 1581 335 1615 Ol.
360 1586 423 1622 11,
449 1583 505 1616 31.
544 1580 597 1614 ed.
631 1582 699 1614 'lh.
734 1586 769 1613 et
798 1579 869 1612 De-

60 1628 183 1661 mosth.
208 1638 256 1660 or.
270 1640 301 1661 c.
321 1627 487 1662 Aristocr.
513 1639 545 1680 p.
557 1627 636 1661 637.
659 1626 714 1660 ed.
727 1626 869 1665 Reisk.,·

60 1685 176 1707 verum
211 1674 246 1707 h.
271 1673 292 1706 l.
318 1673 352 1706 id
380 1686 446 1707 non
471 1675 608 1717 agitur,
641 1673 702 1706 sed
728 1672 869 1716 legatio,

59 1720 253 1775 πρεσβεία,
286 1731 385 1763 quam
411 1719 556 1763 intelligi
581 1731 681 1763 posse
704 1720 740 1752 in
765 1730 871 1752 voca-

60 1766 139 1800 bulo
164 1762 253 1805 ὁδὸς
276 1766 364 1800 vidit
386 1767 424 1799 Ε.
462 1779 502 1800 83
523 1767 572 1811 τῷ
593 1772 652 1811 ι’φι
669 1765 870 1809 μαχεσθαι,

61 1813 96 1847 11.
116 1824 146 1846 e.
172 1813 315 1846 bellicae
334 1812 559 1857 expeditioni,
586 1813 784 1858 opponitur,
809 1823 871 1845 118-

61 1866 191 1903 gatque
215 1859 318 1898 111588Α
332 1860 447 1893 verbis
477 1859 625 1893 Achilles
648 1872 684 1892 se
709 1859 872 1902 deinceps

63 1905 121 1938 vel
158 1905 323 1939 oratione*
351 1906 406 1939 vel
440 1918 540 1939 manu
577 1906 769 1949 adjuturum
796 1916 872 1937 esse

65 1962 126 1994 reg,
117 1950 194 1984 13111
239 1951 431 1985 avaritiam.
487 1952 537 1985 sic
579 1952 725 1985 inlerius
770 1953 872 1986 503.:

70 1998 142 2031 Ζεῦ
166 1995 303 2052 πάτερ,
343 1998 380 2031 εἴ
398 2011 488 2033 ποτε
516 1997 567 2056 67]
593 2010 630 2033 σε
663 1994 742 2054 μετ’
771 1995 868 2031 οἷθα

65 2043 234 2078 νοὶτοισιν
267 2042 384 2087 ὄνησα
417 2040 472 2078 H
512 2043 648 2080 ἔπει.
697 2041 719 2089 ἢ
757 2043 872 2086 ἔργῳ

65 2096 133 2124 etc.
157 2090 312 2123 suboluit
336 2091 400 2123 hoc
422 2091 522 2124 etiam
545 2091 704 2124 Clarkeo.
732 2091 875 2123 Vossius

66 2136 116 2170 sic
140 2137 268 2170 vertit:
305 2138 403 2170 einen
426 2149 530 2183 gang
560 2139 615 2171 dir
643 2150 686 2170 zu
705 2137 811 2181 gchn.
829 2154 875 2161 —-

67 2181 166 2217 ἐλθ.
191 2195 223 2216 v.
259 2194 334 2216 ann.
365 2183 406 2216 ad
444 2185 521 2218 170.
545 2203 592 2209 -—
618 2182 874 2226 ἆνὸρασιν.

66 2229 141 2263 dat.
167 2230 326 2274 componi
359 2230 478 2263 solitus
502 2230 616 2264 verbis
642 2229 803 2264 bellandi.
829 2229 874 2262 cf.

66 2277 146 2316 277,
171 2275 240 2309 'lh.
293 2276 403 2311 .39.4
432 2278 477 2309 W
504 2282 538 2310 et
562 2278 607 2311 U.

116 2323 194 2357 152.
220 2323 358 2366 αἰχμ,
394 2323 561 2364 militum,
600 2319 674 2358 οἷπὸ
709 2318 790 2362 ἓνὸς
813 2319 874 2365 μέ-

68 2381 158 2413 ρους
182 2369 255 2402 τῶν
282 2367 426 2411 ὅπλων,
450 2366 536 2413 ἤτοι
562 2383 626 2413 της
652 2369 797 2423 αἰχμῇς,
823 2369 875 2402 111-

69 2415 145 2468 quit
175 2415 229 2456 Ε,
262 2415 457 2460 similiaque
490 2417 624 2461 profert,
657 2415 792 2449 nomina
816 2413 876 2449 εὖ·

69 2460 266 2505 κνήμιδες,
301 2463 515 2505 θωρηκταὶ,
544 2462 768 2498 οἶοπιδιωτοιι
803 2462 878 2496 sive

69 2506 266 2551 ἀσπισταὶ,
298 2509 525 2552 κορυθάικες
564 2509 636 2544 sive
673 2511 879 2566 κορυθαιο-

70 2557 148 2596 λοι,
173 2555 368 2598 κορυσται,
401 2555 708 2598 ,,προστεθέντων
744 2553 783 2590 δὲ
816 2553 880 2589 καὶ

70 2603 145 2680 viiiv
170 2601 294 2636 ἵππων
318 2601 608 2646 ιπποκορυσταὶ,
610 2606 633 2622 “
658 2603 879 2646 δορίκλυτοι.

71 2659 90 2681 ο
141 2649 220 2682 290.

119 2695 198 2729 153,
236 2706 343 2738 μοιχ.
365 2719 375 2737 ,
409 2706 429 2728 3
452 2692 650 2751 μαχέομαι.
674 2693 759 2727 dicit
779 2694 880 2728 Hom.

73 2738 177 2774 etiam
207 2740 436 2795 μαχέσσομαι
466 2738 499 2785 γ’
511 2767 521 2783 ,
553 2744 634 2777 290.
660 2746 695 2774 et
727 2754 749 2774 ν
777 2765 786 2783 ,
822 2742 880 2775 26.

73 2784 140 2818 hab
119 2786 179 2820 bet
218 2788 332 2832 ipsum
365 2791 559 2831 μαχεῖται,
601 2786 777 2843 proprium
802 2792 882 2831 post

74 2831 278 2868 Atticorum
321 2834 366 2867 cf.
402 2836 481 2869 298.
514 2854 560 2862 -ν-
601 2837 786 2874 αιτιοι,
825 2834 882 2866 in-

75 2879 230 2913 cusandi.
273 2878 330 2915 ὅτι
363 2881 483 2922 αἴτιος
520 2878 612 2923 παρ’
642 2878 801 2925 “Ομήρῳ
827 2877 883 2914 λε’-

74 2936 175 2968 γεται
200 2922 219 2959 ὃ
246 2927 432 2968 alna-telos
464 2927 527 2963 καὶ
559 2922 634 2963 ὑπὸ
659 2927 800 2971 μέμψιν
819 2925 883 2961 καὶ

75 2971 241 3006 αἰτίασιν
275 2973 441 3014 κείμενος
456 2998 466 3016 ,
490 2973 552 3009 καὶ
577 2970 770 3013 οἷπολύτως
794 2975 882 3017 λαμ-

73 3017 245 3064 βάνεται,
293 3017 374 3057 οἷον
406 3019 513 3058 οὔτι
545 3032 583 3065 μ.
617 3033 654 3056 α.
686 3020 813 3057 εἰσιν
847 3017 884 3056 οἱ

909 653 1053 696 Τρωες
1079 652 1142 688 καὶ
1169 651 1281 688 οὔτι
1314 665 1396 696 μοι
1426 648 1562 693 αἰτίη
1597 646 1712 688 ε’σσὶ,

903 702 1030 757 θεο,ι’
1050 698 1104 734 νύ
1137 714 1210 735 τοι
1245 700 1397 733 αἰτιοί
1434 696 1571 732 εἰσιν.
1606 694 1642 729 οὶ
1673 693 1714 730 δὲ

903 743 994 791 μεθ’
1019 744 1195 790 Όμηρον
1223 744 1340 785 ἄλλως
1363 744 1524 798 χρῶνται
1544 741 1588 788 τῇ
1613 740 1715 784 λέξει.

906 793 998 835 (5ο11.
1031 793 1150 826 addito
1185 792 1341 836 genitivo
1373 790 1443 832 rei,
1469 789 1565 834 cujus
1590 787 1719 821 dicitur

906 841 1005 883 culpa
1030 839 1104 873 sive
1129 839 1280 880 auctor.)
1307 838 1348 870 Ε.

956 884 1032 920 154.
1058 897 1185 919 causae
1210 892 1278 918 tum
1297 884 1479 924 bellorum,
1504 881 1661 926 rapinae.
1672 899 1718 905 —

907 930 1024 974 ἐμὰς
1048 933 1186 977 βοῦς,
1221 943 1288 964 11011
1321 928 1453 974 ἐμούς,
1493 928 1719 972 similiterque

909 984 944 1012 et
980 978 1081 1011 Iones
1114 983 1150 1012 et
1180 978 1309 1018 Attici,
1343 978 1385 1010 de
1417 975 1541 1021 quibus
1567 974 1599 1007 Ε
1625 973 1719 1010 dicit.

909 1031 945 1059 et
969 1024 1003 1057 in
1028 1025 1223 1058 universum
1249 1023 1402 1064 Graeci,
1428 1033 1502 1055 cum
1527 1020 1720 1077 generatim

907 1071 1108 1115 loquuntur,
1135 1070 1414 1128 quemadmodum
1440 1075 1475 1101 et
1499 1069 1566 1107 τοὶς
1589 1064 1647 1106 ὄις
1667 1066 1721 1098 (11-

910 1126 1010 1158 cunt,
1045 1116 1112 1158 τὰς
1144 1117 1306 1157 ἵππους.
1333 1113 1398 1156 ·ι-ἁς
1433 1112 1630 1170 ἡμιόνους,
1656 1125 1722 1153 τας

910 1164 1039 1204 κύιας.
1063 1182 1110 1189 —-
1144 1162 1259 1198 οὐδὲ
1292 1175 1379 1206 μεν
1412 1174 1475 1207 pro
1514 1158 1603 1196 ουὸὲ
1635 1157 1720 1204 μὴν,

911 1211 1027 1244 10111(8
1050 1215 1086 1244 et
1110 1210 1233 1254 prisce.
1260 1212 1305 1243 cf.
1329 1211 1386 1244 77.

961 1259 1040 1292 155.
1069 1260 1207 1314 Φθίῃ.
1242 1257 1386 1290 Achillis
1411 1259 1448 1288 et
1471 1254 1530 1299 My
1527 1253 1721 1287 rmidonum

915 1304 1048 1348 patria,
1069 1300 1201 1344 Ελλεὶς
1226 1315 1364 1347 quoque
1388 1298 1622 1345 (11813ιν.β’,
1641 1300 1723 1335 683.

916 1357 982 1383 etc.
1008 1349 1139 1382 ibiH.:
1165 1351 1462 1389 ‚‚C‚ommentatur
1466 1350 1489 1365 “
1512 1347 1634 1391 inquit,
1661 1347 1725 1387 „in

916 1396 946 1429 h
968 1396 990 1428 l.
1009 1396 1136 1429 Strabo
1161 1377 1194 1431 9.
1219 1408 1252 1440 p
1279 1393 1357 1431 658.
1375 1405 1469 1438 sequ.
1496 1394 1660 1427 observat
1682 1392 1725 1434 is,

916 1442 1134 1476 Thessaliam
1168 1454 1221 1486 ap.
1256 1443 1357 1475 Hom.
1390 1440 1424 1473 111
1459 1440 1492 1474 X
1524 1445 1640 1484 paites
1664 1450 1725 1473 seu

916 1488 1096 1532 dynastias
1137 1500 1213 1522 8558
1257 1488 1410 1521 divisam.
1452 1486 1526 1519 scil.
1559 1487 1579 1520 9
1621 1485 1727 1529 duces

917 1534 1080 1578 deinceps
1123 1540 1383 1574 memorantur,
1428 1533 1552 1566 omissa
1595 1525 1726 1567 decima

916 1585 1026 1613 turma
1064 1579 1255 1623 Dolopum,
1290 1580 1378 1613 duce
1402 1580 1599 1622 Phoenice,
1626 1589 1727 1623 quam

916 1631 1028 1659 tamen
1050 1626 1117 1659 alio
1154 1626 1230 1660 loco
1264 1627 1414 1659 nominat
1448 1623 1483 1665 ι’,
1506 1624 1585 1660 480.
1623 1624 1728 1670 pleri-

918 1684 985 1717 que
1025 1673 1058 1705 hi
1094 1673 1198 1705 duces
1243 1673 1407 1706 Aeolicae
1451 1671 1570 1715 stirpis
1605 1676 1728 1714 erant,-

918 1720 978 1753 alii
998 1719 1144 1753 Achaeis
1163 1719 1390 1759 annumerati,
1408 1723 1446 1752 ut.
1471 1718 1633 1759 Achilles,
1658 1718 1729 1751 Po·-

917 1766 1088 1811 lypoetes.
1149 1766 1291 1798 Achillis
1332 1766 1438 1806 dicio,
1484 1776 1573 1809 quae
1618 1765 1727 1809 primo

918 1812 993 1846 loco
1020 1818 1238 1853 memoratur,
1260 1812 1362 1845 latius
1382 1810 1497 1855 patuit
1521 1822 1620 1855 quam
1640 1811 1731 1845 forte

919 1866 1040 1904 putes·
1073 1859 1146 1892 scil
1185 1859 1265 1892 inde
1299 1871 1319 1892 a
1351 1857 1526 1892 Trachine
1549 1858 1612 1890 sub
1638 1857 1732 1891 Oeta

919 1917 1028 1950 usque
1062 1905 1105 1938 ad
1141 1905 1329 1950 Enipeum,
1365 1905 1422 1937 ubi
1451 1911 1504 1937 est
1529 1903 1730 1945 Pharsalus,

919 1963 939 1986 a
974 1964 1041 1996 qua
1081 1963 1147 1985 non
1183 1953 1322 1985 multum
1358 1951 1509 1984 abfuisse
1547 1951 1732 1984 Ilclladem

920 2003 1086 2043 putarunt
1118 1998 1290 2031 Pharsalii
1310 2024 1318 2039 ,
1356 1996 1642 2031 Melitaeensibus
1676 2004 1731 2030 ta-

920 2056 995 2078 men
1020 2044 1177 2078 helladis
1204 2044 1352 2087 vestigia
1376 2044 1409 2077 in
1435 2055 1521 2088 agro
1546 2054 1608 2077 suo
1633 2055 1731 2077 mon-

921 2092 1112 2125 strantibus
1149 2102 1203 2135 ap.
1229 2091 1348 2123 strab.
1382 2092 1416 2125 9.
1453 2103 1485 2134 p.
1512 2091 1606 2129 660„
1632 2101 1732 2135 quem

922 2137 1107 2181 exscripsit
1132 2137 1174 2170 Ε.
1208 2137 1328 2170 debuit
1362 2148 1405 2170 83
1437 2137 1520 2170 inde
1543 2137 1734 2180 procedere

921 2184 964 2217 ad
990 2184 1139 2217 Peneum
1174 2195 1308 2228 usque,
1343 2183 1511 2227 siquidem
1545 2182 1640 2217 circa
1665 2182 1734 2216 La-

920 2230 1043 2263 rissam
1077 2233 1192 2274 Argos
1232 2230 1478 2275 Pehzsgicum,
1519 2239 1580 2262 seu
1614 2229 1733 2263 urbem

922 2285 981 2310 seu
1022 2281 1191 2316 tractum,
1237 2277 1345 2310 fuisse
1379 2276 1493 2319 ajunt:
1535 2276 1661 2308 Strabo
1698 2287 1731 2319 p.

922 2324 989 2357 659
1014 2323 1053 2355 A.
1087 2322 1293 2366 interjectae
1324 2330 1436 2356 tamen
1471 2326 1506 2356 et
1531 2322 1575 2355 ab
1599 2322 1733 2355 oriente

922 2368 1086 2402 finitimae
1110 2370 1207 2402 fuere
1232 2369 1414 2413 dynastiae
1439 2367 1634 2409 Protesilai,
1660 2368 1733 2401 Eu-

923 2415 1032 2455 meli‚
1079 2416 1290 2449 Philoctetis.
1339 2416 1436 2448 locus
1476 2414 1640 2451 classicus
1681 2417 1736 2448 est

925 2462 1109 2494 Strabonis
1141 2473 1173 2506 p.
1203 2464 1323 2498 661Α
1352 2474 1360 2495 :
1401 2459 1469 2505 τήν
1501 2459 1541 2495 δὲ
1572 2457 1646 2496 νπὸ
1682 2461 1735 2507 τῷ

920 2505 1069 2550 Ἀχιλλεῖ
1101 2508 1174 2550 (sc.
1211 2521 1336 2552 χωραν
1368 2510 1583 2550 νομιζουσιν
1618 2496 1732 2552 εἶναι)

925 2555 990 2598 τῆς
1017 2557 1138 2610 Φθιάς
1168 2552 1240 2589 ἀπὸ
1276 2556 1466 2595 Δολοπίας
1490 2555 1552 2589 καὶ
1577 2556 1644 2589 τοῦ
1670 2566 1734 2589 πε·-

928 2602 1014 2635 δίου
1048 2601 1153 2644 μέχρι
1187 2615 1252 2646 της
1275 2603 1517 2645 ,Μαγνητικῆς
1544 2599 1735 2644 θαλαττης

927 2647 1039 2692 (quod
1064 2649 1186 2682 Ossam
1216 2657 1251 2682 et
1269 2649 1442 2682 Ρ8110118111
1471 2654 1604 2681 montes
1625 2647 1735 2683 alluit.

926 2694 1008 2736 B.)‚
1031 2694 1134 2739 μέχρι
1158 2707 1197 2730 τε
1220 2697 1294 2751 τῆς
1303 2691 1375 2729 υπὸ
1400 2693 1645 2739 Πρωτεσιλάῳ
1670 2692 1736 2729 πό·-

927 2743 1016 2781 λεως
1028 2741 1246 2784 Ἀντρωνος,
1273 2738 1294 2785 ἣ
1313 2743 1384 2776 νῦν
1402 2742 1662 2787 πληθυντικως
1679 2738 1735 2774 λέ-

926 2799 1049 2831 γεται·
1084 2788 1157 2822 scil.
1192 2791 1374 2822 Antrones.
1402 2788 1450 2821 ita
1475 2786 1734 2821 constituendus

927 2835 996 2868 iste
1016 2835 1122 2869 locus.
1157 2835 1225 2869 fuit
1249 2835 1336 2868 adeo
1362 2834 1561 2888 Spercheus
1584 2833 1619 2866 fl.
1648 2843 1733 2877 quo-

928 2892 997 2925 que
1020 2881 1054 2914 in
1080 2881 1227 2914 Achillis
1259 2880 1409 2922 ditione,
1441 2880 1495 2914 cui
1524 2879 1581 2913 ille
1606 2889 1733 2913 comam

929 2926 1171 2969 dedicaverat,
1207 2925 1248 2971 ψ’
1260 2952 1270 2968 ,
1298 2925 1400 2968 142.,
1423 2925 1509 2959 ibid.
1539 2937 1572 2970 p
1592 2926 1671 2961 662.
1690 2926 1732 2959 Α.

928 2974 985 3014 Β.,
1011 2973 1069 3007 ubi
1100 2973 1202 3008 etiam
1224 2974 1327 3008 urbes
1349 2973 1383 3007 ei
1404 2972 1582 3016 subjectae
1598 2982 1734 3005 enume-

929 3024 1061 3056 rantur.
1093 3018 1293 3054 insederant
1334 3017 1550 3054 Thessaliam
1581 3016 1733 3062 Pelasgi,
