1811 3269
501 124 1315 176 ΧΡΟΝΟΙ,ΒΙΟΣκ-τ.λ-
1711 133 1738 172 7

71 237 148 273 dam
172 248 254 272 cera
279 236 359 271 alba
390 234 559 268 instillata
584 233 762 275 distinxit,
788 244 882 269 more

69 284 223 329 antiquo,
249 283 408 326 (Ernest.
433 280 528 315 Clav.
545 280 619 317 Cic.
643 292 677 314 v.
701 280 859 323 cerula.)

142 331 213 374 jam
257 329 300 362 de
336 328 492 369 honore,
533 326 591 372 qui
632 326 772 360 habitus
804 326 881 360 olim

69 381 122 410 est
164 376 313 409 Homero
347 373 438 419 apud
476 373 645 419 populOS,
692 372 881 427 principes,

69 422 244 474 privatos,
269 432 332 454 nec
356 420 461 454 solum
487 420 668 459 GraecOS,
693 418 753 452 sed
777 419 880 452 etiam

68 467 210 502 Latinos
242 467 479 511 barbarosque
502 465 606 500 Indos
640 469 675 498 et
700 465 881 499 Persarum

66 525 168 557 reges
193 513 342 556 (Aelian.
366 513 407 548 V.
426 513 471 546 H.
499 514 552 554 12,
571 512 641 552 48.,
666 511 732 545 Dio
756 511 882 555 Chrys.

67 572 118 594 or.
145 560 246 604 53),
278 559 412 593 dicturo
450 558 532 592 mihi
560 557 665 592 otium
698 557 783 591 fecit
807 557 883 590 Κῦ-

68 611 201 648 sterus,
237 605 336 649 cujus
367 616 407 638 ex
433 604 539 650 copiis
576 615 685 649 pauca
710 603 882 638 delibabo.

68 651 201 686 Plinius
221 652 266 685 H.
279 653 326 686 N.
348 652 382 692 7,
394 651 470 685 29.:
496 650 694 684 Alea-ander
705 651 754 684 M.
773 650 883 684 —in-

67 703 123 733 ter
145 699 256 742 spolia
276 698 379 731 Darii
406 698 588 731 Persarum
605 696 701 741 regis
723 707 884 741 unguen-

66 749 180 779 torum
196 745 321 778 scrinio
337 748 450 788 capto,
473 744 565 788 quod
583 748 659 776 erat
679 754 764 776 auro
783 754 883 787 gem-

66 791 198 835 misque
215 802 256 824 ac
280 790 490 834 margaritis
517 791 727 834 pretiosum,
761 791 878 823 varios

68 837 141 880 ejus
158 849 240 871 usus
257 837 377 870 amicis
395 836 721 876 demonstrantibus,
740 836 878 879 quando

67 883 234 918 taedebat
268 883 441 927 unguenti
467 883 668 916 bellatorem
693 886 726 915 et
749 882 879 916 militia

67 930 268 964 sordidum.-
311 930 396 963 Imo
431 929 660 969 Hercule,
705 928 878 972 inquit,

67 975 291 1010 librorum
321 975 511 1010 Homeri
538 973 783 1008 custodiae
807 974 879 1008 de-

67 1026 83 1056 t
92 1033 114 1055 u
124 1023 160 1056 r!
174 1027 210 1056 ut
220 1022 505 1066 pretiosissimum
521 1022 665 1055 humani
677 1021 785 1054 animi
797 1032 881 1065 opus

44 1077 171 1113 'quam
203 1069 354 1102 maxime
387 1068 488 1102 diviti
533 1080 634 1112 opere
669 1073 879 1102 servaretur.

67 1125 155 1159 quae
182 1116 323 1149 celebris
349 1115 493 1149 Homeri
518 1115 643 1155 editio,
669 1114 712 1148 ab
734 1113 879 1147 Aristot.

66 1165 209 1203 curata,
234 1161 256 1206 ἡ
281 1160 331 1197 ἐκ
360 1161 449 1196 τοῦ
483 1160 729 1205 νάρθηκος
753 1163 880 1204 λεγο-

65 1206 204 1251 μένη,
229 1214 268 1242 ut
283 1208 394 1242 refert
411 1207 646 1253 Geographus
673 1208 726 1242 13.
741 1219 774 1251 p.
787 1206 878 1242 594..

66 1253 213 1288 omnium
246 1266 285 1288 eo
319 1260 474 1299 tempore
506 1253 782 1288 emendatissima
817 1254 879 1287 113-

65 1300 223 1334 bebatur.
280 1300 444 1335 Aelianus
483 1300 524 1333 V.
551 1301 596 1334 H.
623 1302 786 1343 19,1-5.
822 1296 881 1334 ὅτι

62 1348 262 1403 ποιητικῆς
296 1344 442 1391 ἁπάσης
473 1345 626 1390 Ἀργεῖοι
667 1345 714 1381 τοὶ
750 1347 878 1388 πρῶτοι

62 1389 222 1450 ἠΟμήριρ
259 1391 426 1434 ἐᾙδωκαν
461 1393 658 1436 δευτέρους
692 1391 731 1427 δὲ
759 1392 878 1428 αὐτοῦ

67 1437 219 1474 ἔταττον
254 1440 409 1479 πάντας.
442 1441 641 1479 ποιοῦντες
673 1437 712 1473 δὲ
737 1441 880 1474 θυσίαν

65 1484 126 1520 ἐπὶ
152 1485 254 1532 ξενίᾳ
288 1484 445 1520 ἐκάλουν
478 1485 544 1519 τὸν
578 1482 784 1520 Ἀπόλλωνα
818 1485 881 1520 καὶ

53 1529 242 1586 ”Ομηρον.
276 1532 368 1565 idem
397 1533 465 1571 13,
490 1533 565 1566 22.·
603 1534 832 1574 Πτολεμαῖος
860 1530 879 1566 ὁ

66 1575 608 1634 Φιλοπατωρ,κατασκευάσας
614 1576 752 1623 Ομηρῳ
770 1575 877 1619 νεών,

64 1622 184 1661 αὐτὸν
216 1622 283 1667 μὲν
316 1626 436 1664 καλῶς
469 1623 643 1666 ἐκάθισε,
678 1624 798 1670 κύκλῳ
835 1623 876 1660 δὲ

63 1670 131 1713 τὰς
153 1670 277 1712 πόλεις
305 1670 520 1716 περιέστησε
552 1673 620 1706 τοῦ
654 1658 876 1716 ἀγάλματος,

63 1715 151 1754 όσαι
174 1717 462 1754 ἀντιποιοῦνται
486 1719 555 1753 τοῦ
575 1715 755 1771 Ομήρου.
780 1731 877 1752 mar-

61 1777 155 1808 mor,
189 1766 284 1799 circa
321 1767 422 1801 1650.
459 1770 592 1799 erutum
626 1765 662 1798 in
690 1777 772 1810 agro
799 1767 877 1800 Ma—

61 1813 136 1847 rino
153 1823 213 1846 seu
237 1812 425 1846 Ferentino
459 1818 493 1845 et
518 1822 628 1856 nuper
662 1812 697 1845 in
723 1812 877 1856 Angliam

62 1859 224 1899 ablatum,
260 1859 352 1902 quod
378 1869 526 1892 marmor
561 1858 765 1902 apotheosin
801 1858 875 1891 Ho-

60 1905 146 1940 meri
169 1910 360 1945 monstrat,
397 1904 527 1950 primus
552 1904 739 1950 descripsit
763 1905 876 1939 Atha-

61 1963 134 1985 nas.
167 1951 360 1985 Kircherus
385 1951 418 1984 in
440 1951 541 1984 Latio
567 1956 686 1984 vetere
712 1955 747 1984 et
772 1963 874 1993 novo,

60 1996 283 2042 breviterque
307 1999 346 2030 A.
373 1996 509 2030 Hirtius
533 1996 567 2029 in
589 1997 797 2030 Bilderbuch
812 2000 877 2040 fiir

65 2044 211 2087 Mythol.
238 2045 270 2078 1.
303 2043 410 2084 nest,
450 2054 484 2087 p.
510 2043 622 2076 XVII.
659 2049 694 2077 et
716 2045 751 2078 2.
776 2044 875 2086 Hest,

60 2101 96 2135 p.
121 2091 216 2125 211..
243 2088 301 2143 qui
334 2096 370 2122 et
396 2095 529 2134 partem
553 2089 774 2134 praecipuam
801 2091 875 2134 ejus

59 2136 271 2170 monumenti
292 2135 459 2169 delineari
474 2136 587 2179 jussit.
613 2137 768 2170 novimus
789 2148 874 2181 quo—

59 2194 126 2227 que
150 2193 290 2222 numne,
316 2181 457 2216 Homeri
481 2183 516 2215 in
542 2182 735 2216 memoriam
760 2194 874 2224 cusos,

60 2230 346 2274 Smyrnaeorum,
372 2228 430 2273 qui
456 2228 547 2262 numi
573 2226 766 2273 Ομηρειοι
787 2229 873 2263 dicti

58 2281 160 2316 sunt3
185 2274 348 2308 Chiorum
374 2286 448 2309 cum
474 2275 617 2309 Homeri
646 2283 682 2309 et
706 2275 874 2320 Sphingis

58 2321 201 2366 effigie3
244 2321 394 2366 denique
425 2322 739 2363 Amastrianorum,
784 2334 873 2366 quae

59 2367 127 2401 fuit
159 2367 242 2400 urbs
275 2368 400 2408 Ponti,
437 2379 512 2401 cum
547 2368 690 2402 Homeri
716 2373 751 2402 et
773 2368 872 2402 fluvii

59 2413 218 2454 Mennis,
256 2415 315 2458 qui
341 2419 441 2458 pater
467 2414 543 2457 ejus
577 2415 678 2459 vulgo
705 2415 869 2459 perbibe-

58 2460 172 2494 batur.
206 2459 299 2493 inter
315 2461 485 2494 Romanos
507 2460 681 2505 (privatos
706 2467 744 2494 ut
766 2461 868 2494 etiam

59 2505 114 2540 hic
138 2505 303 2547 omittam,
329 2506 390 2550 qui
417 2514 531 2540 vatem
557 2508 647 2541 bunc
671 2508 705 2540 in
732 2507 867 2541 deliciis

59 2553 230 2596 habuere)
265 2551 538 2597 φιλόμηροι
572 2553 682 2587 fuisse
707 2553 868 2586 dicuntur

57 2598 124 2632 Jul.
152 2600 280 2633 Caesar
305 2600 444 2643 (strab.
470 2601 524 2635 13.
550 2612 585 2644 p.
611 2599 733 2643 594.);
760 2599 867 2633 Clau-

56 2644 154 2686 dius,
189 2657 289 2690 quem
315 2658 378 2690 pro
406 2646 481 2690 ipso
513 2645 680 2680 tribunali
707 2646 866 2679 Homeri-

57 2690 107 2725 cis
141 2691 299 2726 versibus
331 2692 482 2728 locutum
516 2704 592 2726 esse
625 2697 745 2726 narrat
775 2693 866 2726 Sue—

57 2736 171 2771 tonius
202 2737 327 2771 Claud.
361 2738 444 2779 424
481 2739 600 2779 Nero,
636 2739 694 2782 (1111
725 2739 864 2782 jamjam

56 2784 242 2817 moriturus
266 2796 400 2819 versum
432 2797 473 2819 ex
505 2785 606 2819 Iliad.
630 2784 673 2826 κ’,
701 2786 782 2820 535.
807 2796 865 2818 re-

56 2828 201 2870 citavit3
233 2831 362 2875 aliique
385 2831 633 2876 imperatores3
661 2842 802 2877 quorum
829 2835 865 2866 et

55 2875 130 2920 ipse
153 2876 325 2910 Adrianus
349 2878 464 2922 magni
489 2877 575 2912 fecit
593 2878 789 2919 Homerum,
813 2877 864 2912 ita

56 2927 190 2962 tamen,
225 2928 263 2957 ut
295 2923 327 2956 ei
351 2929 586 2969 praeponeret
612 2924 862 2965 Antimachum,

55 2964 146 3003 sicut
180 2968 344 3004 Ciceroni
381 2970 568 3012 Catonem,
609 2970 757 3014 Virgilio
791 2970 863 3004 En-

928 235 1031 277 nium,
1056 234 1221 270 Sallustio
1241 235 1450 278 Caecilium,
1474 243 1513 272 ut
1537 243 1660 273 auctor
1683 243 1739 272 est

928 282 1138 326 Spartianus
1172 293 1202 316 c.
1230 283 1283 318 16.
1310 294 1375 316 nec
1398 284 1584 318 defuerunt
1610 285 1739 320 Romae

930 329 1019 369 ICti,
1043 329 1103 373 qui
1127 328 1317 362 Homerum
1341 329 1389 362 ad
1413 331 1641 365 stabiliendas
1664 332 1738 376 opi-

926 375 1046 408 aiones
1069 386 1152 408 suos
1177 375 1390 419 allegarent,
1413 375 1564 410 Sabinus
1589 383 1625 411 et
1648 377 1738 412 Cas-

927 420 1018 462 sius,
1043 420 1209 454 Claudius
1230 421 1468 464 Saturninus,
1493 422 1622 466 Cajus·
1646 424 1739 468 ipse-

927 478 995 511 que
1014 466 1203 511 imperator
1220 467 1433 502 Justinianus
1454 469 1628 514 prooemio
1648 470 1738 503 Pan-

930 513 1105 547 dectarum
1118 514 1303 548 Homerum
1318 519 1457 557 patrem
1473 516 1583 549 omnis
1597 516 1739 550 virtutis

929 559 1106 605 appellare
1138 571 1206 593 non
1231 565 1383 595 veretur.
1426 566 1547 595 contra
1571 562 1740 595 derisores

930 611 1036 650 atque
1060 611 1282 640 contemtores
1314 606 1403 640 tanti
1433 607 1563 652 ingenii
1587 607 1646 641 vix
1672 608 1739 642 duo

930 653 986 686 vel
1010 658 1084 686 tres
1109 652 1424 697 deprehenduntur,
1449 653 1544 698 iique
1569 653 1636 687 viri
1659 665 1739 698 pes-

930 699 1006 734 simi
1039 703 1075 733 et
1096 698 1237 739 insulsi,
1272 698 1470 733 Clisthenes
1495 699 1656 745 Sicyonis
1681 706 1737 745 ty·

930 756 1078 785 rannus,
1110 745 1169 790 qui
1193 744 1337 778 Homeri
1368 745 1519 780 carmina
1552 746 1693 780 recitari
1718 758 1739 780 a

927 770 1111 848 rhapsodis
1137 791 1268 832 vetuit,
1304 795 1394 826 teste
1419 792 1605 826 Eustathio
1630 792 1673 826 ad
1698 793 1737 826 Il.

926 837 982 892 β’,
999 839 1133 883 2[1.88.
1154 841 1325 879 extremm
1353 838 1544 883 imperator
1565 838 1738 883 Caligula,

926 884 985 930 qui
1009 885 1052 918 de
1071 884 1249 918 abolendis
1267 884 1422 925 Homeri,
1450 884 1602 929 Virgilii,
1630 884 1737 919 Livii-

928 943 996 976 que
1040 930 1202 976 operibus
1246 929 1448 974 cogitavit·
1438 955 1449 973 ,
1507 936 1577 965 tum
1619 931 1738 965 Zoilus

927 977 1122 1023 Ephesius,
1154 976 1341 1010 acerrimus
1365 976 1422 1011 ille
1447 977 1737 1019 Homeromastix,

927 1024 986 1069 qui
1019 1026 1041 1060 9
1074 1027 1194 1057 contra
1227 1023 1409 1057 Homerum
1443 1024 1588 1069 scripsit
1620 1023 1737 1066 libros,

928 1077 1018 1105 teste
1043 1070 1152 1103 Suida
1177 1069 1210 1102 in
1240 1067 1401 1112 Ζώιλος,
1429 1082 1502 1103 (111111
1529 1069 1692 1115 putidis
1683 1082 1736 1103 m-

927 1117 1092 1161 dulgeret
1116 1115 1393 1150 cavillationibus
1419 1116 1672 1161 hujuscemodi,
1706 1116 1735 1150 si

926 1164 1025 1208 galea
1050 1168 1086 1197 et
1109 1167 1246 1196 scutum
1270 1161 1448 1196 Diomedis
1473 1163 1640 1204 arserint,
1674 1161 1737 1196 mi-

926 1221 1002 1244 rum
1028 1209 1160 1251 videri,
1196 1209 1307 1254 ipsum
1333 1209 1531 1243 Diomedem
1564 1209 1632 1243 isto
1657 1208 1738 1253 igne

928 1268 994 1290 non
1033 1255 1269 1299 conflagrasse
1304 1255 1345 1289 Il.
1379 1253 1419 1297 ε’,
1454 1254 1488 1291 4.
1503 1268 1514 1297 ;
1555 1255 1738 1300 ineptiisse

927 1304 1067 1337 Idaeum
1092 1301 1218 1335 ibidem
1243 1303 1314 1342 20,
1340 1313 1415 1337 cum
1441 1302 1540 1358 equis
1566 1313 1737 1346 curruque

926 1349 1057 1383 relictis
1092 1348 1245 1392 sugerit:
1286 1346 1445 1385 ἐδύνατο
1483 1362 1554 1393 γαρ
1598 1349 1738 1392 μᾶλλον

926 1395 986 1430 ἐπὶ
1012 1398 1091 1435 τοῖς
1117 1395 1246 1435 ἵπποις
1267 1399 1413 1440 φυγεῖν,
1440 1401 1477 1429 ut
1502 1395 1553 1429 ait
1569 1396 1637 1429 isto
1662 1395 1737 1429 loco

927 1446 1112 1475 annotator
1135 1439 1354 1485 ἀνώνυμος,
1386 1448 1452 1476 etc.
1485 1454 1505 1476 a
1530 1441 1657 1485 quibus
1681 1453 1737 1475 se·

927 1487 1100 1532 gregandi
1143 1493 1222 1521 sunt
1261 1488 1479 1542 philosophi,
1525 1488 1736 1530 Heraclitus,

928 1534 1042 1574 Plato,
1066 1538 1102 1566 et
1120 1533 1322 1575 Christiani,
1347 1534 1407 1579 qui
1426 1534 1569 1568 Homeri
1594 1540 1630 1568 et
1654 1546 1736 1579 poe—

924 1586 1034 1613 tarum
1061 1579 1104 1612 de
1129 1579 1196 1613 diis
1223 1580 1356 1614 fabulas
1377 1592 1496 1626 parum
1522 1580 1736 1615 verecundas

924 1626 1177 1671 improbabant.

1017 1677 1284 1706 consentaneum
1324 1672 1392 1706 fnit
1409 1697 1419 1714 ,
1472 1671 1623 1706 carmina
1666 1677 1734 1706 tam

926 1718 1078 1752 celebria
1129 1719 1243 1753 multis
1290 1719 1473 1753 multorum
1529 1719 1736 1753 editionibus

926 1765 1135 1810 propagari,
1173 1777 1314 1810 quarum
1347 1771 1504 1799 vetustas
1538 1766 1600 1809 (ne
1633 1776 1736 1810 quas-

925 1812 1002 1845 dam
1037 1811 1188 1856 gentium
1229 1818 1290 1846 aut
1323 1811 1523 1853 civitatum,
1570 1811 1661 1846 unde
1701 1811 1734 1845 in

923 1870 1042 1892 manus
1075 1858 1273 1892 criticorum
1313 1858 1622 1893 Alexandrinorum
1656 1869 1734 1903 per-

923 1909 1091 1938 venerant
1110 1930 1120 1946 ‚
1170 1904 1362 1938 nominibus
1406 1905 1601 1950 appellatas
1644 1916 1736 1938 com—

923 1963 1122 1991 memorem,
1148 1951 1243 1985 velut.
1269 1951 1413 1993 Chiam,
1444 1952 1619 1996 Argivam,
1646 1951 1734 1984 Cre-

923 1997 1039 2038 ticam,
1067 1997 1306 2042 Sinopensem,
1333 1998 1512 2042 Cypriam,
1536 1996 1735 2032 Massilien-

922 2044 1010 2087 sem)
1035 2049 1174 2088 praeter
1195 2043 1378 2085 Zenodoti,
1403 2043 1645 2088 Aristophanis
1662 2044 1735 2088 By·-

921 2090 1054 2124 zantini
1099 2095 1133 2123 et
1173 2090 1367 2124 Aristarchi
1411 2090 1601 2135 duplicem,
1642 2090 1735 2124 fama

922 2136 1125 2181 levibusque
1160 2136 1320 2180 vestigiis
1353 2136 1508 2170 novimus
1540 2135 1732 2171 Antimachi

922 2183 1155 2226 Colophonii,
1191 2183 1347 2217 Cratetis
1372 2182 1540 2217 Mallotae
1566 2183 1729 2227 (Sueton.

921 2229 965 2263 de
989 2229 1113 2262 illustr.
1140 2240 1281 2274 gramm.
1307 2241 1336 2262 c.
1362 2230 1429 2273 2.),
1457 2229 1608 2270 Rhiani,
1634 2228 1732 2262 Sosi-

919 2275 1042 2320 genis,
1083 2275 1342 2329 Tyrannionis,
1386 2275 1479 2309 inter
1518 2254 1732 2310 recentiores

919 2333 1004 2355 vero
1029 2321 1193 2367 typisque
1215 2322 1400 2367 impressas
1426 2323 1520 2365 (nam
1541 2321 1726 2366 reprimen-

919 2368 982 2402 dus
1006 2368 1156 2402 calamus
1180 2373 1245 2411 est,
1270 2380 1312 2402 ne
1337 2367 1559 2413 disputatio
1551 2380 1586 2401 111
1609 2368 1728 2402 molem

918 2414 997 2448 libri
1020 2414 1368 2459 excrescat)—inter
1389 2414 1600 2448 recentiores
1620 2414 1729 2458 igitur

915 2461 1064 2494 eminent
1089 2461 1266 2506 princepS‚
1291 2461 1467 2495 Demetrio
1491 2460 1729 2505 Chalcondyla

915 2512 951 2540 et
974 2506 1152 2540 Demetrio
1177 2506 1338 2541 Cretensi
1362 2507 1574 2548 curantibus,
1600 2517 1728 2540 excusa

915 2553 1115 2587 Florentiae
1150 2552 1276 2595 1488.,
1324 2565 1425 2598 quam
1468 2565 1581 2587 raram
1621 2557 1727 2598 atque

913 2603 1148 2644 praestantem
1184 2600 1371 2634 editionem
1405 2605 1599 2644 sequuntur
1630 2599 1725 2632 Aldi-

912 2658 978 2680 nae
1002 2647 1043 2686 3,
1068 2645 1233 2681 Juntinae
1257 2650 1293 2680 et
1317 2645 1427 2686 aliae3
1453 2646 1534 2679 dein
1559 2646 1726 2686 Romana,

911 2704 1002 2737 quae
1052 2692 1183 2737 prodiit
1224 2693 1268 2727 ab
1316 2704 1346 2726 3.
1391 2692 1492 2727 1542.
1534 2692 1580 2726 ad
1623 2692 1724 2727 1550.

911 2750 986 2772 (111111
1020 2738 1197 2772 Eustathii
1229 2738 1503 2779 commentariis;
1544 2737 1723 2772 Basileen-

909 2795 965 2818 ses
998 2784 1028 2818 J.
1063 2785 1254 2838 Hervagii,
1297 2784 1501 2830 praesertim
1543 2784 1655 2818 altera
1689 2788 1724 2817 et

909 2831 1037 2872 tertia,
1072 2830 1196 2875 quibus
1230 2831 1289 2876 qui
1312 2832 1520 2877 praefuere,
1559 2829 1722 2873 Micyllus

911 2882 1015 2922 atque
1055 2877 1303 2918 Camerarius,
1354 2878 1538 2911 Homerum
1584 2876 1722 2919 adjecta

908 2921 1140 2968 μεταφράσει
1172 2935 1324 2967 graeca,
1359 2924 1493 2969 qualem
1536 2922 1720 2967 Odysseae

908 2970 1049 3016 scripsit
1073 2970 1260 3015 Dionysius
1285 2971 1427 3012 Thrax,
1464 2973 1554 3004 teste
1586 2969 1718 3004 Eusta—
