1811 3269
85 203 170 244 308

714 200 1116 243 ΟΜΗΡΟΥ

253 310 364 365 νηόν
385 308 620 366 Ἀθηναίης
647 308 951 363 γλαυκωπιδος
983 310 1029 353 ἐν
1059 308 1183 354 πόλει
1211 310 1341 368 α’κρῃ,

256 368 410 418 οἴξασα
445 368 588 421 κληῖδι
616 364 762 419 θύρας
792 368 927 420 ἱεροῖο
959 366 1130 437 δόμοιο,

167 427 224 468 90
252 423 437 475 πέπλον,
468 422 517 472 ὅς
547 423 591 465 οἷ
620 422 762 466 δοκέει
789 425 1068 495 χαριέστατος
1095 422 1173 479 ἠδὲ
1203 423 1400 478 μέγιστος

253 477 366 523 εἶναι
396 479 460 522 ἐνὶ
490 478 688 535 μεγάρῳ,
727 481 801 522 καί
830 482 872 523 οἱ
901 479 1014 522 πολὺ
1040 481 1249 549 φίλτατος
1281 479 1406 537 αὐτῇ,

251 540 400 579 θεῖναι
425 533 654 603 Ἀθηναίης
683 535 752 579 ἐπὶ
781 535 995 591 γούνασιν
1022 534 1264 591 ἠϋκόμοιο·

250 594 326 635 καί
357 594 401 634 οἱ
418 590 699 662 ὑποσχέσθαι
725 595 989 636 δυοκαίδεκα
1019 595 1127 663 βοῦς
1157 593 1220 635 ἐνὶ
1249 595 1355 647 νηῷ,

248 648 369 717 ήνις,
399 647 603 703 ἠκέστας,
634 649 902 702 ἱερευσέμεν,

936 651 984 691 αἴ
1009 647 1053 691 κ’
1092 649 1242 716 ἐλεήσῃ

165 706 220 749 95
251 705 361 748 ἄστυ
391 721 435 748 τε
465 707 537 748 καὶ
572 706 734 759 Τρώων
764 705 964 776 ἀλόχους
982 705 1055 747 καὶ
1085 705 1222 777 νήπια
1251 704 1396 756 τέκνα,

250 763 299 804 αί
325 777 401 804 κεν
434 762 598 813 Τυδέος
627 762 729 805 υἱὸν
759 761 928 830 ἀπόσχῃ
953 760 1084 804 Ἰλίου
1116 764 1225 817 ἱρῆς,

248 817 408 871 α’γριον
445 819 676 887 αἰχμητήν,
707 819 920 872 κρατερὸν
951 818 1157 874 μήστωρα
1189 817 1372 872 φόβοιο·

250 873 303 917 ὃν
334 874 386 945 δη
417 875 498 930 ἐγω
527 874 761 932 κάρτιστον
787 875 967 945 Ἀχαιῶν
999 875 1111 930 φημὶ
1144 875 1362 944 γενέσθαι,

249 929 354 974 οὐδ’
382 929 555 988 Ἀχιλῆά
585 929 693 974 ποθ’
725 927 807 974 ὧδέ
836 929 882 986 γ’
916 932 1149 985 ἐδείδιμεν,
1184 930 1380 986 ὄρχαμον
1410 927 1601 984 ανδρῶν,

136 993 216 1032 100
245 987 378 1042 ὅνπερ
411 989 518 1043 φασὶ
549 992 656 1038 θεᾶς
682 987 729 1039 ἐξ
759 988 962 1042 ἔμμεναι·
994 987 1088 1030 ἀλλ’
1124 987 1197 1031 ὅδε
1228 990 1324 1042 λίην

244 1046 463 1100 μαίνεται,
496 1044 598 1087 ούδέ
631 1045 696 1095 τίς
731 1061 774 1088 οι
804 1045 989 1088 δύναται
1018 1046 1150 1100 μένος
1180 1045 1492 1099 ἰσοφαρίζειν.“

296 1123 350 1157 cui
376 1125 616 1169 obtemperans
640 1125 791 1167 Hector,
817 1124 994 1159 confestim
1020 1125 1179 1160 restituto
1204 1125 1354 1170 proelio,
1379 1123 1494 1169 pergit
1516 1121 1552 1156 ἰιι
1577 1121 1709 1156 urbem.

311 1190 396 1243 ⁰529
427 1191 580 1263 ἔφαθ’,
593 1191 774 1263 ’Ἐκτωρ
806 1192 848 1236 δ’
881 1191 980 1236 οὔτι
1006 1192 1253 1250 κασιγνήτῳ
1286 1190 1518 1248 α’πίθησεν,

244 1247 401 1292 αὐτίκα
432 1248 475 1293 δ’
507 1250 549 1301 ἐξ
580 1247 718 1305 ὀχέων
748 1249 827 1301 {vv
858 1249 1051 1305 τεύχεσιν
1081 1251 1183 1293 ἀλτο
1203 1253 1392 1319 χαμᾶζε·

242 1304 422 1348 πάλλων
453 1304 493 1349 δ’
527 1305 626 1358 ὀξέα
659 1308 799 1361 δοῦρα
829 1323 939 1349 κατα
972 1307 1158 1361 στρατὸν
1189 1306 1320 1362 ᾤχετο
1351 1305 1507 1375 πάντη,

131 1364 211 1407 105
240 1360 442 1416 ὀτρύνων
471 1363 768 1418 μαχέσασθαι,
802 1362 936 1433 ἔγειρε
967 1363 1011 1406 δὲ
1031 1363 1239 1434 φύλοπιν
1271 1360 1423 1418 αἰνήν·

244 1420 289 1461 οἱ
318 1417 361 1461 δ’
391 1419 673 1490 ἐλελίχθησαν
703 1421 776 1463 καὶ
806 1419 998 1463 ἐναντίοι
1028 1419 1155 1463 ἔσταν
1183 1418 1375 1474 Ἀχαιῶν.

241 1472 426 1544 Ἀργεῖοι
457 1475 499 1519 δ’
515 1475 844 1547 ὑπεχώρησαν,
874 1478 1008 1547 λῆξαν
1040 1477 1084 1519 δὲ
1117 1477 1298 1545 φόνοιο·

239 1532 333 1587 φάν
363 1533 409 1575 δέ
436 1531 526 1575 τιν’
557 1531 795 1577 αθανιίτων
824 1534 866 1585 ἐξ
896 1532 1096 1587 οὐρανοῦ
1127 1531 1406 1587 ἀστερόεντος

245 1589 419 1641 Τρωσὶν
448 1587 712 1660 αλεξήσοντα
742 1590 1031 1646 κατελθέμεν·
1066 1589 1123 1640 (ὃς
1145 1589 1382 1660 ἐλέλιχθεν.

129 1650 211 1689 110
230 1644 400 1701 ’Ἕκτωρ
432 1646 478 1690 δὲ
513 1646 736 1703 Τρώεσσιν
765 1647 986 1699 ἐκέκλετο
1016 1646 1188 1702 μακρὸν
1219 1646 1382 1697 ἀΰσας·

69 1768 133 1812 per
164 1758 399 1800 metonymiam
433 1759 686 1795 usitatissimam
721 1771 784 1806 pro
818 1773 878 1797 κε-

68 1801 229 1838 λεύσασα
253 1803 366 1847 οἶξαι.

113 1850 170 1885 92.
217 1849 346 1896 ἐπὶγ
325 1864 356 1896 γ.
405 1851 533 1886 Strabo
559 1852 877 1893 13‚1.‚v01.3.

67 1906 103 1940 p.
129 1897 206 1931 112.
232 1897 286 1930 ed.
313 1898 492 1931 Tauchn.·
517 1900 645 1953 -τῆς
662 1877 817 1943 Ἀθηνᾶς
833 1897 875 1933 τὸ

67 1940 203 1984 ξόανον
227 1956 296 1977 νυν
321 1941 387 1986 μὲν
411 1943 561 1999 ἑστηκὸς
583 1942 715 1987 ὁραται
741 1945 796 1988 (ἰιι
817 1956 877 1978 no-

67 1999 110 2021 vo
134 1989 261 2033 oppido
285 1989 494 2033 Iliensium),
510 1988 678 2036 Όμηρος
696 1989 736 2026 63
756 1990 877 2034 καθή-

65 2047 179 2077 μενον
216 2034 412 2077 ἐμφαίνει·
448 2036 587 2071 πέπλον
626 2037 714 2092 γάρ
740 2036 877 2072 κελεύει

65 2083 236 2115 θεῖναι
247 2080 512 2138 Ἀθηναίης
534 2082 611 2119 ἐπὶ
631 2082 875 2139 γούνασιν.

65 2145 111 2152 -
140 2127 257 2162 πολλα
285 2126 325 2163 δὲ
350 2130 424 2162 τῶν
448 2128 613 2173 ἀρχαίων
636 2145 701 2176 της
722 2127 879 2185 Ἀθηνᾶς

65 2172 213 2216 ξοάνων
235 2173 432 2218 καθήμενα
465 2177 674 2232 δείκνυται,
704 2177 877 2235 καθάπερ

65 2219 105 2254 ἐν
131 2223 296 2266 Φωκαίᾳ,
314 2223 528 2270 Μασσαλίᾳ,
544 2219 679 2269 Ρώμη,
703 2225 794 2267 Χίῳ.
813 2223 877 2257 καὶ

66 2264 192 2306 ἄλλαις
221 2269 398 2302 πλείοσιν.
456 2260 552 2302 ειέιιιε
582 2270 663 2304 iilud
699 2261 878 2303 Minervae

64 2312 197 2356 signum
216 2318 295 2357 post
314 2314 487 2348 finxerunt
504 2316 653 2371 Tragici
670 2316 816 2359 aliique,
842 2315 876 2348 in

65 2359 190 2414 quibus
212 2359 314 2393 Sch..
340 2358 413 2394 ἐπὶ
434 2374 465 2403 y.
492 2359 575 2396 ἀντὶ
590 2364 657 2398 τοῦ
675 2361 779 2404 παροὶ
798 2365 877 2402 τοῖς

63 2404 215 2460 γόνασι,
239 2404 345 2448 παρὰ
369 2405 458 2447 τούς
481 2406 613 2447 πόδας.
663 2407 784 2450 ὀρθόν
806 2421 874 2451 γαρ

64 2449 106 2486 τὸ
123 2450 349 2487 Παλλάδιον.
387 2464 472 2497 quos
496 2454 624 2487 refellit
645 2455 783 2488 Strabo.
810 2455 876 2488 fuit

65 2502 102 2532 et
134 2497 309 2542 antiquius
343 2498 514 2542 quoddam
540 2500 719 2534 Minervae
742 2500 875 2544 signum

66 2543 219 2587 Trojae,
252 2543 293 2577 Ili
316 2549 471 2589 tempore
495 2545 591 2579 coeio
616 2546 813 2591 delapsum,
839 2552 876 2580 ut

64 2589 156 2622 sama
179 2588 268 2630 fuit,
303 2590 393 2634 quod
423 2590 605 2625 Diomedes
629 2593 723 2625 surto
750 2594 875 2626 abstu-

63 2634 144 2668 lisse
168 2646 210 2667 ex
235 2636 412 2688 acropoli,
446 2638 579 2671 Aeneas
603 2644 715 2672 autem
739 2639 773 2670 in
801 2639 874 2671 Ita-

63 2681 143 2714 liam
167 2680 322 2714 evexisse
355 2682 622 2725 perhibebatur;
657 2684 700 2717 de
735 2696 800 2727 quo
825 2684 873 2717 si-

64 2738 133 2770 gno
157 2737 189 2759 v.
215 2727 332 2760 Schol.
356 2728 398 2767 B,
422 2728 473 2768 E,
499 2730 656 2774 Apollod.
682 2731 725 2771 3,
746 2732 808 2770 12,
827 2732 874 2772 3.

63 2772 275 2816 Pherecydis
313 2772 432 2816 fragm.
463 2753 548 2808 'edin
573 2776 691 2809 Sturz.
718 2788 750 2820 p.
778 2778 871 2817 908„

63 2818 141 2862 Hey
145 2817 199 2851 nei
234 2818 383 2851 Excurs
406 2822 439 2854 9.
467 2821 510 2853 ad
536 2822 617 2855 Aen
644 2824 678 2857 2.
704 2826 740 2854 et
762 2821 871 2865 inpri-

63 2864 127 2898 mis
149 2864 190 2899 C.
210 2864 558 2900 Levezownd1ssert
579 2879 683 2911 germ.
705 2869 787 2901 fiber
804 2869 872 2901 den

64 2911 165 2944 Raub
185 2911 245 2943 des
276 2910 492 2944 Palladiums
515 2916 583 2955 auf
604 2914 670 2947 den
696 2914 871 2957 geschnit-

63 2961 166 2990 tenen
182 2956 323 2990 Steiuen
343 2957 403 2990 des
415 2957 636 2999 Alterthums‚
657 2959 747 2993 Berl.
766 2961 869 3001 1801,

63 3001 97 3037 4.
123 3001 222 3046 plura
241 3001 348 3046 igitur
370 3003 510 3037 fuerunt
534 3004 690 3039 Palladia
713 3006 748 3038 in
772 3017 871 3039 acro-

64 3013 144 3094 polip
157 3048 307 3093 'lrojae3
341 3048 433 3095 quod
456 3049 606 3086 insolens
629 3062 706 3086 esse
738 3062 869 3097 negans

924 1761 959 1794 H
991 1761 1025 1794 h.
1049 1760 1070 1795 l.
1106 1760 1209 1793 etiam
1245 1759 1388 1792 Athenis
1423 1758 1524 1802 plura
1557 1756 1736 1791 Minervae

924 1806 1023 1850 signa
1047 1805 1153 1839 fuisse
1179 1806 1284 1845 dicit,
1310 1816 1407 1838 unum
1435 1801 1594 1844 διιπετες
1617 1803 1652 1836 in
1673 1815 1733 1837 ae·
1792 1812 1793 1818 ¹

925 1853 968 1885 de
994 1852 1172 1885 Minervae
1199 1851 1378 1892 PoliadoS,
1414 1851 1557 1884 alterum
1593 1849 1734 1883 adstans
1791 1847 1793 1867 ³

924 1897 1097 1932 Phidiae
1089 1909 1124 1930 ιιι
1151 1898 1388 1938 Parthenone,
1412 1895 1552 1931 tertium
1577 1907 1619 1930 ex
1641 1907 1733 1938 aere,

925 1943 1019 1977 aliud
1045 1955 1087 1977 ex
1113 1944 1227 1976 ebore.
1260 1954 1293 1977 v>
1322 1944 1425 1977 Paus.
1455 1943 1495 1982 1,
1519 1942 1576 1977 24.
1603 1947 1638 1976 et
1659 1943 1731 1984 26„

924 1989 1011 2024 Plin.
1039 1991 1081 2024 H.
1107 1989 1153 2022 N.
1178 1989 1241 2030 34,
1276 1992 1308 2025 8.
1344 2009 1388 2014 -
1432 1987 1731 2032 ,,ἡϋκόμοιο.

923 2033 1155 2080 εϋπλόκαμον
1181 2035 1268 2069 dixit
1292 2035 1419 2080 Odyss.
1444 2034 1489 2079 η’,
1506 2033 1564 2071 41.
1596 2035 1641 2068 cf.
1666 2034 1733 2069 Ti-

923 2082 1005 2118 bull.
1032 2083 1073 2123 1,
1098 2081 1119 2116 4
1144 2083 1222 2125 (5),
1246 2083 1330 2116 26.“
1354 2082 1446 2115 ΕΚ.

969 2149 1173 2185 94-101.
1222 2147 1339 2193 ἤνις.
1373 2148 1635 2190 ἐνιαυσιαίονς.
1667 2149 1731 2193 (ab
1787 2189 1789 2196 Α

923 2190 1025 2239 ἤνις,
1058 2202 1092 2230 et
1117 2197 1180 2229 hoc
1205 2196 1247 2228 ab
1277 2194 1375 2236 ἕνος,
1399 2208 1520 2230 annus.
1568 2208 1601 2230 v.
1633 2196 1667 2229 H
1695 2200 1730 2230 et

924 2243 967 2276 ab
993 2254 1032 2276 eo
1058 2242 1214 2275 laudatus
1241 2241 1384 2297 Etym.)
1405 2239 1469 2286 η’κ.
1496 2240 1729 2286 ακεντὴτονς,
1786 2251 1789 2259 ‘

923 2285 1171 2331 αδαμαστους.
1204 2287 1292 2330 (pro
1319 2286 1472 2343 οἷκέστας
1497 2289 1550 2332 [ν.
1579 2300 1654 2322 ann.
1685 2289 1728 2322 ad
1786 2303 1799 2326 1„

923 2334 971 2376 α’,
997 2335 1124 2389 252.],
1148 2345 1168 2366 a
1200 2332 1334 2375 κέντω,
1364 2334 1535 2378 nimam,
1568 2332 1729 2376 κενστὸς,
1786 2341 1795 2383 ἰ’

921 2381 1067 2422 κεστός,
1102 2377 1321 2423 ακέντητος,
1358 2381 1501 2415 nondum
1529 2382 1614 2426 jugo
1646 2382 1728 2414 sub-
1785 2387 1787 2402 ‘¹

922 2429 1054 2461 missus.
1079 2429 1131 2461 Es
1152 2427 1197 2459 H.
1216 2446 1260 2451 —-
1287 2427 1341 2461 αἶ’
1358 2423 1393 2460 κ’
1421 2426 1591 2473 ἐλεήσῃ
1612 2447 1657 2452 -
1677 2427 1733 2462 αἴ

921 2487 999 2508 κεν
1029 2472 1214 2512 Τυδέος
1238 2493 1292 2506 -.
1351 2475 1541 2517 asyndeton
1575 2473 1726 2518 patheti-

923 2532 1008 2561 cum,
1033 2520 1123 2564 quod
1139 2519 1228 2552 inest
1245 2519 1344 2552 etiam
1361 2519 1397 2552 in
1417 2520 1532 2554 verbis
1557 2519 1726 2575 ἄγριον
1784 2531 1793 2567 J

923 2580 958 2601 α.
985 2571 1020 2599 et
1043 2563 1338 2621 κρατερόνμ.
1365 2578 1406 2608 φ.
1438 2585 1482 2591 —
1515 2565 1648 2611 μήστ.
1651 2579 1722 2622 φ.

921 2611 967 2655 δ’,
992 2609 1255 2655 328.-ὄρχ.
1282 2609 1317 2644 οἷ.
1355 2611 1401 2656 β’,
1427 2613 1506 2648 837.
1535 2632 1579 2637 -
1626 2625 1783 2654 ,ον-Ἰ

919 2672 1004 2701 περ
1029 2678 1069 2682 —
1095 2657 1310 2701 ἔμμεναι.
1357 2658 1447 2702 quod
1480 2659 1591 2692 rarius
1626 2670 1726 2703 quam
1782 2680 1784 2694 ›

920 2717 962 2739 ex
987 2707 1050 2739 deo
1076 2716 1151 2738 esse
1175 2703 1336 2758 genitum
1350 2704 1543 2747 praedicari
1562 2705 1651 2739 solet
1667 2716 1724 2761 ap.

919 2753 1007 2785 hunc
1038 2758 1199 2784 nostrum.
1243 2761 1276 2782 v.
1302 2747 1347 2792 α’,
1371 2751 1461 2791 280,
1495 2748 1539 2795 β’,
1566 2752 1653 2789 820,
1684 2749 1722 2794 ε’,

917 2799 1026 2832 313.“
1050 2797 1083 2829 Ε
1101 2797 1144 2830 Κ.
1194 2796 1325 2839 ἰσοφ.
1339 2775 1585 2838 Ηέξισοῦσθαι.
1617 2797 1723 2854 (Ap.·
1780 2835 1782 2838 Ι

917 2843 954 2885 ἐξ
979 2844 1061 2877 ἴσον
1087 2842 1279 2887 φέρεσθαι.
1323 2841 1368 2875 cf.
1403 2843 1507 2876 Schn.
1535 2843 1570 2876 h.
1595 2854 1627 2878 v.
1641 2868 1651 2885 ,
1682 2841 1720 2885 ι’,
1780 2845 1782 2848 '

917 2892 1004 2932 390,
1026 2887 1077 2933 φ’,
1106 2889 1200 2933 194.)
1226 2888 1308 2922 Sch.

964 2958 1030 2993 106
1046 2977 1088 2982 —
1111 2959 1189 2992 109.
1249 2954 1293 2991 ἐλ
1305 2968 1321 2991 ε
1331 2957 1361 2991 λ.
1404 2954 1720 3001 συνεστράφησαν.
1776 2950 1780 2991 .'

917 3001 1023 3047 φάν.
1078 3002 1130 3049 ῷη
1123 3002 1186 3047 θη
1190 3013 1269 3036 σαν.
1306 3002 1386 3036 Sch.
1454 3001 1718 3048 ἐλέλιχθεν.

915 3039 1163 3097 ἐλελίχθησαν.
1164 3016 1322 3083 ⁷¹.Matth
1348 3050 1381 3092 §-
1408 3050 1498 3094 199,
1521 3051 1554 3086 5.
1776 3043 1779 3057 ’
