1811 3269
609 136 1039 179 ΙΛΙΑΔΟΣ
1103 139 1154 177 Α.

1649 137 1706 178 73

212 249 354 319 *’ῌρη,
392 246 500 292 ὅταν
518 244 587 316 μ’
620 245 826 317 ἐρέθῃσιν
855 243 1080 296 ὀνειδείοις
1109 243 1315 288 ἐπέεσσιν.

112 310 196 353 520
223 305 251 362 ἡ
283 307 335 350 δὲ
357 305 429 347 καὶ
471 302 613 353 αὔτως
642 301 689 358 μ’
724 302 807 345 αἰεὶ
837 301 883 344 ἐν
912 301 1174 345 ἀθανάτοισι
1202 306 1374 344 θεοῖσιν

222 366 377 413 νεικεῖ,
407 362 506 410 καί
508 360 552 403 τέ
582 359 634 414 μέ
665 371 774 420 φησι
802 359 916 429 μάχῃ
954 359 1175 413 Τρώεσσιν
1205 356 1400 412 ἀρήγειν

225 417 335 462 ἀλλὰ
365 416 419 461 σύ
449 410 530 472 μὲν
556 420 642 459 νῦν
671 421 793 467 αὐτις
823 413 1046 470 ἀπόστιχε,
1087 416 1145 485 μη
1174 432 1216 458 τι
1243 413 1386 484 νοήσῃ

212 474 348 546 Ήρη·
388 474 484 545 ἐμοὶ
514 473 559 516 δέ
588 489 636 516 κε
662 477 800 517 ταῦτα
830 471 1079 535 μελήσεται,
1116 471 1237 542 ὄφρα
1266 470 1461 514 τελέσσω

226 534 262 575 εί
292 530 349 583 δ’,
389 530 467 585 ἄγε
495 546 565 573 τοι
585 534 765 601 κεφαλῇ
796 527 1143 598 κατανεύσομαι,
1182 528 1312 596 ὄφρα
1333 528 1568 583 πεποίθῃς·

112 591 195 634 525
224 592 354 631 τοῦτο
384 587 468 642 γὰρ
510 588 551 639 ἐξ
580 587 734 658 ἐμέθεν
770 602 818 642 γε
847 583 939 641 μετ’
972 582 1233 628 ἀθανάτοισι
1262 584 1465 638 μέγιστον

224 645 416 716 τέκμωρ·

457 642 512 687 οὐ
541 642 626 699 γὰρ
656 643 764 715 έμὸν
792 640 1131 697 παλινάγρετον,
1171 640 1270 684 οὐδ’
1303 638 1543 712 ἀπατηλὸν,

228 699 332 759 οὐδ’
370 699 674 770 ἀτελεύτητον,
714 700 740 744 ὅ
766 716 807 743 τι
835 715 912 743 κεν
939 702 1110 768 κεφαλῃ
1141 697 1419 741 κατανεύσωέ

300 760 374 808 Η,
406 759 480 801 καὶ
509 756 748 826 κυανέησιν
787 754 856 800 ἐπ’
875 753 1054 827 ὀφρύσι
1084 758 1210 798 νεῦσε
1241 757 1463 808 Κρονίων,

226 813 493 884 ἀμβρόσιαι
501 813 542 857 δ’
578 811 665 865 ἄρα
694 817 838 869 χαῖται
870 811 1171 884 ἐπερρώσαντο
1207 810 1394 862 ἄνακτος

112 875 195 917 530
223 871 384 927 κρατὸς
410 867 493 914 ἀπ’
524 869 790 924 ἀθανάτοιο,
831 870 968 927 μέγαν
997 867 1042 913 δ’
1075 868 1282 921 ἐλέλιξεν’
1283 868 1514 925 Ὀλυμπον.

63 1001 203 1048 εχθρὸν
225 1006 462 1049 καταστῆσαι.
509 1004 617 1039 idem:
647 1003 673 1042 ἒῖ
666 1019 703 1051 φ
715 1004 738 1051 ή
751 1017 771 1041 σ
783 1017 799 1040 ε
811 1019 823 1040 ι
837 1019 864 1047 ς

57 1049 288 1092 ἐποτρννεῖς,
321 1049 550 1097 εφορμήσεις.

103 1109 184 1143 519.
220 1107 339 1144 όταν
368 1129 415 1134 -
448 1108 554 1145 επέε
568 1119 686 1146 σσιν.
726 1108 865 1153 quando

56 1165 112 1188 me
133 1155 250 1189 irritat
271 1157 493 1190 contumeliis.
537 1161 609 1190 tum
624 1167 662 1190 se
679 1167 746 1189 non
764 1166 867 1200 posse

57 1201 109 1234 ait
125 1201 208 1246 quin
231 1201 382 1236 vicissim
403 1214 476 1236 earn
500 1203 625 1236 acerbe
650 1202 819 1247 increpet.

107 1259 187 1293 522.
212 1259 262 1293 sic
282 1260 327 1316 Η.
347 1260 471 1304 vulgo:
496 1259 548 1306 μή
573 1272 612 1294 σε
629 1259 758 1315 νοήση.
782 1259 865 1292 Sch.

60 1303 148 1338 Ven.
171 1307 222 1338 A.
255 1303 337 1350 ου’χὶ
362 1306 419 1365 μή
446 1317 515 1348 σε,
553 1306 643 1342 ἀλλά
674 1320 734 1362 μη
760 1319 801 1340 τι
827 1304 866 1339 αὶ

57 1346 289 1395 Ἀριστάρχου
312 1353 375 1388 καὶ
400 1353 441 1387 αἱ
465 1351 572 1387 ἄλλαι
599 1351 727 1396 σχεδὸν
749 1353 869 1387 πᾶσαι

62 1397 297 1442 διορθώσεις.
346 1404 381 1433 et
405 1399 563 1432 similiter
587 1400 667 1434 sch.
689 1399 784 1455 Lips.
810 1409 868 1442 ap.

61 1443 244 1478 Wassenb.
269 1464 316 1469 ——
352 1444 586 1488 ἀπόστιχε
619 1446 670 1490 (p.
696 1443 868 1480 ἀπόστει-

62 1501 122 1534 χε,
149 1496 189 1523 ut
213 1492 354 1548 ἰδυίῃσι
377 1503 411 1535 p.
438 1493 596 1537 εἰδυίῃσι
620 1493 721 1535 608.)
751 1489 869 1526 ἀπαλ-

61 1535 221 1578 λάσσου,
246 1536 439 1592 ἀναχώρει.
474 1539 555 1573 sch.
602 1536 702 1580 ἅπαξ
727 1537 870 1581 λεγόμε-

62 1595 138 1618 νον.
165 1584 218 1617 bis
242 1584 368 1628 legitur
394 1582 624 1629 ἀποστείχειν
642 1584 676 1617 in
695 1584 868 1628 Odyssea.

107 1640 188 1676 524.
213 1643 256 1677 εἰ
279 1638 329 1677 δ’.
356 1642 399 1678 cf.
424 1643 504 1677 302.
562 1642 649 1676 τοί.
684 1643 755 1677 σοί.

108 1689 189 1723 525.
214 1685 309 1732 μετ’
337 1685 412 1723 ἀθ.
444 1690 535 1722 inter
558 1690 662 1731 deos,
688 1690 722 1722 h.
749 1701 779 1723 e.
804 1687 871 1722 diis

64 1746 86 1769 a
109 1745 163 1768 me
186 1733 312 1769 datum.
338 1736 382 1768 cf.
409 1736 497 1776 516,
521 1736 603 1771 520.

109 1782 192 1816 526.
207 1781 401 1825 τέκμωρ.
428 1781 540 1823 τέλος,
562 1780 769 1826 τεκμήριον.
790 1780 871 1813 Sch.

63 1827 157 1861 idem
192 1833 247 1862 est
277 1827 434 1872 τέκμαρ,
469 1841 489 1862 a
523 1829 637 1870 τέκω,
669 1828 786 1872 τεύχω
819 1828 871 1869 (v-

64 1874 199 1918 Schn.)‚
223 1875 467 1920 significatque
487 1887 566 1916 vox,
592 1876 627 1908 ni
650 1876 763 1918 fallor,
790 1885 872 1918 pro-

64 1920 144 1966 prie
163 1921 332 1966 quidquid
350 1921 493 1955 struitur
506 1921 580 1955 sive
600 1922 750 1966 ponitur,
770 1931 871 1965 prae-

45 1966 183 2001 'sertim
207 1978 262 2000 res
287 1968 401 2012 magni
419 1969 590 2008 momenti,
616 1968 712 2002 velut
735 1966 871 2000 termini

65 2017 262 2059 ponuntur,
311 2026 409 2057 quem
456 2014 596 2058 primum
640 2014 871 2058 significatum

67 2070 145 2094 esse
180 2064 282 2104 putat
313 2061 538 2093 Buttmannus
571 2060 677 2094 Lexil.
702 2060 731 2101 Ι,
755 2061 812 2094 32.
838 2059 872 2091 H

67 2106 112 2139 ad
135 2102 178 2147 ζ’,
203 2106 305 2140 349..-
330 2106 532 2150 „priscis,“
558 2106 692 2150 inquit,
721 2105 788 2148 ,,τό
818 2104 872 2140 τέ-

66 2164 163 2195 κμαρ
198 2156 233 2185 et
267 2151 309 2187 τὸ
344 2152 484 2195 τέκμωρ
521 2158 572 2186 est
606 2153 713 2197 primo
746 2152 872 2197 πέρας,

65 2197 158 2239 finis,
182 2202 293 2239 meta,
318 2209 452 2244 scopus,
479 2204 516 2233 ut
540 2197 586 2244 η’,
609 2201 666 2235 30.
693 2211 795 2244 porro
821 2202 874 2232 est

67 2244 165 2284 fides,
192 2256 261 2288 qua
284 2245 442 2278 firmatur
463 2252 498 2278 et
522 2246 744 2280 constituitur
770 2257 874 2280 evena

67 2297 134 2333 tus,
160 2290 304 2334 signum,
323 2299 569 2336 argumentum.
598 2291 644 2333 α’,
662 2294 742 2328 525
757 2305 764 2325 :
790 2291 875 2327 τοῦ-

68 2349 111 2372 το
136 2336 204 2380 γὰρ
227 2336 263 2380 ἐξ
283 2336 414 2381 ἐμέθεν
435 2339 605 2382 μέγιστον
623 2338 774 2382 τέκμωρ,
800 2350 874 2372 curn

68 2383 208 2427 Jupiter
231 2385 370 2424 annuit,
405 2397 515 2430 eoque
548 2391 635 2419 nutu
656 2393 796 2419 eventus
825 2384 877 2418 rei

71 2429 230 2463 sciscitur
262 2436 298 2464 et
327 2431 480 2465 sancitur
505 2436 583 2466 etcf
574 2435 597 2451 “
645 2432 766 2466 Vossn
801 2432 876 2465 Sol—

71 2476 151 2509 ches
174 2477 218 2509 ist
234 2477 279 2520 ja
308 2479 442 2511 meiuer
472 2479 698 2523 verhez'sszmg
684 2490 742 2512 ren
777 2484 879 2511 unter

72 2522 141 2555 den
162 2526 303 2567 glittern
322 2524 515 2569 Heiligstes
531 2526 654 2569 pfaml.
680 2545 723 2550 —
750 2523 875 2569 ἐμόν.

71 2569 186 2603 λείπει
220 2569 262 2604 τὸ
291 2568 379 2611 ε’πος
402 2570 425 2615 ἤ
451 2585 486 2605 τι
509 2573 704 2613 τοιοῦτον,
741 2570 791 2613 ὡς
814 2570 878 2606 καὶ

73 2614 113 2651 ἐν
137 2616 191 2661 τῷ
213 2619 492 2659 κερτομίοις
512 2621 604 2654 Δία
624 2621 879 2662 Κρονίωνα

73 2665 307 2705 προσεῖπε
350 2665 448 2706 (539.
483 2665 675 2699 memoriter
707 2665 879 2709 scripsit.)

76 2711 189 2743 λείπει
211 2708 253 2743 τὸ
280 2708 412 2744 ε’πεσιν.
440 2711 481 2744 Ε.
507 2731 550 2736 —-
576 2714 678 2747 παλ.
705 2713 745 2755 (a
768 2711 879 2746 πάλιν

77 2758 113 2788 et
143 2751 278 2799 ἀγρέω,
318 2755 471 2801 ἀγρεύω.
508 2758 574 2800 U)
619 2759 879 2814 παλιλληπτον,

78 2799 161 2835 οἷον
177 2801 433 2856 μεταμέλητον·
459 2802 514 2839 ου’
534 2801 619 2848 γὰρ
643 2802 756 2848 ἐμὸν
780 2807 879 2839 παλ.

78 2849 145 2891 Ap.
157 2871 168 2889 ‚
194 2847 250 2881 ubi
273 2861 306 2883 v.
333 2861 409 2884 ann.
434 2862 453 2884 a
478 2850 695 2885 Villoissono.
737 2862 882 2885 revoca-

79 2893 159 2934 bile,
181 2905 254 2926 was
274 2907 357 2929 man
387 2898 662 2931 zuru'clcnehmen
683 2899 788 2931 kann.

123 2953 205 2988 528.
238 2947 272 2997 ἤ.
304 2956 382 2989 219.
429 2968 557 2990 κναν.
589 2958 786 2996 κυανεαῒς,
817 2967 881 3000 με·

79 2999 235 3040 λαίναις.
238 2965 466 3045 ⁷⁷⁵(epitheton
490 3013 511 3036 a
530 3001 645 3036 colore
669 3001 755 3036 coeli
779 3012 880 3048 repe-

903 1375 1036 1411 ’Ήλιον
1069 1373 1272 1418 ὑπερίονα,

910 1003 956 1038 tit
978 1003 1049 1045 CL,
1071 1003 1125 1037 uti
1155 1005 1189 1037 et
1211 1001 1369 1048 Neptuni
1390 1000 1649 1046 κυανοχαίτης.
1671 1001 1716 1034 cf.

911 1049 970 1092 43,
990 1049 1071 1085 477
1094 1049 1240 1106 Dionys.
1276 1049 1389 1082 Halic.
1412 1049 1495 1092 περὶ
1518 1050 1583 1094 τῆς
1601 1046 1719 1093 Ομή-

911 1109 981 1141 ρον
1012 1094 1196 1140 ποιήσεως
1228 1106 1258 1128 c.
1291 1097 1348 1130 6.:
1388 1093 1546 1130 ἐπίθετα
1575 1096 1721 1135 οἰκείως

911 1143 975 1179 καὶ
1005 1143 1211 1187 προσφυῶς
1241 1145 1321 1181 τοῖς
1358 1138 1616 1186 υποκειμένοις
1651 1140 1718 1201 ᾑρ-

912 1188 1078 1247 μοσμένα
1103 1189 1265 1245 δύναμιν
1291 1189 1374 1232 ἴσην
1392 1187 1464 1234 ε’χει
1481 1192 1560 1231 τοῖς
1575 1190 1719 1248 κυρίοις

914 1234 1116 1293 ὀνόμασιν·
1165 1232 1287 1279 ω’σπερ
1328 1236 1402 1269 τῶν
1436 1237 1540 1271 θεῶν
1577 1235 1718 1293 εκάστῳ

913 1284 1018 1319 ἰδίαν
1034 1280 1118 1318 τινά
1134 1283 1388 1339 προσηγορίαν
1406 1284 1642 1328 προστίθησι,
1653 1281 1720 1318 τὸν

915 1331 990 1365 Διά
1008 1328 1182 1386 μητιέτην
1206 1330 1269 1364 καὶ
1287 1327 1550 1386 υψιβρεμέτην,
1575 1344 1637 1366 και
1654 1329 1720 1365 τὸν

1314 1377 1377 1410 καὶ
1415 1376 1482 1411 τὸν
1515 1374 1720 1412 Ἀπόλλωνα

916 1424 1053 1469 φοῖβον
1085 1423 1234 1466 καλῶν.)
1259 1441 1305 1446 -
1339 1419 1410 1456 ἐπ’
1441 1420 1472 1457 6.
1499 1436 1532 1457 ν.
1566 1426 1648 1464 ταῖς
1680 1421 1721 1459 6-

916 1472 1055 1515 φρύσιν
1077 1467 1258 1504 ἐπένευσε.
1291 1471 1430 1514 τμῆσις.
1464 1469 1546 1503 Seh.

962 1517 1044 1569 529.
1072 1514 1202 1571 ἀμβρ.
1228 1517 1343 1550 θεῖαι.
1391 1519 1567 1560 χαῖται.
1592 1516 1721 1561 τρί.χες

917 1561 956 1605 (a
979 1560 1077 1605 χάω,
1099 1560 1179 1605 χέω.
1216 1566 1331 1595 annot.
1357 1562 1411 1603 Ε,
1437 1567 1472 1596 et
1496 1562 1635 1597 deorum
1659 1564 1722 1596 ho—

916 1608 1134 1652 minunique,
1161 1612 1196 1641 et
1224 1607 1441 1649 animalium,
1480 1609 1575 1642 velut
1599 1609 1720 1650 leonis,

917 1655 1010 1695 ursi,
1036 1654 1138 1698 equi,
1164 1653 1232 1686 dici
1257 1656 1408 1698 χαι’,τας
1433 1666 1596 1698 equorum
1620 1656 1723 1689 etiam

916 1703 1056 1745 τρί,χας
1080 1712 1154 1734 cum
1180 1701 1396 1744 appellentur
1419 1703 1724 1746 καλλίτριχες

917 1746 980 1791 (κ’,
1006 1746 1085 1782 491.
1112 1745 1221 1788 etc),
1247 1747 1527 1802 quemadmodum
1550 1748 1604 1782 leo
1625 1761 1723 1794 χαι-

918 1792 1061 1837 τήεις,
1087 1799 1123 1826 et
1144 1803 1226 1826 ursa
1248 1791 1533 1837 χαιτήεσσα,
1559 1806 1646 1839 quae
1670 1799 1724 1829 ta-

918 1852 993 1874 men
1027 1840 1136 1873 verba
1176 1849 1242 1872 non
1275 1846 1354 1874 sunt
1385 1841 1602 1895 Homerica.)
1660 1840 1724 1876 ἐπ.

918 1885 1196 1930 ἐπεσεισθησαν.
1233 1886 1292 1929 (ab
1317 1884 1584 1973 ἐπιρρώεσθαι,
1612 1885 1727 1923 ε’πικι-

917 1936 1077 1969 νεῖσθαι.
1116 1933 1160 1966 cf.
1189 1930 1236 1972 ν’,
1264 1933 1349 1974 107,
1420 1934 1542 1975 ,,367
1569 1933 1620 1975 ω’,
1645 1937 1724 1971 616.

919 1985 955 2013 et
980 1991 1068 2023 quae
1093 1984 1289 2035 praeterea
1301 1980 1335 2012 H
1359 1980 1550 2037 adscripsit
1571 1981 1679 2025 loca.)

964 2027 1044 2061 530.
1077 2024 1224 2069 μέγαν
1250 2022 1289 2060 δ’
1315 2025 1369 2061 ελ.
1386 2023 1472 2062 ”.Ολ
1510 2026 1605 2070 Virg.
1639 2030 1724 2061 Aen.

920 2073 1102 2112 10‚115.:
1137 2074 1258 2106 annuit
1291 2079 1323 2106 et
1349 2078 1456 2107 totum
1488 2078 1577 2107 nutu
1599 2078 1725 2107 treme-

912 2120 1001 2161 fecit
1022 2120 1212 2162 Olympum.
1233 2119 1326 2153 locus
1348 2119 1600 2154 celeberrimus.
1623 2120 1726 2153 Stra-

920 2166 963 2198 bo
991 2166 1024 2200 8
1051 2167 1102 2204 3,
1142 2166 1200 2198 ubi
1232 2167 1393 2210 templum
1427 2165 1521 2200 Jovis
1548 2166 1725 2211 Olympici

920 2210 1104 2244 describit:
1146 2211 1316 2255 μέγιστον
1360 2211 1401 2248 δε
1441 2211 1586 2247 τούτων
1631 2213 1726 2255 (τῶν

920 2255 1216 2313 ἀναθημάτων)
1242 2258 1369 2303 inquit,
1402 2256 1543 2304 ὑπῆρξε
1566 2257 1608 2293 τὸ
1632 2258 1726 2300 Διὸς

921 2303 1080 2346 ξόανον,
1113 2301 1134 2338 ὂ
1167 2303 1315 2347 ἐποίησε
1343 2308 1495 2346 Φειδίας
1528 2307 1725 2349 Χαρμίδου

919 2349 1115 2394 Ἀθηναῖος
1145 2349 1407 2395 ελεφάντινον,
1441 2354 1659 2396 τηλικοῦτον
1683 2351 1726 2387 τὸ

922 2396 1092 2441 μέγεθος,
1113 2396 1173 2439 ὡς,
1191 2400 1321 2454 καίπερ
1339 2400 1510 2443 μεγιστου
1528 2398 1638 2439 ὄντος
1658 2412 1726 2434 τον

923 2445 1012 2485 νεώ,
1039 2445 1163 2479 δοκεῖν
1185 2443 1386 2491 ἀστοχῆσαι
1412 2446 1465 2489 (’ἒ)
1497 2446 1562 2489 τῆς
1593 2458 1727 2489 συμμε-

922 2492 1026 2534 τρίας
1058 2489 1123 2525 τὸν
1159 2494 1343 2537 τεχνίτην,
1375 2490 1591 2536 καθήμενον
1614 2491 1726 2537 ποιή-

924 2548 1061 2578 σαντα,
1087 2551 1248 2594 απτομετ
1252 2552 1295 2573 ον
1321 2537 1360 2574 δε
1386 2540 1514 2582 σχεδόν
1538 2551 1573 2573 τι
1597 2541 1642 2585 τῇ
1665 2552 1728 2574 κο-

926 2585 1027 2630 ρυφῇ
1053 2585 1118 2627 τῆς
1143 2582 1304 2630 ὀροφῆς,
1336 2582 1426 2620 ὥστ’
1463 2584 1622 2629 ἔμφασιν
1644 2598 1728 2620 ποι-

926 2633 1003 2674 εῖν,
1030 2629 1095 2665 ε’ἀν
1121 2630 1239 2673 ὀρθὸς
1262 2633 1412 2687 γένηται
1437 2631 1658 2674 διαναστας,
1686 2630 1729 2666 ἀ-

925 2675 1162 2733 ποστεγάσειν
1194 2677 1260 2714 τὸν
1292 2677 1396 2713 τεῶν.
1430 2698 1476 2704 —
1511 2676 1729 2723 ἀπομνημο-

925 2735 1079 2759 νευουσι
1116 2722 1156 2759 δε
1187 2727 1256 2760 τοῦ
1292 2726 1466 2767 Φειδίου,
1509 2724 1607 2759 διότι
1637 2724 1730 2769 πρὸς

925 2769 991 2806 τὸν
1008 2769 1200 2806 Πάναινον
1219 2770 1298 2807 εἷπε
1315 2769 1613 2826 πυνθανόμενον,
1637 2784 1728 2813 προς

926 2819 964 2851 τί
986 2817 1224 2863 παράδειγμα
1256 2817 1374 2861 μέλλει
1396 2815 1564 2876 ποιήσειν
1586 2816 1654 2874 τήν
1677 2819 1728 2852 εἰ·

926 2861 1020 2898 κόνα
1044 2864 1114 2899 τοῦ
1132 2864 1237 2906 Διὸς,
1263 2863 1322 2900 ὅτι
1344 2863 1439 2920 πρὸς
1461 2861 1530 2908 τὴν
1552 2861 1728 2919 ρμήρου,

926 2907 976 2946 δι’
999 2909 1097 2946 ἐπων
1127 2910 1342 2947 ἐκτεθεῖσαν
1369 2909 1534 2946 τούτων·
1570 2910 1615 2951 ἠ,
1647 2905 1787 2960 uazq

925 2956 1254 3015 κυανέῃσιν-
1269 2955 1528 3013 ”Ολνμπον.
1553 2955 1728 3012 εἰρῆσθαι
1789 2962 1800 2986 l

926 3016 996 3049 γαρ
1020 3002 1119 3049 μάλα
1142 3005 1247 3041 δοκεῖ
1268 3005 1404 3046 καλῶς,
1441 3001 1480 3037 εἰι
1504 3012 1543 3037 τε
1565 3003 1641 3038 τῶν
1664 3000 1728 3038 ἅλ-
