1811 3269
89 154 146 195 28

728 156 1127 199 ΟΜΗΡΟΥ

260 264 340 308 τὸν
369 265 449 321 μὲν
484 263 567 320 ἐγώ
601 263 821 334 βούλευσα
852 267 1123 323 κατακτάμεν
1157 267 1246 320 ὀξέι·
1262 270 1443 339 χαλκῷ

261 321 372 366 ἀλλά
401 339 466 372 τις
496 320 736 365 ἀθανάτων
764 328 935 367 παῦσεν
964 325 1119 380 χόλον,
1150 324 1199 375 ὅς
1215 322 1272 393 ῥ’
1307 324 1369 367 ἐνὶ
1399 328 1534 383 θυμῷ

146 381 229 425 460
258 377 403 449 δήμου
430 382 542 435 θῆκε
572 378 709 448 φάτιν
739 380 812 423 καὶ
840 379 1009 424 ὀνείδεα
1038 380 1168 424 πόλλ’
1199 378 1460 436 ἀνθρώπων,

261 436 320 487 ὡς
350 435 408 490 μὴ
435 434 720 506 πατροφόνος
749 436 842 491 μετ’
867 438 1108 508 Ἀχαιοῖσιν
1134 439 1385 509 καλεοίμην.

259 491 356 536 ἐνθ’
387 492 482 548 ἐμοὶ
515 490 660 536 οὐκέτι
687 493 870 549 πάμπαν
899 492 1098 564 ἐρητύετ’
1130 494 1177 536 ἐν
1208 495 1336 549 φρεσὶ
1364 493 1524 552 θυμὸς,

258 549 426 620 πατρὸς
456 550 718 623 χωομένοιο,
749 550 858 594 κατά
889 552 1058 621 μέγαρα
1091 554 1394 604 στρωφᾶσθαι.

258 609 285 661 ἡ
317 623 395 660 μεν
425 607 566 650 πολλοὶ
596 607 688 650 ε’ται
714 609 787 650 καὶ
818 605 992 658 ἀνεψιοὶ
1023 607 1160 662 άμφὶς
1190 606 1334 657 ἐόντες

144 666 228 709 465
260 661 403 706 αὐτοῦ
433 662 681 733 λισσόμενοι
710 663 978 720 κατερήτυον
1007 663 1055 706 ἐν
1085 662 1363 719 μεγάροισιν·

259 719 400 763 πολλα
431 720 515 764 δὲ’
506 722 606 775 ίφια
635 725 750 793 μῆλα
779 721 852 764 καὶ
881 723 1101 771 εἰλίποδας
1131 721 1274 771 ε’λικας
1304 723 1411 776 βοῦς

259 777 470 845 ε’σφαζον,
499 778 654 822 πολλοὶ
685 778 730 820 δὲ
762 776 862 828 σύες
890 779 1157 828 θαλέθοντες
1188 775 1354 834 ἀλοιφῃ

261 834 465 888 εὑόμενοι
494 833 711 878 τανύοντο
743 833 815 876 διὰ
844 834 1013 889 φλογος
1035 833 1321 889 Ηφαίστοιο·

256 890 424 934 πολλου
454 890 498 934 6'
529 891 576 933 ἐκ
605 890 811 945 κεράμων
842 891 957 945 μέθυ
990 893 1137 934 πίνετο
1166 895 1261 933 τοῖο
1291 889 1511 945 γέροντος.

145 950 229 993 470
259 947 480 1004 εἰνάνυχες
510 947 556 991 δέ
586 964 663 1003 μοι
692 946 786 1003 ἀμφ
841 946 961 1004 αὐτῷ
991 947 1110 1003 παρά
1140 946 1303 999 νύκτας
1329 949 1460 991 ἰἀυον

86 1072 188 1115 item,
233 1086 370 1108 errasse
410 1075 573 1119 quosdam
615 1078 794 1117 veterum,
842 1075 901 1132 qui

85 1119 244 1165 ἐπαινὴν
288 1120 526 1165 intelligebant
571 1121 641 1166 τήν
692 1120 902 1166 ἐπαινετὴν,

86 1167 322 1207 laudandam,
347 1168 597 1208 venerabilem,
621 1169 901 1212 quemadmodum

87 1211 210 1257 ἀγαυὴ
229 1213 426 1256 appellatur
452 1213 671 1258 Persephone
690 1215 849 1259 Odyssea
867 1221 902 1248 et

84 1259 210 1311 hymno
235 1259 335 1292 Hom.
353 1259 387 1292 in
411 1259 571 1293 Cererem
591 1262 694 1299 349..
720 1261 828 1294 Ceres
846 1273 902 1295 σε-

85 1318 160 1350 μνη
184 1303 292 1346 θεὸς,
319 1305 515 1350 Furiaeque
540 1318 595 1351 ap.
623 1285 753 1340 Atticos
782 1306 821 1340 αὶ
842 1318 901 1342 σε-

85 1353 175 1396 μναὶ
199 1352 287 1386 θεαὶ
307 1351 363 1384 vel
385 1351 538 1395 Σεμναὶ,
562 1353 658 1385 velut
679 1364 735 1397 ap.
747 1354 901 1397 Aeschy-

84 1399 152 1432 lum
176 1397 424 1432 Eumenidibus
445 1399 617 1432 extremis.
655 1397 813 1434 ἔπαινόν
831 1399 902 1432 dici

85 1456 188 1490 posse
217 1456 314 1484 eum,
341 1444 443 1488 ᾠτινι
471 1443 574 1484 αἶνος
601 1443 745 1489 ἔπεστι,
784 1457 902 1490 quem-

86 1491 267 1526 admodum
302 1488 489 1532 ἒπαίτιος,
527 1491 719 1534 ἐπίδοξος,
752 1490 902 1536 ἐπίχρυ-

86 1549 152 1578 σος
173 1542 207 1571 et
223 1536 347 1571 similia
365 1537 540 1578 dicuntur,
559 1537 673 1571 vidit'
664 1550 740 1582 ipse
757 1539 900 1572 Buttm:
890 1561 900 1579 ,

85 1588 251 1619 accentus
288 1588 402 1618 autem
441 1583 606 1627 adjectivi
640 1590 791 1617 mutatus
834 1590 900 1624 est,

86 1642 155 1675 quo
181 1641 201 1663 a
235 1629 452 1663 substantivo
491 1630 785 1673 discerneretur.)
819 1631 901 1664 Sch.

88 1677 208 1709 Jovem
228 1676 390 1720 Stygium
414 1676 533 1720 (Virg.
559 1679 642 1709 Aen.
664 1677 707 1713 4,
735 1678 833 1720 638.)
868 1680 903 1709 et

85 1722 331 1767 Proserpinam
358 1727 453 1755 ratas
478 1722 639 1755 habuisse
672 1722 760 1755 dicit
793 1722 902 1766 patris

84 1768 349 1815 imprecationes
380 1767 538 1801 immissis
562 1767 688 1803 Furiis.
734 1768 780 1801 cf.
812 1768 903 1801 inse-

85 1815 156 1849 rius
180 1815 394 1850 568-572.

131 1858 359 1896 458—461.
409 1860 540 1894 delevit
572 1860 636 1894 hos
669 1870 790 1892 versus
823 1859 903 1893 Ari-

84 1908 258 1941 starchus.
307 1906 399 1939 Plut.
425 1907 468 1939 de
497 1906 575 1941 aud.
596 1905 733 1949 poetis,
760 1911 785 1938 t.
803 1907 837 1939 2.
867 1917 901 1960 p.

83 1955 130 1989 26
145 1954 194 1986 F·
222 1965 242 1987 ο
261 1964 328 1996 μεν
349 1949 418 1986 οὐν
439 1951 667 1995 Ἀρίσταρχος
686 1950 796 1993 ἐξεῖλε
813 1964 903 1986 ταυ-

83 2013 131 2034 τα
155 2013 201 2034 τα
222 1997 290 2041 ἔπη
311 2000 509 2043 φοβηθεις.
534 2000 576 2042 („
580 1997 662 2042 quid
680 1997 817 2031 tandem
832 2010 901 2031 me-

83 2046 214 2080 tuens?
227 2048 251 2064 ‘⁶
275 2045 388 2088 inquit
413 2046 458 2078 H.
483 2045 540 2079 cui
571 2044 787 2088 respondebo
821 2056 902 2077 ver-

84 2092 138 2127 bis
162 2091 346 2127 Montbelii
375 2092 467 2125 Hist.
495 2092 554 2125 des
577 2091 710 2135 poe'sies
738 2091 840 2122 Hom.
867 2102 900 2143 p.

86 2142 185 2174 1ΟΟ.·
212 2138 445 2183 ,,φοβηθεὶς,
477 2143 654 2177 metuens,
687 2149 727 2170 ce
761 2136 819 2180 qui
853 2136 901 2168 si-

83 2185 191 2229 gnifie
216 2195 294 2218 sans
319 2185 426 2217 doute
451 2183 507 2228 qu'
525 2183 728 2227 Aristarque
749 2182 902 2225 craignit

85 2233 130 2265 de
148 2230 270 2264 laisser
294 2230 462 2264 subsistet
487 2230 548 2263 des
563 2240 641 2262 vers
667 2229 711 2263 ou
737 2228 770 2261 le
795 2230 901 2261 vene-

84 2278 181 2312 rable
206 2276 339 2310 Phenix
364 2276 546 2320 exprimait
571 2287 636 2309 une
668 2273 836 2308 intention
870 2275 900 2307 si

83 2323 272 2357 criminelle
297 2328 334 2356 et
357 2322 386 2355 si
411 2322 553 2366 indigne
578 2322 621 2354 de
649 2332 712 2354 son
745 2321 900 2354 caracte-

84 2373 148 2404 re.G
138 2372 162 2388 ‘⁶
196 2370 243 2403 cf.
268 2380 344 2402 ann.
371 2368 414 2402 ad
438 2369 538 2411 222.)
570 2367 641 2411 ἔχει
665 2366 704 2401 δὲ
721 2365 816 2409 πρὸς
834 2363 899 2401 τόν

84 2413 218 2460 καιρὸν
245 2413 394 2458 ὀρθως,
420 2427 487 2449 του
493 2416 687 2472 Φοίνικος
709 2412 775 2447 τὸν
790 2411 900 2457 Ἀχιλ-

86 2461 150 2498 λέα
176 2460 439 2502 διδάσκοντος,
467 2459 549 2496 οἷόν
574 2460 673 2495 ἐστιν
707 2457 808 2503 ὀργή.
850 2460 900 2493 ita

86 2510 214 2543 factum
243 2513 317 2548 est,
350 2514 388 2541 ut
422 2509 508 2541 haec
539 2507 779 2540 omitterentur
814 2517 834 2538 a
858 2505 901 2538 li-

86 2554 215 2588 brariis
239 2559 274 2588 et
300 2554 430 2599 absque
454 2553 641 2587 Plutarcho
667 2558 760 2586 esset
793 2551 903 2585 inter-

86 2600 262 2635 cidissent.

133 2644 346 2682 462-469.
381 2642 631 2690 ἐρητύετο.
663 2642 903 2689 ἦρεμίᾳκατ-

88 2694 216 2737 εἴχετο.
253 2692 444 2735 (cohibere
477 2692 621 2725 animum
655 2691 801 2734 amplius
834 2702 901 2723 non

88 2739 206 2785 potui,
241 2738 292 2771 ita
315 2743 356 2772 ut
380 2738 469 2771 domi
495 2749 680 2777 versarer,
713 2738 803 2770 irato
838 2747 901 2780 pa-

89 2793 154 2820 tre.
188 2765 234 2820 c’f.
261 2783 309 2826 α’,
337 2785 414 2825 192,
439 2784 587 2824 222280.
612 2782 676 2825 Κ.)
725 2793 901 2826 62¹9ch-

91 2830 413 2889 αναστρέφεσθαι,
454 2827 609 2873 διάγειν.
670 2828 789 2865 §.zac
831 2827 900 2871 (ζ,

87 2879 188 2921 262)
212 2876 374 2920 ἑταῖροι,
397 2879 557 2911 πολῖται.
609 2872 823 2934 ἀνεψιοί.
859 2873 900 2910 ά-

90 2927 182 2970 δελφ
186 2926 239 2960 ὦν
272 2924 372 2966 υἱοὶ,
409 2921 459 2964 ὥς
487 2920 664 2967 Ἀχιλλεύς
700 2922 764 2957 καὶ
798 2921 900 2962 Αἱᾝας

87 2972 143 3015 (11.
164 2984 195 3006 e.
215 2970 355 3027 cognati
379 2981 516 3010 omnes,
542 2980 563 3002 a
588 2969 717 3024 parte.)
744 2988 789 2993 ——
814 2964 902 3024 άμ-

91 3017 170 3063 φὶς
193 3016 372 3057 ἐόντες.
406 3015 487 3061 περὶ
513 3013 575 3060 ἐμὲ
601 3010 726 3059 ὄντες,
762 3013 902 3059 παρόν-

948 1088 1016 1116 τες.
1052 1075 1267 1119 (Aristarchi
1292 1074 1483 1120 scriptura,
1516 1085 1591 1107 cum
1623 1073 1759 1119 legere-

948 1129 1007 1155 tur
1035 1121 1274 1163 α’ντιόωντες,
1310 1122 1342 1154 h.
1375 1134 1406 1155 e.
1444 1121 1668 1161 accedentes,
1705 1133 1759 1155 me

949 1168 1127 1202 adeuntes.
1182 1168 1219 1202 id
1249 1173 1397 1201 mutasse
1435 1167 1574 1200 videtur
1607 1167 1759 1201 Criticus

949 1221 1134 1268 propterea
1167 1215 1259 1259 quod
1291 1212 1440 1257 intelligi
1481 1212 1583 1245 etiam
1620 1220 1759 1256 poterat

947 1259 1165 1303 λισσόμενοι.
1201 1280 1247 1285 -
1288 1259 1398 1303 ἴφια
1430 1258 1563 1302 μῆλα.
1597 1257 1676 1294 406.
1711 1279 1759 1285 -—

949 1308 1091 1341 sitin.
1118 1304 1158 1349 ζ’,
1176 1305 1255 1340 424.
1272 1308 1423 1350 —..Ap
1449 1303 1609 1362 ελικας
1633 1306 1759 1364 βοῦς.

948 1351 1033 1396 ἤτοι
1065 1367 1111 1387 τα
1143 1352 1279 1408 κέρατα
1311 1351 1493 1395 ἑλικοειδῆ
1517 1350 1689 1395 ἐχούσας·
1722 1349 1760 1398 ἢ,

951 1412 1001 1438 ως
1036 1397 1147 1441 ἔνιοι,
1181 1396 1256 1433 ἀπὸ
1288 1399 1358 1432 τοῦ
1389 1398 1484 1433 κατὰ
1520 1397 1608 1438 τούς
1639 1397 1761 1440 πόδας

948 1445 1109 1490 ελιγμοῦ.
1138 1446 1187 1489 (a
1216 1445 1360 1489 pedibus
1390 1444 1547 1485 inflexis3
1581 1457 1699 1479 verum
1723 1445 1760 1479 id

949 1492 1165 1536 significatur
1189 1493 1239 1536 τῷ
1266 1492 1466 1531 εἰλίποδας.
1503 1491 1601 1535 Virg.
1626 1492 1759 1536 Georg.

948 1540 993 1579 3,
1018 1540 1181 1583 55.,1]110
1207 1538 1281 1570 loco
1307 1538 1406 1572 bovis
1429 1539 1570 1571 formam
1599 1537 1761 1582 optimam

949 1584 1136 1618 describit.
1171 1584 1322 1617 camuris
1355 1584 1468 1618 hirtae
1500 1585 1563 1618 sub
1604 1585 1761 1618 cornibus

950 1631 1091 1674 aures.)
1134 1649 1178 1655 -
1224 1632 1331 1664 θαλ.
1369 1627 1562 1685 οἷλοιφῇ.
1595 1631 1677 1665 208.
1715 1649 1759 1655 -

948 1677 1057 1717 „Sc.h
1084 1680 1119 1710 et
1142 1672 1760 1730 ΗΕ5Υο11μενόμενοι-φλογι-

948 1701 1119 1765 9ζόμενοι,
1157 1717 1377 1762 ὄπτωμενοι.
1438 1727 1567 1756 rectum
1605 1725 1761 1766 mloytgq

949 1769 1039 1813 quod
1066 1774 1102 1801 et
1126 1768 1182 1800 alii
1211 1769 1358 1801 habent:
1388 1779 1463 1801 nam
1489 1768 1573 1812 pilos
1597 1774 1760 1815 setasque

948 1819 1173 1848 mactatorum
1205 1813 1396 1847 animalium
1430 1814 1631 1848 ustulabant
1660 1820 1758 1849 vete-

949 1872 1024 1901 res,
1050 1860 1152 1893 hodie
1176 1871 1265 1904 aqua
1291 1860 1448 1894 fervente
1473 1860 1629 1894 adhibita
1662 1862 1757 1895 evel-

949 1906 1058 1939 lunt.“
1085 1906 1218 1939 EKet
1236 1906 1282 1938 H.
1309 1925 1352 1930 —
1377 1906 1482 1939 Sch.:
1506 1905 1758 1944 τανύοντο.

949 1951 1183 1995 ἕξετείνοντο.
1208 1952 1378 1995 (verubus
1403 1952 1496 1997 fixi.)
1527 1952 1757 1997 κεράμων.

948 2001 1085 2033 πίθων.
1112 1999 1290 2042 (vasorum
1302 1999 1477 2041 fictilium,
1502 2000 1538 2033 in
1563 2000 1685 2044 quibus
1703 2000 1760 2035 vel

949 2045 1084 2078 utribus
1107 2045 1332 2078 asservabant
1351 2044 1485 2086 vinum3
1510 2051 1618 2080 testas
1639 2047 1759 2080 dicunt

948 2091 1072 2125 Horat.
1095 2096 1130 2124 et
1152 2093 1275 2134 poetae
1293 2090 1420 2123 Latini.
1464 2103 1498 2123 v
1522 2089 1566 2135 γ’,
1591 2091 1680 2133 247,
1705 2093 1758 2126 O-

949 2138 1042 2181 djss.
1068 2135 1112 2182 β’,
1145 2137 1244 2177 34Ο.,
1285 2137 1366 2169 Bos.
1402 2148 1437 2180 p.
1465 2138 1547 2172 233.
1581 2143 1647 2171 etc.
1656 2138 1674 2180 )
1711 2157 1758 2163 ·—

949 2187 1055 2218 τοῖο
1090 2182 1340 2226 γέροντος,
1379 2183 1472 2215 senis
1505 2184 1759 2218 commemorati

947 2229 982 2263 in
1006 2229 1245 2274 superioribus
1272 2228 1423 2272 notique.
1459 2229 1677 2264 V.an11.ad
1709 2228 1757 2271 α’,

949 2278 1003 2309 11.
1038 2294 1084 2299 --
1122 2274 1330 2308 describitur
1354 2274 1513 2308 versibus
1536 2274 1756 2312 466-469,

948 2320 1099 2365 ἔρανος,
1135 2321 1209 2354 sive
1244 2317 1266 2365 ἡ
1301 2316 1375 2355 ἀπὸ
1408 2322 1536 2365 κοινῆς
1559 2323 1759 2368 συμβολῆς,

946 2366 1063 2413 ἤγουν
1087 2367 1312 2412 καταβολῆς,
1335 2366 1398 2401 καὶ
1422 2367 1594 2413 δαπάνης
1614 2370 1759 2403 πολλῶν
1805 2373 1810 2405 1

946 2428 1059 2449 τινων
1080 2413 1255 2468 γινομένη
1281 2411 1436 2456 εὐωχία,
1469 2420 1510 2447 ut
1542 2415 1593 2449 ait
1622 2415 1653 2448 E
1677 2427 1756 2449 ann.
1807 2440 1809 2455 ,

947 2463 991 2495 ad
1017 2460 1146 2505 Odyss.
1171 2474 1218 2501 α,
1244 2459 1323 2494 226.
1348 2460 1527 2494 deterrere
1550 2472 1572 2494 a
1595 2461 1679 2506 fuga
1697 2472 1759 2495 cu-
1785 2455 1810 2496 11

950 2508 1086 2552 pientes
1119 2505 1325 2540 Phoenicem
1364 2505 1501 2539 sodales
1541 2512 1578 2539 et
1617 2506 1757 2551 cognati
1784 2509 1788 2584 r

949 2565 1012 2598 per
1036 2556 1058 2589 9
1093 2552 1168 2586 dies
1195 2564 1249 2597 ap.
1287 2563 1360 2584 eum
1393 2551 1664 2586 convivabantur
1695 2564 1757 2586 suo
1807 2515 1811 2598 l

949 2606 1084 2641 sumtu,
1115 2598 1180 2631 nisi
1208 2597 1298 2642 quod
1332 2597 1448 2630 vinum
1480 2599 1671 2642 praebebat
1695 2610 1758 2642 pa·
1784 2608 1786 2637 :
1809 2614 1811 2632 ι

947 2651 1002 2679 ter
1027 2647 1211 2689 Amyntor,
1238 2643 1298 2687 qui
1323 2648 1357 2676 et
1380 2644 1457 2687 ipse
1482 2643 1622 2677 exulare
1653 2646 1785 2679 nollet
1808 2642 1811 2676 Ι

947 2692 1071 2724 filium:
1095 2702 1171 2723 nam
1194 2689 1278 2724 alias
1302 2688 1346 2722 ad
1368 2689 1533 2742 ejusmodi
1553 2690 1671 2734 epulas
1687 2685 1786 2725 col-

947 2737 1081 2771 laticias
1100 2736 1200 2770 etiam
1219 2735 1332 2768 vinum
1353 2734 1472 2768 afferri
1492 2737 1659 2770 curabant
1675 2748 1758 2770 con-
1782 2705 1811 2764 l

947 2783 1069 2816 vivae:
1097 2794 1131 2816 v.
1152 2782 1220 2815 Od.
1240 2778 1284 2822 δ’,
1313 2783 1392 2816 622.
1417 2780 1466 2814 ita
1489 2781 1549 2823 illi,
1577 2786 1786 2828 praetextu
1789 2797 1793 2814 ι

947 2829 1148 2869 honorifico,
1173 2827 1265 2861 domi
1287 2827 1483 2861 retinebant
1501 2828 1796 2862 custodiebant-e
1781 2824 1796 2946 ἔξ

948 2887 1015 2919 que
1051 2875 1320 2914 adolescentem,
1363 2874 1420 2917 qui
1458 2872 1590 2907 decimo
1625 2875 1756 2908 demum
1787 2882 1797 2908 1

948 2921 1004 2956 die
1029 2920 1184 2955 effractis
1208 2925 1314 2953 noctu
1337 2919 1469 2953 foribus
1492 2920 1640 2964 aufugit.

994 2966 1118 3002 470—
1125 2963 1206 3001 484.
1255 2963 1520 3008 εἰνάνυχες.
1557 2964 1619 3001 ἐπὶ
1652 2963 1783 3000 ἐννέα1

949 3011 1094 3054 νύκτας.
1143 3011 1335 3057 (adjectum
1361 3017 1414 3047 est
1437 3009 1575 3054 νύκτας
1593 3023 1657 3058 per
1683 3010 1758 3058 ple·
1781 3029 1783 3034 .
