<?xml version="1.0" encoding="UTF-8"?>
<!DOCTYPE html PUBLIC "-//W3C//DTD XHTML 1.0 Transitional//EN"
    "http://www.w3.org/TR/xhtml1/DTD/xhtml1-transitional.dtd">
<html xmlns="http://www.w3.org/1999/xhtml" xml:lang="en" lang="en">
 <head>
  <title>
</title>
<meta http-equiv="Content-Type" content="text/html;charset=utf-8" />
  <meta name='ocr-system' content='tesseract 3.04.00' />
  <meta name='ocr-capabilities' content='ocr_page ocr_carea ocr_par ocr_line ocrx_word'/>
</head>
<body>
  <div class='ocr_page' id='page_1' title='image "./carmina01home/carmina01home_0388.png"; bbox 0 0 1811 3269; ppageno 0'>
   <div class='ocr_carea' id='block_1_1' title="bbox 56 159 141 199">
    <p class='ocr_par' dir='ltr' id='par_1_1' title="bbox 56 159 141 199">
     <span class='ocr_line' id='line_1_1' title="bbox 56 159 141 199; baseline 0 -1"><span class='ocrx_word' id='word_1_1' title='bbox 56 159 141 199; x_wconf 77' lang='lat'><em>872</em></span> 
     </span>
    </p>
   </div>
   <div class='ocr_carea' id='block_1_2' title="bbox 694 153 1103 194">
    <p class='ocr_par' dir='ltr' id='par_1_2' title="bbox 694 153 1103 194">
     <span class='ocr_line' id='line_1_2' title="bbox 694 153 1103 194; baseline 0 0"><span class='ocrx_word' id='word_1_2' title='bbox 694 153 1103 194; x_wconf 84' lang='lat' dir='ltr'>OMHPO&#39;P</span> 
     </span>
    </p>
   </div>
   <div class='ocr_carea' id='block_1_3' title="bbox 113 256 1554 832">
    <p class='ocr_par' dir='ltr' id='par_1_3' title="bbox 113 256 1554 832">
     <span class='ocr_line' id='line_1_3' title="bbox 114 256 1372 336; baseline -0.002 -27"><span class='ocrx_word' id='word_1_3' title='bbox 114 268 196 311; x_wconf 81' lang='lat'><em>405</em></span> <span class='ocrx_word' id='word_1_4' title='bbox 228 263 340 320; x_wconf 80' lang='grc' dir='ltr'><em>ὄφρ’</em></span> <span class='ocrx_word' id='word_1_5' title='bbox 372 264 466 336; x_wconf 84' lang='grc' dir='ltr'><em>εἰδῇ</em></span> <span class='ocrx_word' id='word_1_6' title='bbox 498 264 782 313; x_wconf 71' lang='grc' dir='ltr'><strong><em>Γλαυκῶπις,</em></strong></span> <span class='ocrx_word' id='word_1_7' title='bbox 812 260 919 305; x_wconf 81' lang='grc' dir='ltr'><em>ὅταν</em></span> <span class='ocrx_word' id='word_1_8' title='bbox 951 256 986 320; x_wconf 78' lang='grc' dir='ltr'><em>ᾧ</em></span> <span class='ocrx_word' id='word_1_9' title='bbox 1016 263 1147 313; x_wconf 86' lang='grc' dir='ltr'><em>πατρὶ</em></span> <span class='ocrx_word' id='word_1_10' title='bbox 1177 261 1372 318; x_wconf 85' lang='grc' dir='ltr'><em>μάχηται.</em></span> 
     </span>
     <span class='ocr_line' id='line_1_4' title="bbox 216 317 1439 388; baseline -0.002 -22.973"><span class='ocrx_word' id='word_1_11' title='bbox 216 321 335 378; x_wconf 79' lang='grc' dir='ltr'><em>“’Ήρῃ</em></span> <span class='ocrx_word' id='word_1_12' title='bbox 368 319 414 364; x_wconf 93' lang='lat'><em>6&#39;</em></span> <span class='ocrx_word' id='word_1_13' title='bbox 446 320 545 364; x_wconf 85' lang='grc' dir='ltr'><em>οὔτι</em></span> <span class='ocrx_word' id='word_1_14' title='bbox 572 320 708 362; x_wconf 80' lang='grc' dir='ltr'><strong><em>τόσον</em></strong></span> <span class='ocrx_word' id='word_1_15' title='bbox 736 321 1035 388; x_wconf 78' lang='grc' dir='ltr'><em>νεμεσίζομαι,</em></span> <span class='ocrx_word' id='word_1_16' title='bbox 1065 317 1170 362; x_wconf 79' lang='grc' dir='ltr'><em>ου’δὲ</em></span> <span class='ocrx_word' id='word_1_17' title='bbox 1200 324 1439 377; x_wconf 81' lang='grc' dir='ltr'><em>χολοῦμαι·</em></span> 
     </span>
     <span class='ocr_line' id='line_1_5' title="bbox 228 375 1272 448; baseline -0.003 -26"><span class='ocrx_word' id='word_1_18' title='bbox 228 380 311 422; x_wconf 89' lang='grc' dir='ltr'><em>αἰεὶ</em></span> <span class='ocrx_word' id='word_1_19' title='bbox 340 377 425 432; x_wconf 85' lang='grc' dir='ltr'><em>γάρ</em></span> <span class='ocrx_word' id='word_1_20' title='bbox 456 393 536 448; x_wconf 88' lang='grc' dir='ltr'><em>μοι</em></span> <span class='ocrx_word' id='word_1_21' title='bbox 563 376 703 420; x_wconf 75' lang='grc' dir='ltr'><em>ἔωθεν</em></span> <span class='ocrx_word' id='word_1_22' title='bbox 733 376 931 434; x_wconf 80' lang='grc' dir='ltr'><em>ἐνικλᾶν,</em></span> <span class='ocrx_word' id='word_1_23' title='bbox 962 375 1052 419; x_wconf 84' lang='grc' dir='ltr'><em>ὄττι</em></span> <span class='ocrx_word' id='word_1_24' title='bbox 1081 374 1272 446; x_wconf 87' lang='grc' dir='ltr'><em>νοήσω.“</em></span> 
     </span>
     <span class='ocr_line' id='line_1_6' title="bbox 293 411 1465 504; baseline -0.001 -26.986"><span class='ocrx_word' id='word_1_25' title='bbox 293 434 377 485; x_wconf 95' lang='grc' dir='ltr'><em>Ως</em></span> <span class='ocrx_word' id='word_1_26' title='bbox 406 432 536 504; x_wconf 76' lang='grc' dir='ltr'><em>ἔφατ’</em></span> <span class='ocrx_word' id='word_1_27' title='bbox 540 466 549 483; x_wconf 89' lang='grc'><em>,</em></span> <span class='ocrx_word' id='word_1_28' title='bbox 581 433 699 489; x_wconf 75' lang='grc' dir='ltr'><em>ὦρτο</em></span> <span class='ocrx_word' id='word_1_29' title='bbox 731 432 777 476; x_wconf 76' lang='grc' dir='ltr'><em>δὲ</em></span> <span class='ocrx_word' id='word_1_30' title='bbox 799 421 905 487; x_wconf 63' lang='grc' dir='ltr'><em>”’”Ἰρις</em></span> <span class='ocrx_word' id='word_1_31' title='bbox 921 411 1149 482; x_wconf 76' lang='grc' dir='ltr'><em>ἀελλόπος</em></span> <span class='ocrx_word' id='word_1_32' title='bbox 1179 430 1465 487; x_wconf 80' lang='grc' dir='ltr'><em>άγγελέουσα·</em></span> 
     </span>
     <span class='ocr_line' id='line_1_7' title="bbox 226 488 1399 558; baseline -0.001 -24"><span class='ocrx_word' id='word_1_33' title='bbox 226 494 283 548; x_wconf 88' lang='grc' dir='ltr'><em>βῆ</em></span> <span class='ocrx_word' id='word_1_34' title='bbox 315 492 361 534; x_wconf 82' lang='grc' dir='ltr'><em>δὲ</em></span> <span class='ocrx_word' id='word_1_35' title='bbox 391 488 490 534; x_wconf 85' lang='grc' dir='ltr'><em>κατ’</em></span> <span class='ocrx_word' id='word_1_36' title='bbox 519 488 689 534; x_wconf 82' lang='grc' dir='ltr'><em>Ἰδαίων</em></span> <span class='ocrx_word' id='word_1_37' title='bbox 719 489 861 544; x_wconf 85' lang='grc' dir='ltr'><em>ὀρέων</em></span> <span class='ocrx_word' id='word_1_38' title='bbox 892 489 934 539; x_wconf 79' lang='grc' dir='ltr'><em>ἐς</em></span> <span class='ocrx_word' id='word_1_39' title='bbox 962 488 1142 558; x_wconf 86' lang='grc' dir='ltr'><em>μακρὸν</em></span> <span class='ocrx_word' id='word_1_40' title='bbox 1154 488 1399 558; x_wconf 81' lang='grc' dir='ltr'><em>’Όλυμπον,</em></span> 
     </span>
     <span class='ocr_line' id='line_1_8' title="bbox 113 543 1339 618; baseline -0.005 -23"><span class='ocrx_word' id='word_1_41' title='bbox 113 553 195 595; x_wconf 86' lang='grc'><em>410</em></span> <span class='ocrx_word' id='word_1_42' title='bbox 225 547 449 618; x_wconf 78' lang='grc' dir='ltr'><em>πρώτῃσιν</em></span> <span class='ocrx_word' id='word_1_43' title='bbox 479 547 526 591; x_wconf 77' lang='grc' dir='ltr'><em>δὲ</em></span> <span class='ocrx_word' id='word_1_44' title='bbox 559 547 722 618; x_wconf 86' lang='grc' dir='ltr'><em>πύλῃσι</em></span> <span class='ocrx_word' id='word_1_45' title='bbox 754 547 1040 616; x_wconf 78' lang='grc' dir='ltr'><em>πολυπτύχου</em></span> <span class='ocrx_word' id='word_1_46' title='bbox 1078 543 1339 600; x_wconf 82' lang='grc' dir='ltr'><em>Οὐλύμποιο</em></span> 
     </span>
     <span class='ocr_line' id='line_1_9' title="bbox 228 601 1424 675; baseline -0.003 -26"><span class='ocrx_word' id='word_1_47' title='bbox 228 605 448 661; x_wconf 75' lang='grc' dir='ltr'><em>ἀντομένη</em></span> <span class='ocrx_word' id='word_1_48' title='bbox 479 604 709 659; x_wconf 77' lang='grc' dir='ltr'><em>κατέρυκε,</em></span> <span class='ocrx_word' id='word_1_49' title='bbox 738 603 848 654; x_wconf 86' lang='grc' dir='ltr'><em>Διὸς</em></span> <span class='ocrx_word' id='word_1_50' title='bbox 878 602 924 646; x_wconf 93' lang='grc' dir='ltr'><em>δέ</em></span> <span class='ocrx_word' id='word_1_51' title='bbox 943 601 1034 674; x_wconf 88' lang='grc' dir='ltr'><em>σφ’</em></span> <span class='ocrx_word' id='word_1_52' title='bbox 1070 602 1222 645; x_wconf 68' lang='grc' dir='ltr'><em>ἔννεπε</em></span> <span class='ocrx_word' id='word_1_53' title='bbox 1252 606 1424 675; x_wconf 80' lang='grc' dir='ltr'><em>μῦθον·</em></span> 
     </span>
     <span class='ocr_line' id='line_1_10' title="bbox 307 655 1554 730; baseline -0.001 -26"><span class='ocrx_word' id='word_1_54' title='bbox 307 665 411 716; x_wconf 82' lang='grc' dir='ltr'><em>,,Πῆ</em></span> <span class='ocrx_word' id='word_1_55' title='bbox 443 661 658 717; x_wconf 87' lang='grc' dir='ltr'><em>μέματον;</em></span> <span class='ocrx_word' id='word_1_56' title='bbox 690 662 731 703; x_wconf 85' lang='grc' dir='ltr'><em>τί</em></span> <span class='ocrx_word' id='word_1_57' title='bbox 763 663 907 730; x_wconf 77' lang='grc' dir='ltr'><em>σφῶϊν</em></span> <span class='ocrx_word' id='word_1_58' title='bbox 938 659 1000 702; x_wconf 85' lang='grc' dir='ltr'><em>ένὶ</em></span> <span class='ocrx_word' id='word_1_59' title='bbox 1031 659 1162 714; x_wconf 88' lang='grc' dir='ltr'><em>φρεσὶ</em></span> <span class='ocrx_word' id='word_1_60' title='bbox 1192 661 1393 714; x_wconf 74' lang='grc' dir='ltr'><em>μαίνεται</em></span> <span class='ocrx_word' id='word_1_61' title='bbox 1421 655 1554 716; x_wconf 72' lang='grc' dir='ltr'><em>ἦτορς</em></span> 
     </span>
     <span class='ocr_line' id='line_1_11' title="bbox 229 714 1278 789; baseline -0.002 -28"><span class='ocrx_word' id='word_1_62' title='bbox 229 718 314 762; x_wconf 79' lang='grc' dir='ltr'><em>οὐκ</em></span> <span class='ocrx_word' id='word_1_63' title='bbox 344 717 425 787; x_wconf 79' lang='grc' dir='ltr'><em>ἐάᾳ</em></span> <span class='ocrx_word' id='word_1_64' title='bbox 456 720 680 788; x_wconf 77' lang='grc' dir='ltr'><em>Κρονίδης</em></span> <span class='ocrx_word' id='word_1_65' title='bbox 711 716 985 771; x_wconf 68' lang='grc' dir='ltr'><em>ἐπαμυνέμεν</em></span> <span class='ocrx_word' id='word_1_66' title='bbox 1009 714 1278 789; x_wconf 72' lang='grc' dir='ltr'><em>Ἀργείοισιν.</em></span> 
     </span>
     <span class='ocr_line' id='line_1_12' title="bbox 228 772 1390 832; baseline -0.003 -13"><span class='ocrx_word' id='word_1_67' title='bbox 228 772 311 819; x_wconf 84' lang='grc' dir='ltr'><em>ὠδε</em></span> <span class='ocrx_word' id='word_1_68' title='bbox 340 791 426 831; x_wconf 81' lang='grc' dir='ltr'><em>γαρ</em></span> <span class='ocrx_word' id='word_1_69' title='bbox 461 773 664 832; x_wconf 80' lang='grc' dir='ltr'><em>ἠπείλησε</em></span> <span class='ocrx_word' id='word_1_70' title='bbox 695 773 878 828; x_wconf 88' lang='grc' dir='ltr'><em>Κρόνου</em></span> <span class='ocrx_word' id='word_1_71' title='bbox 908 778 1031 825; x_wconf 84' lang='grc' dir='ltr'><em>παῖς,</em></span> <span class='ocrx_word' id='word_1_72' title='bbox 1063 775 1099 816; x_wconf 84' lang='grc' dir='ltr'><em>εἰ</em></span> <span class='ocrx_word' id='word_1_73' title='bbox 1128 773 1260 816; x_wconf 81' lang='grc' dir='ltr'><em>τελέει</em></span> <span class='ocrx_word' id='word_1_74' title='bbox 1289 788 1390 827; x_wconf 90' lang='grc' dir='ltr'><em>περ·</em></span> 
     </span>
    </p>
   </div>
   <div class='ocr_carea' id='block_1_4' title="bbox 112 836 196 878">
    <p class='ocr_par' dir='ltr' id='par_1_4' title="bbox 112 836 196 878">
     <span class='ocr_line' id='line_1_13' title="bbox 112 836 196 878; baseline 0 0"><span class='ocrx_word' id='word_1_75' title='bbox 112 836 196 878; x_wconf 82' lang='lat'><em>415</em></span> 
     </span>
    </p>
   </div>
   <div class='ocr_carea' id='block_1_5' title="bbox 227 829 1439 904">
    <p class='ocr_par' dir='ltr' id='par_1_5' title="bbox 227 829 1439 904">
     <span class='ocr_line' id='line_1_14' title="bbox 227 829 1439 904; baseline -0.004 -27"><span class='ocrx_word' id='word_1_76' title='bbox 227 833 437 904; x_wconf 74' lang='grc' dir='ltr'><em>γυιώσειν</em></span> <span class='ocrx_word' id='word_1_77' title='bbox 465 849 545 887; x_wconf 89' lang='grc' dir='ltr'><em>μεν</em></span> <span class='ocrx_word' id='word_1_78' title='bbox 579 836 725 887; x_wconf 77' lang='grc' dir='ltr'><em>σφῶιν</em></span> <span class='ocrx_word' id='word_1_79' title='bbox 754 829 842 885; x_wconf 80' lang='grc' dir='ltr'><em>ὑφ’</em></span> <span class='ocrx_word' id='word_1_80' title='bbox 875 829 1079 899; x_wconf 73' lang='grc' dir='ltr'><em>ἅρμασιν</em></span> <span class='ocrx_word' id='word_1_81' title='bbox 1100 829 1237 880; x_wconf 83' lang='grc' dir='ltr'><em>ω’κέας</em></span> <span class='ocrx_word' id='word_1_82' title='bbox 1264 831 1439 880; x_wconf 83' lang='grc' dir='ltr'><em>ι’,ππους</em></span> 
     </span>
    </p>
   </div>
   <div class='ocr_carea' id='block_1_6' title="bbox 226 885 1538 1131">
    <p class='ocr_par' dir='ltr' id='par_1_6' title="bbox 226 885 1538 1117">
     <span class='ocr_line' id='line_1_15' title="bbox 228 885 1538 958; baseline -0.003 -25"><span class='ocrx_word' id='word_1_83' title='bbox 228 888 364 942; x_wconf 77' lang='grc' dir='ltr'><em>αὐτάς</em></span> <span class='ocrx_word' id='word_1_84' title='bbox 394 887 435 932; x_wconf 85' lang='grc' dir='ltr'><em>δ’</em></span> <span class='ocrx_word' id='word_1_85' title='bbox 468 890 516 933; x_wconf 79' lang='grc' dir='ltr'><em>ἐκ</em></span> <span class='ocrx_word' id='word_1_86' title='bbox 550 891 715 954; x_wconf 87' lang='grc' dir='ltr'><em>δίφρου</em></span> <span class='ocrx_word' id='word_1_87' title='bbox 746 888 940 944; x_wconf 85' lang='grc' dir='ltr'><em>βαλέειν,</em></span> <span class='ocrx_word' id='word_1_88' title='bbox 970 885 1080 930; x_wconf 84' lang='grc' dir='ltr'><em>κατά</em></span> <span class='ocrx_word' id='word_1_89' title='bbox 1110 886 1160 930; x_wconf 78' lang='grc' dir='ltr'><em>θ’</em></span> <span class='ocrx_word' id='word_1_90' title='bbox 1195 887 1367 958; x_wconf 75' lang='grc' dir='ltr'><em>ᾅρματα</em></span> <span class='ocrx_word' id='word_1_91' title='bbox 1397 885 1538 939; x_wconf 81' lang='grc' dir='ltr'><em>α’ξειν·</em></span> 
     </span>
     <span class='ocr_line' id='line_1_16' title="bbox 226 943 1430 999; baseline -0.004 -8"><span class='ocrx_word' id='word_1_92' title='bbox 226 947 330 990; x_wconf 87' lang='grc' dir='ltr'><em>οὐδέ</em></span> <span class='ocrx_word' id='word_1_93' title='bbox 361 963 436 990; x_wconf 86' lang='grc' dir='ltr'><em>κεν</em></span> <span class='ocrx_word' id='word_1_94' title='bbox 468 947 510 997; x_wconf 85' lang='grc' dir='ltr'><em>ές</em></span> <span class='ocrx_word' id='word_1_95' title='bbox 541 944 750 996; x_wconf 81' lang='grc' dir='ltr'><em>δεκάτους</em></span> <span class='ocrx_word' id='word_1_96' title='bbox 779 944 1167 999; x_wconf 83' lang='grc' dir='ltr'><em>περιτελλομένους</em></span> <span class='ocrx_word' id='word_1_97' title='bbox 1196 943 1430 995; x_wconf 80' lang='grc' dir='ltr'><em>έιιαυτούς</em></span> 
     </span>
     <span class='ocr_line' id='line_1_17' title="bbox 226 1000 1421 1076; baseline -0.003 -29"><span class='ocrx_word' id='word_1_98' title='bbox 226 1002 333 1076; x_wconf 52' lang='grc' dir='ltr'><em>ἕλκε’</em></span> <span class='ocrx_word' id='word_1_99' title='bbox 367 1001 737 1059; x_wconf 79' lang='grc' dir='ltr'><em>άπαλθησεσθον,</em></span> <span class='ocrx_word' id='word_1_100' title='bbox 770 1001 797 1044; x_wconf 83' lang='grc' dir='ltr'>ἅ</span> <span class='ocrx_word' id='word_1_101' title='bbox 827 1017 904 1045; x_wconf 90' lang='grc' dir='ltr'><em>κεν</em></span> <span class='ocrx_word' id='word_1_102' title='bbox 934 1001 1155 1058; x_wconf 88' lang='grc' dir='ltr'><em>μάρπτῃσι</em></span> <span class='ocrx_word' id='word_1_103' title='bbox 1192 1000 1421 1056; x_wconf 77' lang='grc' dir='ltr'><em>κεραυνός,</em></span> 
     </span>
     <span class='ocr_line' id='line_1_18' title="bbox 227 1058 1427 1131; baseline -0.003 -27"><span class='ocrx_word' id='word_1_104' title='bbox 227 1060 330 1115; x_wconf 78' lang='grc' dir='ltr'><em>ὄφρ’</em></span> <span class='ocrx_word' id='word_1_105' title='bbox 370 1062 508 1131; x_wconf 80' lang='grc' dir='ltr'><em>εἰδῇς,</em></span> <span class='ocrx_word' id='word_1_106' title='bbox 540 1063 828 1110; x_wconf 77' lang='grc' dir='ltr'><em>Γλαυκῶπις,</em></span> <span class='ocrx_word' id='word_1_107' title='bbox 858 1058 966 1102; x_wconf 82' lang='grc' dir='ltr'><em>ὅταν</em></span> <span class='ocrx_word' id='word_1_108' title='bbox 996 1062 1058 1117; x_wconf 79' lang='grc' dir='ltr'><em>σῷ</em></span> <span class='ocrx_word' id='word_1_109' title='bbox 1089 1059 1220 1111; x_wconf 85' lang='grc' dir='ltr'><em>πατρὶ</em></span> <span class='ocrx_word' id='word_1_110' title='bbox 1253 1058 1427 1114; x_wconf 90' lang='grc' dir='ltr'><em>μάχηαι.</em></span> 
     </span>
    </p>
   </div>
   <div class='ocr_carea' id='block_1_7' title="bbox 112 1118 233 1165">
    <p class='ocr_par' dir='ltr' id='par_1_7' title="bbox 112 1118 233 1165">
     <span class='ocr_line' id='line_1_19' title="bbox 112 1118 233 1165; baseline 0.018 -2"><span class='ocrx_word' id='word_1_111' title='bbox 112 1121 194 1165; x_wconf 75' lang='lat'><em>420</em></span> <span class='ocrx_word' id='word_1_112' title='bbox 212 1118 233 1133; x_wconf 88' lang='lat'><strong><em>“</em></strong></span> 
     </span>
    </p>
   </div>
   <div class='ocr_carea' id='block_1_8' title="bbox 229 1104 1406 1174">
    <p class='ocr_par' dir='ltr' id='par_1_8' title="bbox 229 1104 1406 1174">
     <span class='ocr_line' id='line_1_20' title="bbox 229 1104 1406 1174; baseline -0.002 -14"><span class='ocrx_word' id='word_1_113' title='bbox 229 1121 329 1174; x_wconf 90' lang='grc' dir='ltr'><em>Ηρῃ</em></span> <span class='ocrx_word' id='word_1_114' title='bbox 361 1114 406 1160; x_wconf 77' lang='grc' dir='ltr'><em>δ’</em></span> <span class='ocrx_word' id='word_1_115' title='bbox 438 1115 535 1160; x_wconf 78' lang='grc' dir='ltr'><em>οὔτι</em></span> <span class='ocrx_word' id='word_1_116' title='bbox 565 1116 698 1160; x_wconf 88' lang='grc' dir='ltr'><em>τόσον</em></span> <span class='ocrx_word' id='word_1_117' title='bbox 729 1117 1010 1170; x_wconf 81' lang='grc' dir='ltr'><em>νεμεσίζεται,</em></span> <span class='ocrx_word' id='word_1_118' title='bbox 1033 1104 1147 1159; x_wconf 81' lang='grc' dir='ltr'><em>οὐδὲ</em></span> <span class='ocrx_word' id='word_1_119' title='bbox 1176 1119 1406 1171; x_wconf 81' lang='grc' dir='ltr'><em>χολοῦται·</em></span> 
     </span>
    </p>
   </div>
   <div class='ocr_carea' id='block_1_9' title="bbox 111 1171 1532 1970">
    <p class='ocr_par' dir='ltr' id='par_1_9' title="bbox 111 1171 1521 1970">
     <span class='ocr_line' id='line_1_21' title="bbox 225 1171 1207 1245; baseline -0.002 -28"><span class='ocrx_word' id='word_1_120' title='bbox 225 1176 309 1218; x_wconf 85' lang='grc' dir='ltr'><em>αἰει</em></span> <span class='ocrx_word' id='word_1_121' title='bbox 339 1173 424 1244; x_wconf 77' lang='grc' dir='ltr'><em>γάρ</em></span> <span class='ocrx_word' id='word_1_122' title='bbox 456 1191 499 1216; x_wconf 94' lang='grc' dir='ltr'><em>οι</em></span> <span class='ocrx_word' id='word_1_123' title='bbox 529 1173 668 1217; x_wconf 77' lang='grc' dir='ltr'><em>ἔωθεν</em></span> <span class='ocrx_word' id='word_1_124' title='bbox 696 1172 897 1228; x_wconf 76' lang='grc' dir='ltr'><em>ἐνικλᾶν,</em></span> <span class='ocrx_word' id='word_1_125' title='bbox 931 1172 1024 1216; x_wconf 80' lang='grc' dir='ltr'><em>ὅττι</em></span> <span class='ocrx_word' id='word_1_126' title='bbox 1053 1171 1207 1245; x_wconf 89' lang='grc' dir='ltr'><em>νοήσῃ.</em></span> 
     </span>
     <span class='ocr_line' id='line_1_22' title="bbox 226 1227 1368 1286; baseline -0.004 -12"><span class='ocrx_word' id='word_1_127' title='bbox 226 1230 334 1274; x_wconf 69' lang='grc' dir='ltr'><em>ἄλλα</em></span> <span class='ocrx_word' id='word_1_128' title='bbox 368 1229 467 1286; x_wconf 82' lang='grc' dir='ltr'><em>σύγ’</em></span> <span class='ocrx_word' id='word_1_129' title='bbox 501 1229 731 1285; x_wconf 81' lang='grc' dir='ltr'><em>αἰνοτάτη,</em></span> <span class='ocrx_word' id='word_1_130' title='bbox 761 1229 872 1273; x_wconf 88' lang='grc' dir='ltr'><em>κύον</em></span> <span class='ocrx_word' id='word_1_131' title='bbox 903 1227 1071 1280; x_wconf 80' lang='grc' dir='ltr'><em>αδδεες,</em></span> <span class='ocrx_word' id='word_1_132' title='bbox 1103 1231 1139 1272; x_wconf 79' lang='grc' dir='ltr'><em>εἰ</em></span> <span class='ocrx_word' id='word_1_133' title='bbox 1171 1227 1291 1271; x_wconf 82' lang='grc' dir='ltr'><em>ἐτεόν</em></span> <span class='ocrx_word' id='word_1_134' title='bbox 1321 1243 1368 1283; x_wconf 90' lang='grc' dir='ltr'><em>γε</em></span> 
     </span>
     <span class='ocr_line' id='line_1_23' title="bbox 223 1284 1329 1342; baseline -0.004 -11"><span class='ocrx_word' id='word_1_135' title='bbox 223 1285 450 1342; x_wconf 79' lang='grc' dir='ltr'><em>τολμήσεις</em></span> <span class='ocrx_word' id='word_1_136' title='bbox 479 1287 589 1338; x_wconf 84' lang='grc' dir='ltr'><em>Διὸς</em></span> <span class='ocrx_word' id='word_1_137' title='bbox 620 1286 730 1330; x_wconf 89' lang='grc' dir='ltr'><em>α’ντα</em></span> <span class='ocrx_word' id='word_1_138' title='bbox 759 1285 977 1340; x_wconf 77' lang='grc' dir='ltr'><em>πελώριον</em></span> <span class='ocrx_word' id='word_1_139' title='bbox 1008 1287 1130 1342; x_wconf 86' lang='grc' dir='ltr'><em>ε’γχος</em></span> <span class='ocrx_word' id='word_1_140' title='bbox 1161 1284 1329 1338; x_wconf 65' lang='grc' dir='ltr'><em>άεῖραι.ε</em></span> 
     </span>
     <span class='ocr_line' id='line_1_24' title="bbox 299 1334 1487 1416; baseline -0.003 -28.969"><span class='ocrx_word' id='word_1_141' title='bbox 299 1345 359 1387; x_wconf 93' lang='lat' dir='ltr'><em>H</em></span> <span class='ocrx_word' id='word_1_142' title='bbox 382 1344 460 1416; x_wconf 80' lang='grc' dir='ltr'><em>μὲν</em></span> <span class='ocrx_word' id='word_1_143' title='bbox 487 1343 561 1398; x_wconf 74' lang='grc' dir='ltr'><em>ἄρ’</em></span> <span class='ocrx_word' id='word_1_144' title='bbox 593 1342 653 1395; x_wconf 71' lang='grc' dir='ltr'><em>(ὃς</em></span> <span class='ocrx_word' id='word_1_145' title='bbox 685 1342 859 1387; x_wconf 82' lang='grc' dir='ltr'><em>εἰποῦσ’</em></span> <span class='ocrx_word' id='word_1_146' title='bbox 893 1342 1032 1399; x_wconf 80' lang='grc' dir='ltr'><em>ἀπέβη</em></span> <span class='ocrx_word' id='word_1_147' title='bbox 1062 1343 1202 1393; x_wconf 88' lang='grc' dir='ltr'><em>πόδας</em></span> <span class='ocrx_word' id='word_1_148' title='bbox 1233 1340 1348 1384; x_wconf 86' lang='grc' dir='ltr'><em>ω’κέα</em></span> <span class='ocrx_word' id='word_1_149' title='bbox 1369 1334 1487 1396; x_wconf 78' lang='grc' dir='ltr'><em>Ἶρις,</em></span> 
     </span>
     <span class='ocr_line' id='line_1_25' title="bbox 112 1400 1285 1473; baseline -0.005 -25"><span class='ocrx_word' id='word_1_150' title='bbox 112 1406 195 1449; x_wconf 77' lang='lat'><em>425</em></span> <span class='ocrx_word' id='word_1_151' title='bbox 227 1400 367 1453; x_wconf 84' lang='grc' dir='ltr'><em>αὕταρ</em></span> <span class='ocrx_word' id='word_1_152' title='bbox 393 1400 630 1470; x_wconf 78' lang='grc' dir='ltr'><em>Ἀθηναίην</em></span> <span class='ocrx_word' id='word_1_153' title='bbox 646 1401 766 1473; x_wconf 78' lang='grc' dir='ltr'><em>Ηρη</em></span> <span class='ocrx_word' id='word_1_154' title='bbox 796 1400 910 1455; x_wconf 81' lang='grc' dir='ltr'><em>πρὸς</em></span> <span class='ocrx_word' id='word_1_155' title='bbox 936 1404 1089 1470; x_wconf 82' lang='grc' dir='ltr'><em>μῦθον</em></span> <span class='ocrx_word' id='word_1_156' title='bbox 1125 1400 1285 1443; x_wconf 79' lang='grc' dir='ltr'><em>ἔειπεν·</em></span> 
     </span>
     <span class='ocr_line' id='line_1_26' title="bbox 305 1451 1499 1513; baseline -0.003 -12"><span class='ocrx_word' id='word_1_157' title='bbox 305 1455 383 1510; x_wconf 69' lang='lat'><em>„³52</em></span> <span class='ocrx_word' id='word_1_158' title='bbox 414 1457 573 1507; x_wconf 87' lang='grc' dir='ltr'><em>πόποι,</em></span> <span class='ocrx_word' id='word_1_159' title='bbox 612 1458 825 1513; x_wconf 86' lang='grc' dir='ltr'><em>αἰγιόχοιο</em></span> <span class='ocrx_word' id='word_1_160' title='bbox 862 1457 975 1508; x_wconf 83' lang='grc' dir='ltr'><em>Διὸς</em></span> <span class='ocrx_word' id='word_1_161' title='bbox 1008 1456 1156 1508; x_wconf 88' lang='grc' dir='ltr'><em>τέκος,</em></span> <span class='ocrx_word' id='word_1_162' title='bbox 1187 1451 1332 1500; x_wconf 83' lang='grc' dir='ltr'><em>οὐκέτ’</em></span> <span class='ocrx_word' id='word_1_163' title='bbox 1366 1455 1499 1512; x_wconf 83' lang='grc' dir='ltr'><em>ε’γωγε</em></span> 
     </span>
     <span class='ocr_line' id='line_1_27' title="bbox 223 1514 1348 1571; baseline -0.004 -12"><span class='ocrx_word' id='word_1_164' title='bbox 223 1520 308 1559; x_wconf 78' lang='grc' dir='ltr'><em>νῶϊ</em></span> <span class='ocrx_word' id='word_1_165' title='bbox 337 1515 394 1559; x_wconf 79' lang='grc' dir='ltr'><em>ἐῶ</em></span> <span class='ocrx_word' id='word_1_166' title='bbox 424 1515 534 1566; x_wconf 79' lang='grc' dir='ltr'><em>Διὸς</em></span> <span class='ocrx_word' id='word_1_167' title='bbox 565 1514 675 1559; x_wconf 85' lang='grc' dir='ltr'><em>άντα</em></span> <span class='ocrx_word' id='word_1_168' title='bbox 703 1518 880 1571; x_wconf 76' lang='grc' dir='ltr'><em>βροτῶν</em></span> <span class='ocrx_word' id='word_1_169' title='bbox 912 1514 1039 1557; x_wconf 77' lang='grc' dir='ltr'><em>ἕνεκα</em></span> <span class='ocrx_word' id='word_1_170' title='bbox 1069 1516 1348 1567; x_wconf 80' lang='grc' dir='ltr'><em>πτολεμίζειν.</em></span> 
     </span>
     <span class='ocr_line' id='line_1_28' title="bbox 224 1570 1340 1641; baseline -0.004 -25"><span class='ocrx_word' id='word_1_171' title='bbox 224 1577 313 1616; x_wconf 82' lang='grc' dir='ltr'><em>τῶν</em></span> <span class='ocrx_word' id='word_1_172' title='bbox 344 1573 472 1624; x_wconf 78' lang='grc' dir='ltr'><em>ἄλλος</em></span> <span class='ocrx_word' id='word_1_173' title='bbox 504 1590 583 1628; x_wconf 90' lang='grc' dir='ltr'><em>μεν</em></span> <span class='ocrx_word' id='word_1_174' title='bbox 613 1570 914 1641; x_wconf 70' lang='grc' dir='ltr'><em>ἀποφθίσθω,</em></span> <span class='ocrx_word' id='word_1_175' title='bbox 945 1570 1076 1622; x_wconf 76' lang='grc' dir='ltr'><em>ἄλλος</em></span> <span class='ocrx_word' id='word_1_176' title='bbox 1106 1571 1151 1614; x_wconf 89' lang='grc' dir='ltr'><em>δε</em></span> <span class='ocrx_word' id='word_1_177' title='bbox 1181 1570 1340 1641; x_wconf 84' lang='grc' dir='ltr'><em>βιώτω,</em></span> 
     </span>
     <span class='ocr_line' id='line_1_29' title="bbox 224 1627 1440 1696; baseline -0.004 -23"><span class='ocrx_word' id='word_1_178' title='bbox 224 1630 274 1680; x_wconf 79' lang='grc' dir='ltr'><em>ὅς</em></span> <span class='ocrx_word' id='word_1_179' title='bbox 309 1646 357 1672; x_wconf 87' lang='grc' dir='ltr'><em>κε</em></span> <span class='ocrx_word' id='word_1_180' title='bbox 387 1630 518 1687; x_wconf 83' lang='grc' dir='ltr'><em>τύχῃ·</em></span> <span class='ocrx_word' id='word_1_181' title='bbox 550 1634 694 1680; x_wconf 87' lang='grc' dir='ltr'><em>κεῖνος</em></span> <span class='ocrx_word' id='word_1_182' title='bbox 725 1628 792 1682; x_wconf 85' lang='grc' dir='ltr'><em>ὁε,</em></span> <span class='ocrx_word' id='word_1_183' title='bbox 820 1627 874 1671; x_wconf 75' lang='grc' dir='ltr'><em>τά</em></span> <span class='ocrx_word' id='word_1_184' title='bbox 905 1627 933 1671; x_wconf 76' lang='grc' dir='ltr'><strong><em>ἃ</em></strong></span> <span class='ocrx_word' id='word_1_185' title='bbox 965 1629 1169 1683; x_wconf 87' lang='grc' dir='ltr'><em>φρονέων</em></span> <span class='ocrx_word' id='word_1_186' title='bbox 1200 1627 1264 1671; x_wconf 79' lang='grc' dir='ltr'><em>ἐνὶ</em></span> <span class='ocrx_word' id='word_1_187' title='bbox 1292 1629 1440 1696; x_wconf 77' lang='grc' dir='ltr'><em>θυμῷ,</em></span> 
     </span>
     <span class='ocr_line' id='line_1_30' title="bbox 111 1683 1393 1741; baseline -0.004 -10"><span class='ocrx_word' id='word_1_188' title='bbox 111 1690 195 1733; x_wconf 85' lang='grc'><em>430</em></span> <span class='ocrx_word' id='word_1_189' title='bbox 233 1688 378 1741; x_wconf 79' lang='grc' dir='ltr'><em>Τρωσί</em></span> <span class='ocrx_word' id='word_1_190' title='bbox 407 1704 451 1730; x_wconf 89' lang='grc' dir='ltr'><em>τε</em></span> <span class='ocrx_word' id='word_1_191' title='bbox 482 1686 557 1730; x_wconf 87' lang='grc' dir='ltr'><em>καὶ</em></span> <span class='ocrx_word' id='word_1_192' title='bbox 584 1691 804 1730; x_wconf 84' lang='grc' dir='ltr'><em>Δαναοῖσι</em></span> <span class='ocrx_word' id='word_1_193' title='bbox 836 1687 1065 1738; x_wconf 81' lang='grc' dir='ltr'><em>δικαζέτω,</em></span> <span class='ocrx_word' id='word_1_194' title='bbox 1099 1684 1156 1735; x_wconf 77' lang='grc' dir='ltr'><em>ὡς</em></span> <span class='ocrx_word' id='word_1_195' title='bbox 1186 1683 1393 1733; x_wconf 68' lang='grc' dir='ltr'><em>ἐπιεικές.6</em></span> 
     </span>
     <span class='ocr_line' id='line_1_31' title="bbox 293 1741 1532 1798; baseline -0.004 -11.938"><span class='ocrx_word' id='word_1_196' title='bbox 293 1742 376 1794; x_wconf 88' lang='grc' dir='ltr'><em>Ως</em></span> <span class='ocrx_word' id='word_1_197' title='bbox 407 1743 493 1795; x_wconf 77' lang='grc' dir='ltr'><em>ἄρα</em></span> <span class='ocrx_word' id='word_1_198' title='bbox 525 1742 769 1798; x_wconf 83' lang='grc' dir='ltr'><em>φωνήσασα</em></span> <span class='ocrx_word' id='word_1_199' title='bbox 798 1742 930 1784; x_wconf 87' lang='grc' dir='ltr'><em>πάλιν</em></span> <span class='ocrx_word' id='word_1_200' title='bbox 960 1741 1086 1795; x_wconf 86' lang='grc' dir='ltr'><em>τρέπε</em></span> <span class='ocrx_word' id='word_1_201' title='bbox 1120 1741 1327 1795; x_wconf 82' lang='grc' dir='ltr'><em>μώνυχας</em></span> <span class='ocrx_word' id='word_1_202' title='bbox 1357 1741 1532 1790; x_wconf 17' lang='grc' dir='ltr'><em>ιᾛππους</em></span> 
     </span>
     <span class='ocr_line' id='line_1_32' title="bbox 225 1797 1370 1870; baseline -0.003 -28"><span class='ocrx_word' id='word_1_203' title='bbox 225 1803 352 1856; x_wconf 86' lang='grc' dir='ltr'><em>τῇσιν</em></span> <span class='ocrx_word' id='word_1_204' title='bbox 382 1799 425 1870; x_wconf 79' lang='grc' dir='ltr'><em>δ’</em></span> <span class='ocrx_word' id='word_1_205' title='bbox 447 1797 582 1854; x_wconf 87' lang='grc' dir='ltr'><em>Ωραι</em></span> <span class='ocrx_word' id='word_1_206' title='bbox 611 1801 690 1855; x_wconf 82' lang='grc' dir='ltr'><em>μὲν</em></span> <span class='ocrx_word' id='word_1_207' title='bbox 721 1803 862 1842; x_wconf 87' lang='grc' dir='ltr'><em>λῦσαν</em></span> <span class='ocrx_word' id='word_1_208' title='bbox 892 1800 1167 1870; x_wconf 81' lang='grc' dir='ltr'><em>καλλίτριχας</em></span> <span class='ocrx_word' id='word_1_209' title='bbox 1196 1799 1370 1847; x_wconf 87' lang='grc' dir='ltr'><em>ι’ππους,</em></span> 
     </span>
     <span class='ocr_line' id='line_1_33' title="bbox 225 1853 1457 1925; baseline -0.004 -25"><span class='ocrx_word' id='word_1_210' title='bbox 225 1857 299 1900; x_wconf 85' lang='grc' dir='ltr'><em>καὶ</em></span> <span class='ocrx_word' id='word_1_211' title='bbox 328 1857 431 1908; x_wconf 82' lang='grc' dir='ltr'><em>τοὺς</em></span> <span class='ocrx_word' id='word_1_212' title='bbox 460 1858 540 1912; x_wconf 80' lang='grc' dir='ltr'><em>μὲν</em></span> <span class='ocrx_word' id='word_1_213' title='bbox 570 1857 814 1925; x_wconf 86' lang='grc' dir='ltr'><em>κατέδησαν</em></span> <span class='ocrx_word' id='word_1_214' title='bbox 845 1853 916 1898; x_wconf 79' lang='grc' dir='ltr'><em>ἐπ’</em></span> <span class='ocrx_word' id='word_1_215' title='bbox 929 1855 1219 1925; x_wconf 74' lang='grc' dir='ltr'><em>ἀμβροσίῃσι</em></span> <span class='ocrx_word' id='word_1_216' title='bbox 1248 1853 1457 1909; x_wconf 82' lang='grc' dir='ltr'><em>κάπῃσιν,</em></span> 
     </span>
     <span class='ocr_line' id='line_1_34' title="bbox 228 1910 1402 1970; baseline -0.004 -12"><span class='ocrx_word' id='word_1_217' title='bbox 228 1913 401 1970; x_wconf 73' lang='grc' dir='ltr'><em>ἅρματα</em></span> <span class='ocrx_word' id='word_1_218' title='bbox 432 1913 476 1958; x_wconf 84' lang='lat'><em>6&#39;</em></span> <span class='ocrx_word' id='word_1_219' title='bbox 509 1914 685 1958; x_wconf 73' lang='grc' dir='ltr'><em>έκλιναν</em></span> <span class='ocrx_word' id='word_1_220' title='bbox 714 1911 828 1969; x_wconf 83' lang='grc' dir='ltr'><em>πρὸς</em></span> <span class='ocrx_word' id='word_1_221' title='bbox 858 1911 1023 1956; x_wconf 81' lang='grc' dir='ltr'><em>ἐνώπια</em></span> <span class='ocrx_word' id='word_1_222' title='bbox 1053 1910 1402 1968; x_wconf 87' lang='grc' dir='ltr'><em>παμφανόωντα.</em></span> 
     </span>
    </p>
   </div>
   <div class='ocr_carea' id='block_1_10' title="bbox 54 2047 874 3018">
    <p class='ocr_par' dir='ltr' id='par_1_10' title="bbox 54 2047 874 2560">
     <span class='ocr_line' id='line_1_35' title="bbox 54 2047 871 2097; baseline -0.004 -11"><span class='ocrx_word' id='word_1_223' title='bbox 54 2053 168 2097; x_wconf 82' lang='grc' dir='ltr'><em>βολῆς</em></span> <span class='ocrx_word' id='word_1_224' title='bbox 199 2049 455 2096; x_wconf 81' lang='grc' dir='ltr'><em>περιγραφὴν,</em></span> <span class='ocrx_word' id='word_1_225' title='bbox 499 2048 591 2086; x_wconf 72' lang='grc' dir='ltr'><em>ἄλλα</em></span> <span class='ocrx_word' id='word_1_226' title='bbox 629 2047 871 2093; x_wconf 78' lang='grc' dir='ltr'><em>μάρπτοντος</em></span> 
     </span>
     <span class='ocr_line' id='line_1_36' title="bbox 55 2095 866 2143; baseline -0.006 -9"><span class='ocrx_word' id='word_1_227' title='bbox 55 2100 107 2139; x_wconf 81' lang='grc' dir='ltr'><em>εἰς</em></span> <span class='ocrx_word' id='word_1_228' title='bbox 135 2099 372 2141; x_wconf 78' lang='grc' dir='ltr'><em>πλατύτερον.</em></span> <span class='ocrx_word' id='word_1_229' title='bbox 397 2117 442 2122; x_wconf 95' lang='grc'>-</span> <span class='ocrx_word' id='word_1_230' title='bbox 473 2095 584 2143; x_wconf 80' lang='grc' dir='ltr'><em>ὄφρ’</em></span> <span class='ocrx_word' id='word_1_231' title='bbox 611 2098 731 2143; x_wconf 86' lang='grc' dir='ltr'><em>εἰδῇ.</em></span> <span class='ocrx_word' id='word_1_232' title='bbox 757 2096 866 2130; x_wconf 81' lang='lat' dir='ltr'>intell.</span> 
     </span>
     <span class='ocr_line' id='line_1_37' title="bbox 56 2142 869 2189; baseline -0.002 -11"><span class='ocrx_word' id='word_1_233' title='bbox 56 2157 76 2178; x_wconf 83' lang='lat' dir='ltr'>e</span> <span class='ocrx_word' id='word_1_234' title='bbox 108 2145 271 2189; x_wconf 82' lang='lat' dir='ltr'>proximis</span> <span class='ocrx_word' id='word_1_235' title='bbox 304 2144 346 2180; x_wconf 86' lang='grc' dir='ltr'><em>τὸ</em></span> <span class='ocrx_word' id='word_1_236' title='bbox 379 2142 566 2188; x_wconf 78' lang='grc' dir='ltr'><em>μάχεσθαι</em></span> <span class='ocrx_word' id='word_1_237' title='bbox 602 2144 630 2188; x_wconf 77' lang='grc' dir='ltr'><em>ᾧ</em></span> <span class='ocrx_word' id='word_1_238' title='bbox 663 2145 797 2185; x_wconf 86' lang='grc' dir='ltr'><em>πατρί.-</em></span> <span class='ocrx_word' id='word_1_239' title='bbox 830 2148 869 2176; x_wconf 86' lang='lat' dir='ltr'><em>ut</em></span> 
     </span>
     <span class='ocr_line' id='line_1_38' title="bbox 54 2191 870 2237; baseline -0.002 -13"><span class='ocrx_word' id='word_1_240' title='bbox 54 2192 154 2232; x_wconf 82' lang='lat' dir='ltr'>sciat,</span> <span class='ocrx_word' id='word_1_241' title='bbox 167 2191 309 2233; x_wconf 77' lang='lat' dir='ltr'><em>sentiat,</em></span> <span class='ocrx_word' id='word_1_242' title='bbox 335 2191 418 2237; x_wconf 90' lang='lat' dir='ltr'>quid</span> <span class='ocrx_word' id='word_1_243' title='bbox 442 2191 488 2224; x_wconf 84' lang='lat' dir='ltr'><em>sit</em></span> <span class='ocrx_word' id='word_1_244' title='bbox 512 2192 714 2236; x_wconf 80' lang='lat' dir='ltr'>impugnare</span> <span class='ocrx_word' id='word_1_245' title='bbox 735 2194 870 2235; x_wconf 85' lang='lat' dir='ltr'>patrem</span> 
     </span>
     <span class='ocr_line' id='line_1_39' title="bbox 56 2236 869 2282; baseline -0.003 -12"><span class='ocrx_word' id='word_1_246' title='bbox 56 2249 172 2278; x_wconf 72' lang='lat' dir='ltr'>suum,</span> <span class='ocrx_word' id='word_1_247' title='bbox 210 2239 348 2282; x_wconf 88' lang='lat' dir='ltr'>quando</span> <span class='ocrx_word' id='word_1_248' title='bbox 374 2237 408 2270; x_wconf 90' lang='lat' dir='ltr'><em>id</em></span> <span class='ocrx_word' id='word_1_249' title='bbox 435 2249 519 2271; x_wconf 80' lang='lat' dir='ltr'><strong>ausa</strong></span> <span class='ocrx_word' id='word_1_250' title='bbox 543 2237 659 2271; x_wconf 81' lang='lat' dir='ltr'>fuerit.</span> <span class='ocrx_word' id='word_1_251' title='bbox 695 2256 733 2260; x_wconf 92' lang='lat'>—</span> <span class='ocrx_word' id='word_1_252' title='bbox 765 2236 869 2268; x_wconf 86' lang='lat' dir='ltr'>Sch.:</span> 
     </span>
     <span class='ocr_line' id='line_1_40' title="bbox 55 2280 870 2327; baseline -0.004 -8"><span class='ocrx_word' id='word_1_253' title='bbox 55 2283 222 2319; x_wconf 75' lang='grc' dir='ltr'><em>ἔωθεν.</em></span> <span class='ocrx_word' id='word_1_254' title='bbox 250 2285 312 2327; x_wconf 87' lang='lat' dir='ltr'><em>(ab</em></span> <span class='ocrx_word' id='word_1_255' title='bbox 332 2284 440 2327; x_wconf 74' lang='grc' dir='ltr'><em>ἑθω.)</em></span> <span class='ocrx_word' id='word_1_256' title='bbox 463 2281 501 2326; x_wconf 79' lang='grc' dir='ltr'><em>ἐξ</em></span> <span class='ocrx_word' id='word_1_257' title='bbox 523 2283 638 2323; x_wconf 75' lang='grc' dir='ltr'><em>ἔθους</em></span> <span class='ocrx_word' id='word_1_258' title='bbox 659 2281 743 2326; x_wconf 75' lang='grc' dir='ltr'><em>ἔχει.</em></span> <span class='ocrx_word' id='word_1_259' title='bbox 777 2280 870 2316; x_wconf 86' lang='grc' dir='ltr'><em>ένι-</em></span> 
     </span>
     <span class='ocr_line' id='line_1_41' title="bbox 55 2327 874 2376; baseline -0.006 -11"><span class='ocrx_word' id='word_1_260' title='bbox 55 2332 187 2376; x_wconf 79' lang='grc' dir='ltr'><em>κλᾷν.</em></span> <span class='ocrx_word' id='word_1_261' title='bbox 224 2329 446 2374; x_wconf 18' lang='grc' dir='ltr'><em>ἔμποδιᾛζειν</em></span> <span class='ocrx_word' id='word_1_262' title='bbox 471 2330 633 2376; x_wconf 84' lang='lat' dir='ltr'>(proprie</span> <span class='ocrx_word' id='word_1_263' title='bbox 655 2329 801 2373; x_wconf 75' lang='grc' dir='ltr'><em>ἐνικλᾷν</em></span> <span class='ocrx_word' id='word_1_264' title='bbox 824 2327 874 2361; x_wconf 86' lang='lat' dir='ltr'><em>si-</em></span> 
     </span>
     <span class='ocr_line' id='line_1_42' title="bbox 56 2365 872 2421; baseline -0.005 -11"><span class='ocrx_word' id='word_1_265' title='bbox 56 2389 103 2410; x_wconf 85' lang='lat' dir='ltr'><em>ve</em></span> <span class='ocrx_word' id='word_1_266' title='bbox 123 2365 254 2421; x_wconf 72' lang='grc' dir='ltr'><em>έγκλᾲν</em></span> <span class='ocrx_word' id='word_1_267' title='bbox 278 2382 332 2411; x_wconf 83' lang='lat' dir='ltr'><em>est</em></span> <span class='ocrx_word' id='word_1_268' title='bbox 355 2378 561 2421; x_wconf 80' lang='lat' dir='ltr'><em>infringere.</em></span> <span class='ocrx_word' id='word_1_269' title='bbox 615 2376 659 2409; x_wconf 86' lang='lat' dir='ltr'><em>de</em></span> <span class='ocrx_word' id='word_1_270' title='bbox 692 2374 802 2409; x_wconf 75' lang='lat' dir='ltr'>hastis</span> <span class='ocrx_word' id='word_1_271' title='bbox 835 2373 872 2406; x_wconf 88' lang='lat' dir='ltr'><em>in</em></span> 
     </span>
     <span class='ocr_line' id='line_1_43' title="bbox 56 2421 872 2467; baseline -0.005 -10"><span class='ocrx_word' id='word_1_272' title='bbox 56 2422 167 2467; x_wconf 83' lang='lat' dir='ltr'>clipeo</span> <span class='ocrx_word' id='word_1_273' title='bbox 195 2424 316 2457; x_wconf 71' lang='lat' dir='ltr'>fractis</span> <span class='ocrx_word' id='word_1_274' title='bbox 341 2423 410 2457; x_wconf 89' lang='lat' dir='ltr'>dici</span> <span class='ocrx_word' id='word_1_275' title='bbox 434 2423 569 2456; x_wconf 83' lang='lat' dir='ltr'>notavit</span> <span class='ocrx_word' id='word_1_276' title='bbox 587 2421 704 2455; x_wconf 81' lang='lat' dir='ltr'>schol.</span> <span class='ocrx_word' id='word_1_277' title='bbox 730 2422 783 2464; x_wconf 83' lang='lat' dir='ltr'><em>A,</em></span> <span class='ocrx_word' id='word_1_278' title='bbox 809 2431 872 2453; x_wconf 87' lang='lat' dir='ltr'><em>ne-</em></span> 
     </span>
     <span class='ocr_line' id='line_1_44' title="bbox 56 2467 872 2513; baseline -0.005 -10"><span class='ocrx_word' id='word_1_279' title='bbox 56 2470 127 2503; x_wconf 86' lang='lat' dir='ltr'>scio</span> <span class='ocrx_word' id='word_1_280' title='bbox 153 2481 220 2513; x_wconf 81' lang='lat' dir='ltr'><em>quo</em></span> <span class='ocrx_word' id='word_1_281' title='bbox 245 2470 336 2511; x_wconf 80' lang='lat' dir='ltr'>loco,</span> <span class='ocrx_word' id='word_1_282' title='bbox 363 2472 424 2503; x_wconf 80' lang='lat' dir='ltr'><em>aut</em></span> <span class='ocrx_word' id='word_1_283' title='bbox 446 2469 546 2513; x_wconf 87' lang='lat' dir='ltr'><strong>cujus</strong></span> <span class='ocrx_word' id='word_1_284' title='bbox 570 2467 772 2512; x_wconf 85' lang='lat' dir='ltr'>scriptoris·</span> <span class='ocrx_word' id='word_1_285' title='bbox 795 2477 872 2499; x_wconf 84' lang='lat' dir='ltr'><em>nam</em></span> 
     </span>
     <span class='ocr_line' id='line_1_45' title="bbox 56 2513 871 2560; baseline -0.007 -10"><span class='ocrx_word' id='word_1_286' title='bbox 56 2527 112 2560; x_wconf 83' lang='lat' dir='ltr'><em>ap.</em></span> <span class='ocrx_word' id='word_1_287' title='bbox 131 2516 230 2549; x_wconf 81' lang='lat' dir='ltr'>Hom.</span> <span class='ocrx_word' id='word_1_288' title='bbox 254 2514 389 2550; x_wconf 78' lang='lat' dir='ltr'>nonnisi</span> <span class='ocrx_word' id='word_1_289' title='bbox 406 2515 463 2549; x_wconf 82' lang='lat' dir='ltr'><em>hic</em></span> <span class='ocrx_word' id='word_1_290' title='bbox 483 2520 519 2548; x_wconf 82' lang='lat' dir='ltr'><em>et</em></span> <span class='ocrx_word' id='word_1_291' title='bbox 539 2514 620 2549; x_wconf 73' lang='lat'><strong>421.</strong></span> <span class='ocrx_word' id='word_1_292' title='bbox 644 2513 772 2557; x_wconf 80' lang='lat' dir='ltr'>legitur</span> <span class='ocrx_word' id='word_1_293' title='bbox 791 2523 871 2545; x_wconf 81' lang='lat' dir='ltr'>vox.</span> 
     </span>
    </p>

    <p class='ocr_par' dir='ltr' id='par_1_11' title="bbox 57 2558 873 3018">
     <span class='ocr_line' id='line_1_46' title="bbox 58 2558 873 2603; baseline -0.004 -7.897"><span class='ocrx_word' id='word_1_294' title='bbox 58 2567 232 2603; x_wconf 80' lang='lat' dir='ltr'>„naturae</span> <span class='ocrx_word' id='word_1_295' title='bbox 249 2562 495 2595; x_wconf 82' lang='lat' dir='ltr'><em>convenienter</em></span> <span class='ocrx_word' id='word_1_296' title='bbox 514 2560 620 2594; x_wconf 87' lang='lat' dir='ltr'>dicta.</span> <span class='ocrx_word' id='word_1_297' title='bbox 655 2561 766 2593; x_wconf 72' lang='lat' dir='ltr'>minus</span> <span class='ocrx_word' id='word_1_298' title='bbox 784 2558 873 2592; x_wconf 83' lang='lat' dir='ltr'>enim</span> 
     </span>
     <span class='ocr_line' id='line_1_47' title="bbox 57 2605 870 2661; baseline -0.006 -19"><span class='ocrx_word' id='word_1_299' title='bbox 57 2608 168 2642; x_wconf 79' lang='lat' dir='ltr'>afficit</span> <span class='ocrx_word' id='word_1_300' title='bbox 199 2608 344 2642; x_wconf 80' lang='lat' dir='ltr'>animum</span> <span class='ocrx_word' id='word_1_301' title='bbox 386 2607 526 2661; x_wconf 82' lang='lat' dir='ltr'>injuria</span> <span class='ocrx_word' id='word_1_302' title='bbox 555 2607 598 2641; x_wconf 88' lang='lat' dir='ltr'><em>ab</em></span> <span class='ocrx_word' id='word_1_303' title='bbox 634 2605 678 2639; x_wconf 86' lang='lat' dir='ltr'><em>iis</em></span> <span class='ocrx_word' id='word_1_304' title='bbox 715 2609 870 2649; x_wconf 81' lang='lat' dir='ltr'>accepta,</span> 
     </span>
     <span class='ocr_line' id='line_1_48' title="bbox 58 2650 872 2698; baseline -0.004 -12"><span class='ocrx_word' id='word_1_305' title='bbox 58 2665 145 2698; x_wconf 85' lang='lat' dir='ltr'>quos</span> <span class='ocrx_word' id='word_1_306' title='bbox 177 2665 312 2698; x_wconf 78' lang='lat' dir='ltr'>semper</span> <span class='ocrx_word' id='word_1_307' title='bbox 347 2654 484 2698; x_wconf 87' lang='lat' dir='ltr'>iniquos</span> <span class='ocrx_word' id='word_1_308' title='bbox 517 2652 553 2686; x_wconf 90' lang='lat' dir='ltr'><em>in</em></span> <span class='ocrx_word' id='word_1_309' title='bbox 585 2663 647 2685; x_wconf 87' lang='lat' dir='ltr'><em>nos</em></span> <span class='ocrx_word' id='word_1_310' title='bbox 673 2662 749 2685; x_wconf 87' lang='lat' dir='ltr'>esse</span> <span class='ocrx_word' id='word_1_311' title='bbox 772 2650 872 2684; x_wconf 93' lang='lat' dir='ltr'>novi-</span> 
     </span>
     <span class='ocr_line' id='line_1_49' title="bbox 57 2696 872 2752; baseline -0.005 -19"><span class='ocrx_word' id='word_1_312' title='bbox 57 2711 151 2740; x_wconf 89' lang='lat' dir='ltr'><strong>mus,</strong></span> <span class='ocrx_word' id='word_1_313' title='bbox 188 2711 288 2743; x_wconf 84' lang='lat' dir='ltr'>quam</span> <span class='ocrx_word' id='word_1_314' title='bbox 323 2700 478 2740; x_wconf 84' lang='lat' dir='ltr'>illorum,</span> <span class='ocrx_word' id='word_1_315' title='bbox 514 2710 535 2733; x_wconf 81' lang='lat' dir='ltr'><strong>a</strong></span> <span class='ocrx_word' id='word_1_316' title='bbox 569 2698 693 2752; x_wconf 77' lang='lat' dir='ltr'>quibus</span> <span class='ocrx_word' id='word_1_317' title='bbox 729 2696 777 2731; x_wconf 84' lang='lat' dir='ltr'><em>nil</em></span> <span class='ocrx_word' id='word_1_318' title='bbox 802 2697 872 2730; x_wconf 84' lang='lat' dir='ltr'>tale</span> 
     </span>
     <span class='ocr_line' id='line_1_50' title="bbox 59 2740 873 2780; baseline -0.002 -1"><span class='ocrx_word' id='word_1_319' title='bbox 59 2746 302 2780; x_wconf 80' lang='lat' dir='ltr'>metuebamus</span> <span class='ocrx_word' id='word_1_320' title='bbox 306 2749 329 2765; x_wconf 77' lang='lat'><em>‘⁶</em></span> <span class='ocrx_word' id='word_1_321' title='bbox 355 2747 408 2779; x_wconf 72' lang='lat' dir='ltr'><em>Ex</em></span> <span class='ocrx_word' id='word_1_322' title='bbox 427 2746 475 2779; x_wconf 92' lang='grc' dir='ltr'><em>Η.</em></span> <span class='ocrx_word' id='word_1_323' title='bbox 505 2763 550 2770; x_wconf 91' lang='lat'>—</span> <span class='ocrx_word' id='word_1_324' title='bbox 583 2742 706 2780; x_wconf 74' lang='grc' dir='ltr'><em>ἀελλ.</em></span> <span class='ocrx_word' id='word_1_325' title='bbox 744 2740 873 2778; x_wconf 83' lang='grc' dir='ltr'><em>οἷελλό-</em></span> 
     </span>
     <span class='ocr_line' id='line_1_51' title="bbox 57 2790 873 2836; baseline -0.007 -9"><span class='ocrx_word' id='word_1_326' title='bbox 57 2805 164 2832; x_wconf 82' lang='grc' dir='ltr'><em>πους,</em></span> <span class='ocrx_word' id='word_1_327' title='bbox 190 2792 471 2836; x_wconf 81' lang='lat' dir='ltr'><strong>quemadmodum</strong></span> <span class='ocrx_word' id='word_1_328' title='bbox 494 2791 625 2835; x_wconf 78' lang='lat' dir='ltr'><strong>corripi</strong></span> <span class='ocrx_word' id='word_1_329' title='bbox 647 2790 762 2825; x_wconf 81' lang='lat' dir='ltr'>solere</span> <span class='ocrx_word' id='word_1_330' title='bbox 784 2790 873 2822; x_wconf 87' lang='lat' dir='ltr'>hanc</span> 
     </span>
     <span class='ocr_line' id='line_1_52' title="bbox 57 2837 871 2894; baseline -0.004 -22"><span class='ocrx_word' id='word_1_331' title='bbox 57 2839 230 2894; x_wconf 74' lang='lat' dir='ltr'>syllabam</span> <span class='ocrx_word' id='word_1_332' title='bbox 256 2839 376 2872; x_wconf 81' lang='lat' dir='ltr'>docuit</span> <span class='ocrx_word' id='word_1_333' title='bbox 399 2838 516 2882; x_wconf 81' lang='lat' dir='ltr'>Etym.</span> <span class='ocrx_word' id='word_1_334' title='bbox 540 2837 640 2871; x_wconf 80' lang='lat' dir='ltr'>Sch.·</span> <span class='ocrx_word' id='word_1_335' title='bbox 665 2848 871 2889; x_wconf 82' lang='grc' dir='ltr'><em>ταχυπους,</em></span> 
     </span>
     <span class='ocr_line' id='line_1_53' title="bbox 57 2880 872 2928; baseline -0.006 -9"><span class='ocrx_word' id='word_1_336' title='bbox 57 2883 161 2927; x_wconf 71' lang='grc' dir='ltr'><em>παρὰ</em></span> <span class='ocrx_word' id='word_1_337' title='bbox 185 2882 254 2924; x_wconf 77' lang='grc' dir='ltr'><em>τοὶς</em></span> <span class='ocrx_word' id='word_1_338' title='bbox 280 2883 420 2924; x_wconf 69' lang='grc' dir='ltr'><em>ἀέλλας.</em></span> <span class='ocrx_word' id='word_1_339' title='bbox 467 2882 683 2927; x_wconf 81' lang='grc' dir='ltr'><em>ποδήνεμον</em></span> <span class='ocrx_word' id='word_1_340' title='bbox 708 2881 797 2916; x_wconf 81' lang='lat' dir='ltr'>dixit</span> <span class='ocrx_word' id='word_1_341' title='bbox 823 2880 872 2928; x_wconf 86' lang='grc' dir='ltr'><em>β’,</em></span> 
     </span>
     <span class='ocr_line' id='line_1_54' title="bbox 58 2928 873 2973; baseline -0.004 -8"><span class='ocrx_word' id='word_1_342' title='bbox 58 2933 138 2965; x_wconf 84' lang='grc'><em>786.</em></span> <span class='ocrx_word' id='word_1_343' title='bbox 164 2937 200 2964; x_wconf 83' lang='lat' dir='ltr'><em>et</em></span> <span class='ocrx_word' id='word_1_344' title='bbox 224 2930 318 2964; x_wconf 63' lang='lat' dir='ltr'>alias.</span> <span class='ocrx_word' id='word_1_345' title='bbox 366 2940 490 2964; x_wconf 84' lang='lat' dir='ltr'>versus</span> <span class='ocrx_word' id='word_1_346' title='bbox 513 2930 637 2964; x_wconf 80' lang='lat' dir='ltr'>iterum</span> <span class='ocrx_word' id='word_1_347' title='bbox 662 2928 873 2973; x_wconf 73' lang='lat' dir='ltr'>tertiumque</span> 
     </span>
     <span class='ocr_line' id='line_1_55' title="bbox 58 2974 493 3018; baseline -0.002 -8"><span class='ocrx_word' id='word_1_348' title='bbox 58 2977 174 3011; x_wconf 80' lang='lat' dir='ltr'>inatus</span> <span class='ocrx_word' id='word_1_349' title='bbox 198 2974 249 3018; x_wconf 84' lang='grc' dir='ltr'><em>ω’,</em></span> <span class='ocrx_word' id='word_1_350' title='bbox 274 2979 330 3012; x_wconf 91' lang='grc'><em>77.</em></span> <span class='ocrx_word' id='word_1_351' title='bbox 356 2980 393 3011; x_wconf 84' lang='lat' dir='ltr'><em>et</em></span> <span class='ocrx_word' id='word_1_352' title='bbox 416 2977 493 3012; x_wconf 87' lang='lat'><strong>159.</strong></span> 
     </span>
    </p>
   </div>
   <div class='ocr_carea' id='block_1_11' title="bbox 104 3016 872 3068">
    <p class='ocr_par' dir='ltr' id='par_1_12' title="bbox 104 3016 872 3068">
     <span class='ocr_line' id='line_1_56' title="bbox 104 3016 872 3068; baseline -0.007 -9"><span class='ocrx_word' id='word_1_353' title='bbox 104 3022 185 3059; x_wconf 74' lang='lat'><strong>422.</strong></span> <span class='ocrx_word' id='word_1_354' title='bbox 232 3019 352 3058; x_wconf 71' lang='grc' dir='ltr'><em>ἀλλά</em></span> <span class='ocrx_word' id='word_1_355' title='bbox 378 3021 480 3068; x_wconf 75' lang='grc' dir='ltr'><em>σύγ’</em></span> <span class='ocrx_word' id='word_1_356' title='bbox 507 3022 595 3058; x_wconf 83' lang='grc' dir='ltr'><em>αἰν.</em></span> <span class='ocrx_word' id='word_1_357' title='bbox 632 3020 683 3055; x_wconf 78' lang='lat' dir='ltr'><em>E:</em></span> <span class='ocrx_word' id='word_1_358' title='bbox 709 3016 802 3055; x_wconf 73' lang='grc' dir='ltr'><em>ἀλλὰ</em></span> <span class='ocrx_word' id='word_1_359' title='bbox 826 3017 872 3055; x_wconf 80' lang='grc' dir='ltr'><em>σύ</em></span> 
     </span>
    </p>
   </div>
   <div class='ocr_carea' id='block_1_12' title="bbox 915 2046 1731 3067">
    <p class='ocr_par' dir='ltr' id='par_1_13' title="bbox 915 2046 1730 2268">
     <span class='ocr_line' id='line_1_57' title="bbox 915 2046 1729 2091; baseline -0.002 -7"><span class='ocrx_word' id='word_1_360' title='bbox 915 2047 970 2091; x_wconf 82' lang='grc' dir='ltr'><em>εἷς</em></span> <span class='ocrx_word' id='word_1_361' title='bbox 993 2048 1069 2085; x_wconf 85' lang='grc' dir='ltr'><em>αἰν.</em></span> <span class='ocrx_word' id='word_1_362' title='bbox 1101 2048 1261 2082; x_wconf 83' lang='lat' dir='ltr'>Ernest.:</span> <span class='ocrx_word' id='word_1_363' title='bbox 1298 2051 1360 2087; x_wconf 82' lang='lat' dir='ltr'><em>„at</em></span> <span class='ocrx_word' id='word_1_364' title='bbox 1390 2051 1428 2080; x_wconf 86' lang='lat' dir='ltr'><em>tu</em></span> <span class='ocrx_word' id='word_1_365' title='bbox 1454 2046 1610 2090; x_wconf 77' lang='lat' dir='ltr'>profecto</span> <span class='ocrx_word' id='word_1_366' title='bbox 1635 2047 1729 2082; x_wconf 87' lang='lat' dir='ltr'>fero-</span> 
     </span>
     <span class='ocr_line' id='line_1_58' title="bbox 915 2092 1730 2134; baseline -0.002 -4"><span class='ocrx_word' id='word_1_367' title='bbox 915 2097 1054 2130; x_wconf 80' lang='lat' dir='ltr'>cissima</span> <span class='ocrx_word' id='word_1_368' title='bbox 1088 2100 1124 2129; x_wconf 77' lang='lat' dir='ltr'><em>et</em></span> <span class='ocrx_word' id='word_1_369' title='bbox 1168 2093 1393 2128; x_wconf 77' lang='lat' dir='ltr'>audacissima</span> <span class='ocrx_word' id='word_1_370' title='bbox 1428 2093 1499 2134; x_wconf 86' lang='lat' dir='ltr'><em>sis,</em></span> <span class='ocrx_word' id='word_1_371' title='bbox 1541 2092 1570 2126; x_wconf 89' lang='lat' dir='ltr'><em>si</em></span> <span class='ocrx_word' id='word_1_372' title='bbox 1605 2104 1730 2128; x_wconf 87' lang='lat' dir='ltr'>revera</span> 
     </span>
     <span class='ocr_line' id='line_1_59' title="bbox 916 2138 1730 2179; baseline -0.005 -3"><span class='ocrx_word' id='word_1_373' title='bbox 916 2143 1004 2176; x_wconf 85' lang='lat' dir='ltr'>vis“</span> <span class='ocrx_word' id='word_1_374' title='bbox 1030 2147 1098 2176; x_wconf 78' lang='lat' dir='ltr'>etc.</span> <span class='ocrx_word' id='word_1_375' title='bbox 1148 2139 1270 2174; x_wconf 79' lang='grc' dir='ltr'><em>κύον</em></span> <span class='ocrx_word' id='word_1_376' title='bbox 1295 2138 1475 2179; x_wconf 83' lang='grc' dir='ltr'><em>ἀδδεές.</em></span> <span class='ocrx_word' id='word_1_377' title='bbox 1520 2139 1586 2172; x_wconf 76' lang='lat' dir='ltr'><em>hoc</em></span> <span class='ocrx_word' id='word_1_378' title='bbox 1611 2140 1730 2173; x_wconf 89' lang='lat' dir='ltr'>convi-</span> 
     </span>
     <span class='ocr_line' id='line_1_60' title="bbox 917 2182 1728 2229; baseline -0.004 -7"><span class='ocrx_word' id='word_1_379' title='bbox 917 2189 970 2222; x_wconf 84' lang='lat' dir='ltr'><em>cio</em></span> <span class='ocrx_word' id='word_1_380' title='bbox 997 2189 1098 2221; x_wconf 76' lang='lat' dir='ltr'>etiam</span> <span class='ocrx_word' id='word_1_381' title='bbox 1119 2186 1261 2220; x_wconf 82' lang='lat' dir='ltr'>Dianam</span> <span class='ocrx_word' id='word_1_382' title='bbox 1284 2186 1450 2220; x_wconf 79' lang='lat' dir='ltr'>verberat</span> <span class='ocrx_word' id='word_1_383' title='bbox 1467 2184 1556 2218; x_wconf 88' lang='lat' dir='ltr'>Juno</span> <span class='ocrx_word' id='word_1_384' title='bbox 1575 2182 1628 2229; x_wconf 86' lang='grc' dir='ltr'><em>φ’,</em></span> <span class='ocrx_word' id='word_1_385' title='bbox 1648 2186 1728 2221; x_wconf 83' lang='lat'>480.</span> 
     </span>
     <span class='ocr_line' id='line_1_61' title="bbox 915 2234 1043 2268; baseline -0.017 0"><span class='ocrx_word' id='word_1_386' title='bbox 915 2235 971 2268; x_wconf 71' lang='lat' dir='ltr'><em>Ex</em></span> <span class='ocrx_word' id='word_1_387' title='bbox 997 2234 1043 2268; x_wconf 87' lang='lat' dir='ltr'><em>H.</em></span> 
     </span>
    </p>

    <p class='ocr_par' dir='ltr' id='par_1_14' title="bbox 917 2275 1731 2644">
     <span class='ocr_line' id='line_1_62' title="bbox 961 2275 1728 2322; baseline -0.003 -8"><span class='ocrx_word' id='word_1_388' title='bbox 961 2280 1042 2316; x_wconf 70' lang='lat'><strong>429.</strong></span> <span class='ocrx_word' id='word_1_389' title='bbox 1091 2293 1149 2314; x_wconf 89' lang='grc' dir='ltr'><em>τα</em></span> <span class='ocrx_word' id='word_1_390' title='bbox 1175 2275 1199 2312; x_wconf 82' lang='grc' dir='ltr'><strong>ἆ</strong></span> <span class='ocrx_word' id='word_1_391' title='bbox 1232 2290 1326 2322; x_wconf 85' lang='grc' dir='ltr'><em>φρ.,</em></span> <span class='ocrx_word' id='word_1_392' title='bbox 1351 2288 1415 2310; x_wconf 83' lang='lat' dir='ltr'><em>sua</em></span> <span class='ocrx_word' id='word_1_393' title='bbox 1436 2278 1615 2322; x_wconf 77' lang='lat' dir='ltr'><em>cogitam,</em></span> <span class='ocrx_word' id='word_1_394' title='bbox 1641 2278 1675 2311; x_wconf 89' lang='lat' dir='ltr'><em>h.</em></span> <span class='ocrx_word' id='word_1_395' title='bbox 1697 2290 1728 2312; x_wconf 90' lang='lat' dir='ltr'><em>e.</em></span> 
     </span>
     <span class='ocr_line' id='line_1_63' title="bbox 918 2323 1729 2371; baseline -0.006 -10"><span class='ocrx_word' id='word_1_396' title='bbox 918 2339 978 2367; x_wconf 88' lang='lat' dir='ltr'><em>ea,</em></span> <span class='ocrx_word' id='word_1_397' title='bbox 1003 2338 1093 2371; x_wconf 88' lang='lat' dir='ltr'>quae</span> <span class='ocrx_word' id='word_1_398' title='bbox 1118 2325 1161 2359; x_wconf 79' lang='lat' dir='ltr'><em>ad</em></span> <span class='ocrx_word' id='word_1_399' title='bbox 1184 2324 1277 2358; x_wconf 86' lang='lat' dir='ltr'>illum</span> <span class='ocrx_word' id='word_1_400' title='bbox 1303 2324 1487 2368; x_wconf 84' lang='lat' dir='ltr'>pertinent,</span> <span class='ocrx_word' id='word_1_401' title='bbox 1510 2323 1546 2356; x_wconf 90' lang='lat' dir='ltr'><em>in</em></span> <span class='ocrx_word' id='word_1_402' title='bbox 1571 2335 1659 2368; x_wconf 86' lang='lat' dir='ltr'>quae</span> <span class='ocrx_word' id='word_1_403' title='bbox 1671 2335 1729 2367; x_wconf 72' lang='lat' dir='ltr'><em>1us</em></span> 
     </span>
     <span class='ocr_line' id='line_1_64' title="bbox 918 2370 1729 2414; baseline -0.004 -7"><span class='ocrx_word' id='word_1_404' title='bbox 918 2373 1043 2414; x_wconf 77' lang='lat' dir='ltr'>habet,</span> <span class='ocrx_word' id='word_1_405' title='bbox 1087 2383 1162 2406; x_wconf 90' lang='lat' dir='ltr'><em>cum</em></span> <span class='ocrx_word' id='word_1_406' title='bbox 1200 2371 1276 2405; x_wconf 78' lang='lat' dir='ltr'>aliis</span> <span class='ocrx_word' id='word_1_407' title='bbox 1314 2371 1405 2403; x_wconf 83' lang='lat' dir='ltr'><strong>haud</strong></span> <span class='ocrx_word' id='word_1_408' title='bbox 1441 2370 1729 2404; x_wconf 84' lang='lat' dir='ltr'>communicanda.</span> 
     </span>
     <span class='ocr_line' id='line_1_65' title="bbox 919 2414 1729 2458; baseline -0.004 -6"><span class='ocrx_word' id='word_1_409' title='bbox 919 2419 1005 2452; x_wconf 83' lang='lat' dir='ltr'>dicit</span> <span class='ocrx_word' id='word_1_410' title='bbox 1030 2422 1140 2452; x_wconf 80' lang='lat' dir='ltr'>autem</span> <span class='ocrx_word' id='word_1_411' title='bbox 1166 2416 1207 2452; x_wconf 87' lang='grc' dir='ltr'>τὸ</span> <span class='ocrx_word' id='word_1_412' title='bbox 1234 2414 1395 2458; x_wconf 70' lang='grc' dir='ltr'><em>δικάζειν</em></span> <span class='ocrx_word' id='word_1_413' title='bbox 1424 2420 1460 2449; x_wconf 82' lang='lat' dir='ltr'><em>et</em></span> <span class='ocrx_word' id='word_1_414' title='bbox 1484 2427 1643 2450; x_wconf 87' lang='lat' dir='ltr'><strong>summum</strong></span> <span class='ocrx_word' id='word_1_415' title='bbox 1667 2416 1729 2449; x_wconf 88' lang='lat' dir='ltr'><em>Jo-</em></span> 
     </span>
     <span class='ocr_line' id='line_1_66' title="bbox 919 2460 1730 2509; baseline -0.001 -11"><span class='ocrx_word' id='word_1_416' title='bbox 919 2465 973 2498; x_wconf 72' lang='lat' dir='ltr'><em>vis</em></span> <span class='ocrx_word' id='word_1_417' title='bbox 997 2464 1185 2509; x_wconf 84' lang='lat' dir='ltr'>imperium·</span> <span class='ocrx_word' id='word_1_418' title='bbox 1210 2483 1255 2488; x_wconf 89' lang='lat'>—</span> <span class='ocrx_word' id='word_1_419' title='bbox 1281 2462 1416 2507; x_wconf 78' lang='grc' dir='ltr'><em>οἷμβρ.</em></span> <span class='ocrx_word' id='word_1_420' title='bbox 1447 2464 1581 2502; x_wconf 79' lang='grc' dir='ltr'><em>θείαις.</em></span> <span class='ocrx_word' id='word_1_421' title='bbox 1617 2463 1661 2496; x_wconf 78' lang='lat' dir='ltr'><em>cf.</em></span> <span class='ocrx_word' id='word_1_422' title='bbox 1683 2460 1730 2505; x_wconf 81' lang='grc' dir='ltr'><em>α’,</em></span> 
     </span>
     <span class='ocr_line' id='line_1_67' title="bbox 918 2506 1730 2554; baseline -0.004 -8"><span class='ocrx_word' id='word_1_423' title='bbox 918 2513 998 2546; x_wconf 72' lang='grc'><em>529.</em></span> <span class='ocrx_word' id='word_1_424' title='bbox 1026 2518 1093 2545; x_wconf 84' lang='lat' dir='ltr'>etc.</span> <span class='ocrx_word' id='word_1_425' title='bbox 1112 2530 1156 2536; x_wconf 94' lang='lat'>—</span> <span class='ocrx_word' id='word_1_426' title='bbox 1182 2511 1285 2543; x_wconf 64' lang='grc' dir='ltr'><em>δάιε</em></span> <span class='ocrx_word' id='word_1_427' title='bbox 1310 2509 1530 2554; x_wconf 77' lang='grc' dir='ltr'><em>κάπῃσιν.</em></span> <span class='ocrx_word' id='word_1_428' title='bbox 1556 2506 1730 2553; x_wconf 66' lang='grc' dir='ltr'><em>φάτναις,</em></span> 
     </span>
     <span class='ocr_line' id='line_1_68' title="bbox 918 2555 1731 2602; baseline -0.002 -10"><span class='ocrx_word' id='word_1_429' title='bbox 918 2557 1021 2602; x_wconf 68' lang='grc' dir='ltr'><em>παρὰ</em></span> <span class='ocrx_word' id='word_1_430' title='bbox 1046 2556 1088 2592; x_wconf 88' lang='grc' dir='ltr'><em>τὸ</em></span> <span class='ocrx_word' id='word_1_431' title='bbox 1114 2557 1152 2592; x_wconf 82' lang='grc' dir='ltr'><em>ἐν</em></span> <span class='ocrx_word' id='word_1_432' title='bbox 1172 2555 1305 2596; x_wconf 78' lang='grc' dir='ltr'><em>αὐταῖς</em></span> <span class='ocrx_word' id='word_1_433' title='bbox 1323 2555 1542 2599; x_wconf 75' lang='grc' dir='ltr'><em>ἱσταμένους</em></span> <span class='ocrx_word' id='word_1_434' title='bbox 1558 2568 1648 2596; x_wconf 86' lang='grc' dir='ltr'><em>τους</em></span> <span class='ocrx_word' id='word_1_435' title='bbox 1670 2556 1731 2590; x_wconf 59' lang='lat' dir='ltr'><em>tm</em></span> 
     </span>
     <span class='ocr_line' id='line_1_69' title="bbox 917 2601 1557 2644; baseline -0.005 -6"><span class='ocrx_word' id='word_1_436' title='bbox 917 2617 1012 2644; x_wconf 82' lang='grc' dir='ltr'><em>πονς</em></span> <span class='ocrx_word' id='word_1_437' title='bbox 1036 2602 1210 2644; x_wconf 78' lang='grc' dir='ltr'><em>κάπτειν,</em></span> <span class='ocrx_word' id='word_1_438' title='bbox 1236 2602 1256 2638; x_wconf 87' lang='lat'><em>6&#39;</em></span> <span class='ocrx_word' id='word_1_439' title='bbox 1282 2601 1379 2637; x_wconf 78' lang='grc' dir='ltr'><em>ἐστιν</em></span> <span class='ocrx_word' id='word_1_440' title='bbox 1403 2601 1557 2637; x_wconf 78' lang='grc' dir='ltr'><em>ἐσθίειν.</em></span> 
     </span>
    </p>

    <p class='ocr_par' dir='ltr' id='par_1_15' title="bbox 917 2647 1731 3067">
     <span class='ocr_line' id='line_1_70' title="bbox 964 2647 1728 2693; baseline -0.008 -6"><span class='ocrx_word' id='word_1_441' title='bbox 964 2649 1044 2686; x_wconf 83' lang='grc'><em>434.</em></span> <span class='ocrx_word' id='word_1_442' title='bbox 1094 2649 1143 2685; x_wconf 80' lang='grc' dir='ltr'><em>ἐν</em></span> <span class='ocrx_word' id='word_1_443' title='bbox 1167 2661 1313 2693; x_wconf 84' lang='grc' dir='ltr'><em>παμφ.</em></span> <span class='ocrx_word' id='word_1_444' title='bbox 1323 2674 1334 2690; x_wconf 92' lang='grc'><em>,</em></span> <span class='ocrx_word' id='word_1_445' title='bbox 1358 2654 1398 2682; x_wconf 87' lang='lat' dir='ltr'><em>ut</em></span> <span class='ocrx_word' id='word_1_446' title='bbox 1422 2647 1465 2690; x_wconf 83' lang='grc' dir='ltr'><em>ν’,</em></span> <span class='ocrx_word' id='word_1_447' title='bbox 1488 2649 1579 2690; x_wconf 76' lang='grc'><em>261,</em></span> <span class='ocrx_word' id='word_1_448' title='bbox 1599 2647 1728 2693; x_wconf 74' lang='lat' dir='ltr'>Odyss-</span> 
     </span>
     <span class='ocr_line' id='line_1_71' title="bbox 917 2693 1731 2753; baseline -0.005 -21"><span class='ocrx_word' id='word_1_449' title='bbox 917 2695 962 2741; x_wconf 82' lang='grc' dir='ltr'><em>χ’,</em></span> <span class='ocrx_word' id='word_1_450' title='bbox 989 2699 1067 2732; x_wconf 74' lang='grc'><em>121.</em></span> <span class='ocrx_word' id='word_1_451' title='bbox 1103 2697 1203 2730; x_wconf 85' lang='lat' dir='ltr'><strong>Sch.=</strong></span> <span class='ocrx_word' id='word_1_452' title='bbox 1238 2695 1331 2753; x_wconf 81' lang='grc' dir='ltr'><em>πρὸς</em></span> <span class='ocrx_word' id='word_1_453' title='bbox 1365 2708 1456 2735; x_wconf 81' lang='grc' dir='ltr'><em>τους</em></span> <span class='ocrx_word' id='word_1_454' title='bbox 1487 2693 1525 2737; x_wconf 77' lang='grc' dir='ltr'><em>ἐξ</em></span> <span class='ocrx_word' id='word_1_455' title='bbox 1558 2693 1731 2735; x_wconf 79' lang='grc' dir='ltr'><em>ἐναντίας</em></span> 
     </span>
     <span class='ocr_line' id='line_1_72' title="bbox 919 2739 1727 2786; baseline -0.004 -8"><span class='ocrx_word' id='word_1_456' title='bbox 919 2743 994 2778; x_wconf 74' lang='grc' dir='ltr'><em>ταῖν</em></span> <span class='ocrx_word' id='word_1_457' title='bbox 1020 2742 1176 2779; x_wconf 82' lang='grc' dir='ltr'><em>εἰσόδων</em></span> <span class='ocrx_word' id='word_1_458' title='bbox 1200 2745 1370 2786; x_wconf 78' lang='grc' dir='ltr'><em>τοίχους,</em></span> <span class='ocrx_word' id='word_1_459' title='bbox 1405 2739 1469 2777; x_wconf 84' lang='grc' dir='ltr'><em>δια</em></span> <span class='ocrx_word' id='word_1_460' title='bbox 1503 2739 1544 2775; x_wconf 81' lang='grc' dir='ltr'><em>τὰ</em></span> <span class='ocrx_word' id='word_1_461' title='bbox 1572 2742 1727 2786; x_wconf 79' lang='grc' dir='ltr'><em>φωτίζε-</em></span> 
     </span>
     <span class='ocr_line' id='line_1_73' title="bbox 920 2788 1728 2832; baseline -0.005 -7"><span class='ocrx_word' id='word_1_462' title='bbox 920 2793 1014 2825; x_wconf 81' lang='grc' dir='ltr'><em>σθαι</em></span> <span class='ocrx_word' id='word_1_463' title='bbox 1037 2788 1112 2825; x_wconf 84' lang='grc' dir='ltr'><em>υπὸ</em></span> <span class='ocrx_word' id='word_1_464' title='bbox 1135 2789 1209 2824; x_wconf 78' lang='grc' dir='ltr'><em>τῶν</em></span> <span class='ocrx_word' id='word_1_465' title='bbox 1222 2789 1365 2831; x_wconf 79' lang='grc' dir='ltr'><em>θυρῶν.</em></span> <span class='ocrx_word' id='word_1_466' title='bbox 1398 2800 1494 2831; x_wconf 80' lang='grc' dir='ltr'><em>παμ</em></span> <span class='ocrx_word' id='word_1_467' title='bbox 1509 2801 1550 2831; x_wconf 85' lang='grc' dir='ltr'><em>φ.</em></span> <span class='ocrx_word' id='word_1_468' title='bbox 1575 2789 1728 2832; x_wconf 77' lang='grc' dir='ltr'><em>φαίνον-</em></span> 
     </span>
     <span class='ocr_line' id='line_1_74' title="bbox 917 2833 1727 2879; baseline -0.006 -8"><span class='ocrx_word' id='word_1_469' title='bbox 917 2849 986 2878; x_wconf 82' lang='grc' dir='ltr'><em>τοι,</em></span> <span class='ocrx_word' id='word_1_470' title='bbox 1022 2834 1225 2879; x_wconf 83' lang='grc' dir='ltr'><em>λάμποντα.</em></span> <span class='ocrx_word' id='word_1_471' title='bbox 1280 2835 1437 2868; x_wconf 82' lang='lat' dir='ltr'>similiter</span> <span class='ocrx_word' id='word_1_472' title='bbox 1471 2834 1588 2868; x_wconf 81' lang='lat' dir='ltr'><strong>Schol.</strong></span> <span class='ocrx_word' id='word_1_473' title='bbox 1618 2834 1649 2867; x_wconf 88' lang='lat' dir='ltr'><strong>B</strong></span> <span class='ocrx_word' id='word_1_474' title='bbox 1682 2833 1727 2867; x_wconf 82' lang='lat' dir='ltr'><em>ad</em></span> 
     </span>
     <span class='ocr_line' id='line_1_75' title="bbox 917 2876 1729 2924; baseline -0.005 -6"><span class='ocrx_word' id='word_1_475' title='bbox 917 2896 964 2924; x_wconf 87' lang='grc' dir='ltr'><em>ν,</em></span> <span class='ocrx_word' id='word_1_476' title='bbox 988 2884 1067 2918; x_wconf 69' lang='lat'>261.</span> <span class='ocrx_word' id='word_1_477' title='bbox 1079 2895 1090 2924; x_wconf 85' lang='lat'>3</span> <span class='ocrx_word' id='word_1_478' title='bbox 1114 2882 1175 2917; x_wconf 79' lang='lat' dir='ltr'><em>sed</em></span> <span class='ocrx_word' id='word_1_479' title='bbox 1199 2882 1285 2916; x_wconf 86' lang='lat' dir='ltr'>haec</span> <span class='ocrx_word' id='word_1_480' title='bbox 1310 2881 1427 2915; x_wconf 83' lang='lat' dir='ltr'>addit:</span> <span class='ocrx_word' id='word_1_481' title='bbox 1452 2879 1488 2915; x_wconf 76' lang='grc' dir='ltr'><em>οἱ</em></span> <span class='ocrx_word' id='word_1_482' title='bbox 1506 2879 1546 2915; x_wconf 81' lang='grc' dir='ltr'><em>δὲ</em></span> <span class='ocrx_word' id='word_1_483' title='bbox 1570 2878 1616 2915; x_wconf 75' lang='grc' dir='ltr'><em>τοὶ</em></span> <span class='ocrx_word' id='word_1_484' title='bbox 1637 2876 1729 2922; x_wconf 77' lang='grc' dir='ltr'><em>πρό-</em></span> 
     </span>
     <span class='ocr_line' id='line_1_76' title="bbox 918 2925 1729 2972; baseline -0.007 -8"><span class='ocrx_word' id='word_1_485' title='bbox 918 2932 1042 2971; x_wconf 78' lang='grc' dir='ltr'><em>θυρα,</em></span> <span class='ocrx_word' id='word_1_486' title='bbox 1071 2927 1131 2964; x_wconf 82' lang='grc' dir='ltr'><em>δι’</em></span> <span class='ocrx_word' id='word_1_487' title='bbox 1156 2929 1209 2962; x_wconf 84' lang='grc' dir='ltr'><em>ὠν</em></span> <span class='ocrx_word' id='word_1_488' title='bbox 1233 2929 1315 2972; x_wconf 79' lang='grc' dir='ltr'><em>φῶς</em></span> <span class='ocrx_word' id='word_1_489' title='bbox 1339 2927 1548 2972; x_wconf 82' lang='grc' dir='ltr'><em>εἰσέρχεται.</em></span> <span class='ocrx_word' id='word_1_490' title='bbox 1606 2925 1729 2960; x_wconf 81' lang='lat' dir='ltr'><strong>Pollux</strong></span> 
     </span>
     <span class='ocr_line' id='line_1_77' title="bbox 918 2973 1729 3028; baseline -0.01 -16"><span class='ocrx_word' id='word_1_491' title='bbox 918 2978 962 3017; x_wconf 75' lang='grc'><em>2,</em></span> <span class='ocrx_word' id='word_1_492' title='bbox 981 2977 1061 3012; x_wconf 84' lang='lat'><strong>53.:</strong></span> <span class='ocrx_word' id='word_1_493' title='bbox 1086 2974 1132 3010; x_wconf 80' lang='grc' dir='ltr'><em>τοὶ</em></span> <span class='ocrx_word' id='word_1_494' title='bbox 1157 2973 1261 3014; x_wconf 82' lang='grc' dir='ltr'><em>ἐντὸς</em></span> <span class='ocrx_word' id='word_1_495' title='bbox 1285 2974 1359 3008; x_wconf 77' lang='grc' dir='ltr'><em>τῶν</em></span> <span class='ocrx_word' id='word_1_496' title='bbox 1379 2974 1536 3028; x_wconf 79' lang='grc' dir='ltr'><em>θυρῶν,</em></span> <span class='ocrx_word' id='word_1_497' title='bbox 1561 2983 1650 3015; x_wconf 74' lang='lat' dir='ltr'>quae</span> <span class='ocrx_word' id='word_1_498' title='bbox 1662 2982 1729 3004; x_wconf 87' lang='lat' dir='ltr'><em>non</em></span> 
     </span>
     <span class='ocr_line' id='line_1_78' title="bbox 919 3020 1417 3067; baseline -0.004 -11"><span class='ocrx_word' id='word_1_499' title='bbox 919 3034 986 3057; x_wconf 89' lang='lat' dir='ltr'><em>uno</em></span> <span class='ocrx_word' id='word_1_500' title='bbox 1029 3022 1127 3056; x_wconf 85' lang='lat' dir='ltr'><strong>modo</strong></span> <span class='ocrx_word' id='word_1_501' title='bbox 1165 3020 1417 3067; x_wconf 82' lang='lat' dir='ltr'>interpreteris.</span> 
     </span>
    </p>
   </div>
   <div class='ocr_carea' id='block_1_13' title="bbox 1472 3017 1731 3064">
    <p class='ocr_par' dir='ltr' id='par_1_16' title="bbox 1472 3017 1731 3064">
     <span class='ocr_line' id='line_1_79' title="bbox 1472 3017 1731 3064; baseline -0.008 -10"><span class='ocrx_word' id='word_1_502' title='bbox 1472 3017 1731 3064; x_wconf 75' lang='lat' dir='ltr'>intelligendum</span> 
     </span>
    </p>
   </div>
   <div class='ocr_carea' id='block_1_14' title="bbox 1777 1850 1811 3269">
    <p class='ocr_par' dir='ltr' id='par_1_17' title="bbox 1777 1850 1811 3269">
     <span class='ocr_line' id='line_1_80' title="bbox 1777 1850 1811 3269; baseline 0 0"><span class='ocrx_word' id='word_1_503' title='bbox 1777 1850 1811 3269; x_wconf 95' lang='lat' dir='ltr'><em> </em></span> 
     </span>
    </p>
   </div>
  </div>
 </body>
</html>
