1811 3269
739 131 1142 176 ΟΜΗΡΟΥ

340 237 563 294 ,,Ζω’γρει,
589 238 760 293 Ἀτρέος
788 240 879 294 υἱὲ,
909 242 966 286 συ
1001 242 1046 288 δ’
1078 242 1177 296 ἄξια
1207 244 1326 298 δέξαι
1357 246 1540 292 ἄποινα·

260 296 400 339 πολλὰ
432 297 476 339 δ’
509 296 556 339 ἐν
582 295 858 366 Ἀντιμάχοιο
890 299 1043 353 δόμοις
1071 301 1272 370 κειμήλια
1301 309 1451 358 κεῖται,

261 352 420 408 χαλκός
448 369 515 404 τε,
545 352 710 409 χρυσός
738 371 805 406 τε,
835 356 1118 428 πολύκμητός
1147 374 1192 401 τε
1223 361 1424 432 σίδηρος·

263 414 354 452 τῶν
383 410 459 452 κέν
487 426 557 452 τοι
588 412 815 466 χαρίσαιτο
836 415 996 485 πατὴρ
1029 414 1240 469 ἀπερείσι’
1273 416 1451 472 ἄποινα,

149 471 229 511 135
261 468 297 510 εἰ
326 470 413 509 νωϊ
443 468 581 520 ζωοὺς
612 467 848 512 πεπύθοιτ’
880 470 949 513 ἐπὶ
978 472 1136 526 νηυσὶν
1162 470 1384 528 Ἀχαιῶν.“

327 522 412 574 Ὡς
442 522 554 579 τώγε
583 526 784 569 κλαίοντε
812 528 1134 600 προσαυδήτην
1135 531 1344 602 βασιλῆα

261 582 488 636 μειλιχίοις
518 580 732 625 ἐπέεσσιν·
765 581 1011 638 αμείλικτον
1042 584 1085 628 6²
1118 584 1194 629 ὄπ’
1227 585 1449 630 α’κουσαν·

231 644 250 662 ᾖ

340 638 426 690 „Ei
455 637 536 693 μὲν
566 638 620 695 δή
646 637 921 709 Ἀντιμάχοιο
954 643 1203 697 δαΐφρονος
1232 643 1346 695 υἱέες
1375 644 1515 694 ἐστὸν,

261 692 312 743 69
342 692 443 736 ποτ’
476 694 542 738 ἐνὶ
576 695 741 750 Τρώων
761 696 915 767 ἀγορῇ
945 700 1181 742 Μενέλαον
1212 700 1393 757 ἄνωγεν,

148 752 228 795 140
260 748 469 808 αγγελίην
498 752 686 796 ἐλθόντα
718 753 800 797 σύν
831 754 1020 812 α’ντιθέῳ
1048 755 1239 829 Ὀδυσῆϊ,

230 808 370 851 *αύθι
398 815 698 861 κατακτεῖναι,
731 809 838 866 μηδ’
868 801 1013 866 ἐξέμεν
1044 812 1106 863 ἄψ
1136 813 1180 864 ἐς
1204 812 1422 885 Ἀχαιούς,

260 869 346 908 νῦν
377 865 456 918 μὲν
486 866 539 922 δὴ
571 871 650 909 τοῦ
680 867 846 921 πατρός
877 867 1022 912 αεικέα
1051 873 1187 914 τίσετε
1216 871 1372 932 λώβην.
1382 876 1407 895 “

334 916 413 973 Ἠ,
444 923 518 965 καὶ
550 925 832 977 Πείσανδρον
862 926 941 979 μὲν
970 925 1054 981 αφ’
1087 929 1233 971 ι’ππων
1263 933 1348 971 ὦσε
1377 929 1551 983 χαμᾶζε,

262 979 392 1032 δουρὶ
423 979 582 1052 βαλων
603 980 714 1033 πρός
744 985 925 1035 στῆθος
958 982 982 1026 ὁ
1013 984 1059 1027 δ’
1088 984 1244 1036 ὕπτιος
1274 985 1397 1028 οὔδει
1425 984 1616 1041 ἐρείσθη.

148 1037 227 1080 145
254 1034 508 1090 Ἱππόλοχος
539 1035 582 1079 δ’
617 1035 866 1092 ἀπόρουσε,
896 1039 975 1083 τὸν
1006 1036 1062 1083 αὖ
1091 1043 1225 1097 χαμαὶ
1253 1041 1510 1096 ἐξεναριξεν,

256 1097 402 1162 χεῖρας
433 1092 518 1136 ἀπὸ
530 1095 669 1166 ξίφει
695 1094 877 1152 τμήξας,
910 1094 998 1140 από
1027 1097 1072 1141 τ’
1102 1098 1265 1154 αὐχένα
1295 1098 1451 1152 κόψας,

258 1149 397 1206 ὄλμον
429 1148 470 1194 δ’
502 1149 561 1202 ὡς
592 1151 738 1195 ε’σσευε
768 1154 1056 1198 κυλίνδεσθαι
1085 1155 1148 1200 δι’
1178 1158 1350 1213 ὁμίλου.

85 1287 224 1310 πτοντο
250 1273 328 1312 02⁹
311 1289 349 1311 εκ
370 1275 512 1332 δίφρου
536 1276 683 1319 (cf.143
704 1289 800 1333 seqq.
804 1278 822 1322 )
840 1281 899 1312 λα-

84 1323 255 1364 λοῦντες,
281 1323 316 1358 εἰ
337 1321 387 1367 μή
415 1321 488 1365 ἄρα
512 1324 559 1367 τῇ
578 1335 673 1358 κατα
693 1326 787 1358 νοῦν
804 1327 900 1371 μόνῃ

85 1371 294 1415 προθυμίᾳ.
331 1389 374 1394 -
411 1374 597 1414 praeterea
621 1377 766 1426 metrum
794 1373 902 1405 anim-

85 1415 224 1449 adverti
252 1416 373 1459 jubet.
414 1416 616 1458 σημείωσαι
654 1413 692 1451 6'
729 1415 900 1453 ἐνταῦθα

83 1461 147 1495 καὶ
172 1458 254 1503 ὅτι,
287 1464 412 1506 στίχου
439 1461 705 1498 ὁλοσπονδείου
729 1464 898 1508 κειμένου

84 1508 154 1544 τοῦ
173 1506 284 1551 Ἀτρ.
310 1528 353 1533 -
377 1521 506 1552 γουν.
521 1534 531 1550 ,
567 1523 613 1544 τα
646 1513 805 1546 τοιαῦτα
831 1511 900 1557 επη

86 1552 215 1599 ευτελῆ
248 1567 362 1613 φασιν
387 1559 484 1590 εἰναι
517 1554 554 1590 οἱ
586 1558 738 1592 παλαιοὶ
763 1559 809 1603 τῇ
834 1560 901 1602 τῆς

85 1601 316 1645 στιχοποιὶας
339 1603 547 1656 κατασκευῇ
568 1603 632 1638 διοὶ
651 1602 691 1637 τὰ
712 1603 901 1649 ὀλιγοσύλ-

84 1649 210 1693 λαβον.
245 1647 567 1705 δφδεκασύλλαβοι
590 1663 659 1694 γαρ
679 1650 716 1693 ἐξ
739 1650 903 1707 ἀναγκης

85 1695 168 1730 εἰσί.
215 1693 305 1736 τούς
327 1708 366 1740 γε
389 1695 465 1738 μὴν
489 1694 803 1737 ὁλοδακτύλους
789 1695 812 1742 ἡ
834 1712 902 1734 πο-

84 1740 338 1782 λυδακτύλους
377 1742 782 1797 μεγαλοπρεπεστέρους
808 1746 901 1801 κρί-

84 1799 204 1823 νουσι.
253 1790 368 1833 δῆλον
391 1789 431 1822 δ’
456 1785 514 1824 ὅτι
539 1788 692 1824 σπάνιοι
716 1789 819 1831 παρὰ·
850 1792 902 1835 τῷ

82 1835 222 1893 ποιητῇ
255 1837 348 1870 εἰσιν
383 1834 419 1869 οὶ
454 1833 733 1878 ὁλοσπόνδειοι,
770 1835 902 1876 ὁποῖος

83 1882 146 1917 καὶ
172 1881 212 1916 ἐν
233 1878 433 1926 ΜΟδυσσειᾳ
458 1882 530 1926 (φ’,
553 1883 628 1925 15.)
653 1881 814 1923 ἐκεῖνος·
839 1897 898 1918 τω

84 1924 129 1963 δ’
159 1927 209 1963 ἐν
241 1919 468 1974 Μεσσήνῃ
504 1927 786 1975 ξυμβλήτην
818 1928 899 1966 022.—

82 1972 137 2020 λή
148 1978 296 2010 λοιϊν.

113 1988 345 2057 ⁷⁷.131-135
394 2022 435 2066 ζ’,
460 2022 630 2060 46-50.

131 2067 345 2103 137—142.
395 2082 454 2113 αμ
469 2072 551 2106 είλ.
568 2070 699 2107 -ἅκ,
723 2070 776 2105 sic
797 2071 899 2105 etiam

83 2112 136 2171 φ’,
163 2116 220 2149 98.
263 2115 365 2149 Scir:
405 2115 527 2173 ἀηδῆ,
566 2117 739 2163 σκληραν.
773 2137 819 2141 —-
855 2119 902 2153 εἰ

81 2158 166 2204 μὲν
203 2159 260 2205 δή
291 2159 613 2207 Ἀντιμαχοιο.
673 2176 740 2198 ιιοιι
773 2164 899 2197 desunt

82 2207 238 2251 exempla
272 2208 440 2251 ejusmodi
464 2210 661 2254 synizeseos
696 2222 752 2254 ap.
776 2210 898 2243 Home
888 2235 899 2251 ,

81 2258 315 2287 verumtamen
339 2267 414 2289 cum
440 2262 586 2297 constet,
613 2257 747 2313 priscos
772 2253 812 2290 δε
834 2268 897 2302 pro

82 2298 130 2344 δὴ
155 2299 306 2342 dixisse,
332 2307 372 2334 ut
395 2300 462 2346 μὲν
488 2314 550 2347 pro
579 2302 663 2346 μὴν,
689 2302 809 2346 quidni
835 2315 898 2358 po-

80 2356 221 2386 namuS,
247 2351 393 2381 auctore
411 2349 552 2393 Payneo
578 2349 760 2392 Knigbtio,
786 2347 897 2391 εἰμεν

82 2391 121 2426 δ’
149 2390 400 2436 Ἀντιμάχοιο,
435 2395 718 2440 quemadmodum
743 2393 790 2436 α’,
804 2397 897 2430 ,131.

82 2439 214 2483 legitur
238 2437 329 2494 μηδ’
357 2437 500 2497 οὕτως,
538 2441 798 2496 legendumque
822 2442 896 2474 sor-

81 2491 177 2519 tasse
200 2489 254 2518 est
277 2483 328 2530 μή
355 2484 392 2520 δ’
422 2485 565 2527 ου’τως,
592 2499 651 2532 pro
676 2486 726 2530 μή
753 2485 800 2531 δὴ
826 2485 895 2521 ου’-

81 2543 176 2572 τως,
202 2533 294 2575 quod
321 2534 490 2567 nonnullis
515 2533 667 2577 placuit.
700 2534 897 2567 recentiora

81 2578 234 2611 Homero
272 2579 550 2614 obtrudentibus.
609 2580 711 2613 etiam
748 2580 816 2615 Od.
849 2578 897 2624 η’,

81 2626 162 2659 261.
195 2628 232 2657 et
258 2622 301 2666 ξ’,
325 2626 405 2660 287.
441 2626 552 2660 malim
587 2625 691 2659 scribi
726 2623 808 2660 ἀλλ’
837 2625 898 2661 ὅτε

83 2668 124 2705 6’
152 2667 289 2726 ὄγδοόν
292 2683 396 2728 μοι,
436 2672 491 2706 vel
529 2669 570 2706 6'
607 2670 789 2714 ὀγδόατόν
815 2684 897 2726 μοι,

84 2728 184 2761 quam
219 2713 254 2751 ἄ.
290 2730 352 2752 ote
385 2717 432 2762 δὴ
469 2716 604 2762 ὄγδοόν
628 2731 714 2761 μοι,
748 2718 899 2763 5)ιιίΖε5ἱ

84 2762 291 2805 durissima;
315 2764 381 2797 nisi
401 2764 477 2809 quis
495 2776 611 2798 vocem
632 2762 767 2808 ὄγδοον
784 2770 900 2798 trans-

86 2809 256 2854 positam,
280 2821 341 2843 seu
366 2811 469 2850 sorte,
495 2811 569 2844 sive
594 2812 811 2865 emphaseos
817 2823 899 2844 cau-

84 2866 146 2896 sa,
171 2860 292 2914 putet,
332 2868 406 2890 cum
433 2859 534 2914 poeta
559 2857 706 2890 dixisset
731 2854 811 2891 αλλ’
839 2854 900 2891 ὅτε

85 2900 133 2946 δή
157 2915 223 2944 μοι
231 2900 491 2957 ἐπιπλόμενον
509 2901 589 2943 ε’τος
614 2902 748 2947 ὄγδοον
773 2898 900 2958 ἦλθεν.

85 2952 182 2983 certe
206 2946 252 2993 η’,
275 2951 356 2984 223.
393 2950 467 2984 sine
490 2949 648 3007 synizfsi
665 2949 776 2983 dixit·
810 2948 900 2984 ταύ-

85 3007 161 3039 ρων
195 2995 424 3042 ζατρεφέων,
456 2995 516 3032 ἐπὶ
551 2993 591 3031 δ’
628 2995 764 3041 ὄγδοον
788 2994 900 3040 ἤλασε

947 1280 1101 1325 χαλκόν,
1126 1287 1163 1316 et
1186 1282 1312 1315 ibidem
1337 1280 1441 1316 246..
1451 1276 1673 1336 ακρότατον
1695 1291 1762 1312 κα-

949 1326 994 1361 τὰ
1019 1326 1173 1372 χαλκὸν,
1210 1324 1249 1366 ὃς
1275 1326 1407 1371 ὄγδοος
1442 1328 1508 1371 ἡεν
1546 1325 1591 1361 ἐπ
1645 1324 1761 1370 αὐτῷ.

946 1375 1008 1408 sed
1035 1375 1119 1408 haec
1144 1376 1322 1409 hactenus.
1358 1376 1403 1408 cf.
1430 1372 1479 1417 α’,
1504 1373 1586 1408 340.
1611 1376 1646 1406 et
1671 1372 1762 1405 infra

945 1422 1026 1456 386.
1054 1440 1100 1445 —
1124 1421 1226 1456 Sch..
1249 1417 1490 1477 αγγελίην.
1518 1417 1685 1455 ἀντὶτοῦ
1709 1419 1762 1460 εἰς

946 1468 1153 1511 πρεσβείαν.
1172 1487 1216 1492 -
1235 1465 1404 1512 ἀγγελίην
1424 1467 1483 1501 ἔπι
1502 1467 1593 1500 dixit
1616 1465 1663 1506 δ’,
1678 1463 1759 1500 384.

947 1514 994 1547 cf.
1018 1513 1061 1558 γ’,
1085 1516 1155 1549 206
1187 1517 1224 1547 et
1257 1515 1301 1547 de
1335 1526 1373 1548 re
1407 1513 1483 1558 ipsa
1507 1525 1585 1546 ann.
1611 1512 1655 1546 ad
1681 1513 1760 1545 122.

946 1579 993 1585 —
1018 1559 1035 1595 ἐ
1049 1561 1095 1602 ξ’
1081 1573 1207 1603 εμεν.
1243 1560 1346 1593 Scir:
1372 1560 1524 1603 ἐξεωσαι
1543 1560 1606 1603 (Ξ),
1630 1557 1759 1601 ἐκπέμ-

948 1613 1033 1651 ψαι.
1058 1607 1212 1661 Ijlesych.
1246 1604 1450 1665 ἐξαφεῖναι.
1483 1606 1544 1640 sed
1569 1608 1655 1650 Ap..
1682 1603 1759 1646 εξέ-

947 1665 1024 1696 μεν.
1063 1651 1187 1696 ἄξειν·
1215 1652 1323 1696 μηδ’
1350 1652 1515 1696 εξέμεν
1535 1650 1759 1707 Ἀχαιούς.

948 1700 1160 1733 scribamus:
1187 1698 1331 1742 ἀξέμεν.
1363 1699 1487 1743 αξειν·
1512 1696 1620 1743 μήδ’
1649 1695 1760 1740 0252?-

947 1757 1030 1788 μεν
1065 1741 1128 1788 οὶψ
1172 1744 1215 1786 ἐς
1246 1745 1472 1790 Ἀχαιούς.
1526 1756 1637 1789 neque
1671 1744 1761 1778 enim

947 1792 1023 1825 fieri
1050 1796 1179 1835 potest,
1205 1798 1245 1826 ut
1268 1792 1403 1826 sobrius
1425 1792 1667 1847 grammaticus
1685 1789 1760 1833 ε’ξέ-

947 1850 1015 1882 μεν
1037 1839 1290 1881 interpretatus
1314 1838 1421 1872 fuerit
1445 1835 1566 1881 ἄξειν,
1591 1837 1652 1871 sed
1676 1835 1761 1880 ἀξέ-

947 1897 1014 1928 μεν
1040 1890 1221 1928 repererat
1245 1884 1279 1918 in
1304 1885 1375 1918 suis
1401 1884 1674 1941 exemplaribus,
1707 1884 1761 1918 id-

948 1943 1014 1976 que
1039 1931 1302 1974 praeferendum
1327 1931 1414 1965 duco
1450 1931 1592 1975 vulgato
1625 1929 1760 1974 ἐξέμεν,

947 1976 1039 2022 quod
1064 1987 1227 2022 nusquam
1253 1978 1352 2013 Hom.
1377 1978 1502 2018 habet,
1538 1976 1622 2010 illud
1646 1978 1762 2019 habet,
1810 2010 1811 2022 ¹

947 2022 1159 2068 aptissimum
1204 2023 1341 2067 quidem
1385 2024 1528 2057 verbum
1570 2023 1760 2057 hominibus

946 2075 1021 2103 tuto
1041 2069 1262 2103 deducendis,
1286 2090 1328 2095 —
1353 2072 1439 2105 τοῦ
1462 2068 1614 2124 πατρὸς,
1633 2070 1760 2113 patris,

946 2127 1045 2160 quem
1079 2116 1204 2149 dicitis.
1252 2116 1339 2150 haec
1373 2123 1428 2151 est
1452 2116 1504 2149 vis
1528 2115 1688 2150 articuli.
1725 2127 1758 2149 v.

947 2173 1025 2195 ann.
1053 2162 1096 2195 ad
1122 2159 1169 2202 α’,
1197 2164 1252 2196 11.
1286 2181 1330 2187 -
1368 2161 1544 2207 λώβην,
1583 2167 1758 2196 contume-

947 2209 1049 2246 liam,
1074 2207 1246 2251 injuriam.
1282 2221 1316 2242 v.
1341 2208 1389 2253 η’,
1413 2211 1459 2244 97
1478 2214 1545 2243 etc.

995 2253 1207 2290 144—150.
1256 2254 1313 2290 οὔ
1327 2257 1403 2290 δει
1431 2255 1488 2298 ἐρ.
1525 2253 1620 2299 πρὸς
1642 2255 1690 2300 τῇ
1711 2256 1760 2301 γῆ

945 2297 1125 2344 ἦρείσθη,
1160 2298 1373 2347 ἐστηρίχθη.
1403 2303 1485 2338 Sch.
1518 2322 1564 2327 —
1593 2304 1759 2345 χεῖρας

943 2366 990 2371 —-—
1011 2346 1176 2389 κόψας.
1212 2359 1330 2381 manus
1355 2349 1509 2382 sublatas
1541 2347 1586 2381 ad
1609 2359 1758 2405 precan-

945 2393 1023 2427 dum
1047 2393 1146 2427 simul
1172 2406 1248 2428 cum
1273 2395 1388 2452 capite
1413 2394 1572 2429 abscidit.
1598 2412 1645 2419 —-
1676 2391 1758 2429 32.-

943 2452 1029 2483 μον
1056 2438 1093 2474 δ’
1122 2437 1181 2480 αἱς
1202 2460 1248 2465 —-
1273 2439 1456 2482 ὁμίλου.
1505 2441 1608 2474 Sch.:
1641 2438 1756 2484 ὅλμον

944 2484 984 2520 δε
1008 2488 1116 2543 δίκην
1147 2485 1268 2521 αὐτὸν
1301 2486 1418 2529 ῥίψας
1449 2485 1615 2532 (ἐρ’ριψε)
1638 2488 1758 2522 κυλίε-

944 2535 1047 2568 σθαι.
1094 2532 1208 2576 ὅλμος
1233 2532 1274 2568 δέ
1297 2533 1372 2569 ἐστι
1396 2537 1521 2574 κοῖλος
1544 2535 1672 2588 λίθος,
1705 2535 1759 2575 εἰς

945 2577 989 2614 ὃν
1013 2578 1189 2615 κόπτεται
1221 2577 1356 2623 ὄσπρια
1388 2594 1421 2616 κ.
1447 2578 1540 2614 ἄλλα
1563 2578 1660 2615 τινά.
1678 2617 1683 2619 λ
1707 2581 1758 2614 si-

945 2626 1072 2660 militer
1108 2627 1166 2660 alii
1201 2627 1417 2661 scholiastae
1453 2631 1489 2660 et
1513 2626 1652 2671 Etym·
1641 2650 1652 2667 ‚
1688 2637 1757 2660 non

944 2673 1027 2706 item
1051 2673 1147 2718 Hes>
1141 2673 1270 2714 chius,
1300 2674 1357 2706 cui
1390 2670 1503 2715 ὅλμος
1526 2678 1580 2706 est
1602 2684 1757 2717 περιφε-

945 2717 1013 2761 ρὴς
1036 2722 1145 2759 λίθος
1174 2719 1380 2774 μάρμαρος.
1425 2719 1546 2752 Pollux
1579 2725 1692 2752 autem
1721 2720 1756 2759 2,

948 2768 1047 2800 162:
1071 2765 1224 2809 θώραξ,
1256 2766 1391 2811 inquit,
1423 2766 1486 2800 καὶ
1512 2763 1637 2806 ὅλμος.
1678 2765 1756 2810 plu-

944 2822 1002 2845 res
1034 2812 1136 2846 etiam
1173 2813 1258 2846 haec
1289 2823 1356 2845 vox
1388 2812 1494 2845 habet
1525 2811 1755 2855 significatio-

946 2868 1027 2897 nes;
1061 2859 1122 2892 sed
1155 2869 1280 2903 sequor
1304 2858 1535 2902 Hesychium,
1567 2869 1631 2891 nec
1655 2856 1756 2891 nolim

945 2903 1093 2948 intelligi
1124 2906 1304 2946 molarem3
1339 2904 1476 2938 minime
1513 2915 1596 2937 vero
1629 2907 1756 2937 morta-

946 2949 1034 2984 rium
1058 2950 1127 2984 dici
1152 2950 1323 2992 arbitror,
1359 2955 1398 2984 ut
1423 2951 1634 2994 interpretes
1658 2948 1757 2983 latini

946 3000 983 3030 et
1007 2996 1173 3038 Vossius,
1198 2997 1259 3042 qui
1285 2997 1372 3031 haec
1395 2996 1446 3031 ita
1478 2995 1648 3030 reddidit=
1667 2996 1759 3029 -licss
