1811 3269
639 114 1067 156 ΙΛΙΑΔΟΣ
1124 116 1172 156 Β.

1656 122 1735 162 151

240 230 328 272 τῶν
357 220 456 281 ἦρχ’
487 222 782 278 Εὐρύπυλος,
811 222 1068 279 Εὐαίμονος
1097 222 1270 297 αγλαὸς
1290 225 1411 276 υἱός·

241 289 303 342 τῷ
337 284 379 326 δ’
412 282 501 336 ἅμα
531 281 855 336 τεσσαράκοντα
884 283 1084 354 μέλαιναι
1115 286 1217 353 νῆες
1245 282 1417 326 ε’ποντο.

321 343 377 382 Οἳ
405 338 447 381 6'
467 337 706 392 ’Ἄργισσαν
737 338 857 394 ἔχον,
890 339 963 381 καὶ
994 343 1037 381 Γ
1031 356 1236 410 υρτωνην
1266 339 1486 409 ἐνέμοντο,

227 395 421 454 ’Όρθην,
449 395 648 466 Ἠλώνην
677 412 743 450 τε,
774 395 903 438 πόλιν
934 392 975 437 τ’
1004 394 1276 440 ’.Ολοοσσόνα
1305 396 1482 453 λευκὴν,

125 458 208 500 740
237 457 323 496 τῶν
353 451 462 496 αὕθ’
493 451 730 508 ἡγεμόνευε
760 451 1083 523 μενεπτόλεμος
1107 455 1400 524 Πολυποίτης,

237 510 335 560 υίὸς
366 509 647 580 Πειριθόοιο,
679 509 759 553 τόν
790 507 1012 560 ἀθάνατος
1041 509 1186 553 τέκετο
1218 511 1328 562 Ζεύς

237 567 337 621 (τόν
364 564 407 621 ῥ’
436 566 525 610 ὑπὸ
559 564 785 623 Πειριθόῳ
815 567 958 609 τέκετο
988 565 1146 617 κλυτός
1171 565 1455 624 Ιπποδᾶμεια

236 622 369 693 ἤματι
399 639 481 695 τῳ,
513 623 583 667 ὅτε
621 627 770 679 Φῆρας
800 623 967 667 ἐτίσατο
998 624 1271 678 λαχνήεντας,

235 679 342 732 τούς
373 678 417 723 δ’
449 681 496 724 ἐκ
509 683 700 750 Πηλίου
733 693 841 730 ωσε,
871 681 946 724 καὶ
973 681 1205 723 Αἰθίκεσσι
1235 680 1493 736 πέλασσεν)·

122 740 205 783 745
236 735 320 780 οὐκ
352 735 470 788 οἶος,
502 755 591 791 αμα
620 754 732 794 τῳγε
760 736 996 790 Λεοντεὺς,
1029 735 1128 790 ὄζος
1143 736 1318 794 Ἄρηος,

232 793 330 846 υἱὸς
359 793 637 850 ὑπερθύμοιο
668 793 884 849 Κορώνου
916 796 1167 838 Καινείδαο.

61 930 211 971 τέτανος
241 935 296 964 est.
325 930 403 964 calx
428 941 488 964 seu
521 932 709 988 gypsum)·
743 931 871 967 λευκό-

59 989 154 1022 γεων
176 990 245 1035 γαρ
271 976 346 1010 ἐστι
369 977 411 1011 τὸ
437 980 594 1021 χωρίον
618 975 748 1023 ’Ἄρνης
776 982 871 1036 πλη-

60 1025 154 1058 σίον.
178 1024 240 1058 καὶ
265 1021 307 1057 τὸ
328 1020 571 1068 Ἀστέριον
604 1024 646 1059 δ’
674 1024 743 1061 οὐκ
768 1023 872 1061 ἀπω-

60 1072 130 1105 θεν
163 1069 308 1106 τούτων
340 1068 426 1104 ἐστί.

107 1118 185 1153 736.
234 1117 447 1159 Eurypylus,
482 1116 637 1150 Ormenii
671 1122 791 1161 natus,
828 1118 872 1151 ab

61 1163 226 1204 Ormeno,
251 1162 347 1196 urbis
371 1163 570 1204 conditore,
604 1163 766 1197 oriundus
791 1164 871 1205 fuit,

59 1212 120 1288 ἓιιί
137 1209 414 1288 {epuscducebhat
431 1210 474 1242 ab
489 1209 667 1289 8301ἰόἰέ
688 1221 763 1289 [bam
775 1211 874 1244 Aeoli

90 1276 109 1287 Ι·
319 1267 340 1287 α

61 1262 210 1335 Ormeuriit
224 1267 451 1344 Ανῗιῖηίιὲτηέἐ
466 1267 663 1344 Ειιῗεῖιῖἓηζ
683 1268 873 1347 ριιῖγέιωὲυιῑ-

60 1348 189 1400 iypyli.
245 1348 299 1380 Ex
334 1348 519 1391 Amyntore
561 1354 661 1381 natus
706 1349 874 1390 Phoenioe,

60 1395 120 1437 qui
155 1393 197 1427 ad
230 1394 368 1427 Peleum
399 1394 557 1437 fugerat,
596 1396 630 1436 ι’,
667 1393 746 1429 447.
773 1406 871 1440 seqq.

59 1439 140 1473 hinc
167 1441 379 1483 Eurypylus,
409 1440 615 1474 Euaemonis
653 1448 735 1474 natu
764 1441 871 1474 mino—

59 1486 108 1518 ris
133 1486 193 1527 fil.,
219 1487 338 1531 copias
364 1485 471 1519 duxit.
521 1488 604 1519 haec
630 1499 671 1520 ex
693 1487 868 1520 Demetrio

60 1533 204 1577 Scepsio
229 1532 353 1565 recitat
379 1532 507 1564 Strabo
533 1534 566 1566 9.
603 1544 635 1577 p.
662 1535 742 1567 670.
770 1533 870 1577 plura

59 1578 104 1611 de
137 1578 316 1623 Eurypylo
350 1590 383 1609 v.
420 1578 777 1622 ap.Paus.7,19.
813 1590 869 1623 ap.

58 1625 159 1658 Hom.
193 1624 284 1657 inter
317 1623 492 1678 principes
517 1632 552 1657 et
576 1624 782 1658 fortissimos
808 1625 871 1658 ha-

57 1671 180 1704 betur:
205 1670 301 1704 velut
317 1684 362 1715 η,
387 1672 452 1705 167
478 1682 520 1704 ex
543 1670 586 1703 iis
611 1676 685 1711 est,
710 1670 768 1715 qui
793 1683 869 1705 curu

56 1716 210 1750 Hectore
241 1727 279 1749 se
311 1728 557 1760 congressuros
591 1729 666 1751 esse
706 1717 871 1761 profiten-

57 1768 132 1803 tur;
169 1768 205 1797 et
228 1760 280 1803 θ’,
305 1764 373 1797 265
408 1762 499 1797 inter
535 1764 775 1808 προαοὲχους,
811 1764 870 1797 iti-

58 1788 206 1854 denique
231 1808 272 1850 λ’,
297 1811 399 1848 575.,
424 1810 483 1843 ubi
506 1810 644 1845 tandem
668 1811 869 1844 vulneratus

57 1856 170 1901 poelio
195 1855 342 1890 excedit.
378 1856 430 1888 Ex
449 1856 496 1888 H.

103 1903 182 1937 738.
235 1903 386 1944 Gyrtone
410 1907 446 1934 et
471 1914 490 1935 e
513 1902 642 1935 vicinia
662 1901 780 1946 copias
805 1901 869 1935 du-

56 1959 140 1982 xere
171 1947 344 1992 Lapithae
377 1947 574 1991 Polypoetes
614 1954 649 1981 et
685 1948 867 1982 Leonteus.

56 2006 91 2027 v.
116 2006 193 2028 ann.
221 1994 266 2027 ad
289 1996 368 2030 729.
395 1995 470 2037 ejus
495 1994 615 2039 populi
640 1995 721 2027 urbs
745 1996 870 2038 Argis-

55 2045 214 2121 }a3tpost
240 2040 598 2121 ΑνςιιναἹῗίεωᾸῐιιᾱ
625 2042 773 2119 Ρειέριιιιι
800 2041 868 2119 51ιὲ

54 2098 509 2174 Ιξιὲιιὲιιιειιῗρὲξηὸῖίὴιεῗῐέιχ
532 2098 866 2175 §figlznegagpssrsss

53 2179 326 2214 Perrhaeborum
343 2191 454 2224 prope
469 2180 611 2224 Tempe.
645 2190 761 2212 eorum
781 2191 865 2224 quo-

54 2237 124 2271 que
156 2226 287 2271 oppida
326 2227 389 2259 sub
426 2225 575 2270 Olympo
612 2233 711 2258 erant
745 2227 866 2267 Elone,

55 2277 135 2317 post
147 2273 288 2305 Limone
314 2272 419 2312 dicta,
445 2277 480 2305 et.
501 2274 673 2312 Oloosson,
700 2272 743 2305 ab
770 2272 866 2306 albe-

54 2319 134 2352 dine
157 2318 222 2352 soli
246 2317 425 2362 argillacei
451 2318 624 2364 appellata
647 2318 756 2363 λευκὴ
771 2344 781 2359 ,
808 2318 864 2351 cui

53 2372 176 2410 postea
201 2376 320 2398 nomen
344 2365 492 2397 Elasson
523 2365 632 2398 fuisse
667 2371 787 2399 auctor
811 2369 864 2398 est

53 2413 100 2446 E.
134 2411 180 2445 cf.
203 2411 319 2444 Strab.
345 2423 380 2455 p.
406 2412 485 2446 672.
517 2417 553 2445 et
578 2411 702 2455 Steph.
737 2411 863 2445 ceteris

53 2457 169 2491 notior
202 2463 256 2490 est
295 2458 426 2500 Gyrton
459 2468 520 2490 seu
558 2458 734 2500 Gyrtone,
779 2458 863 2490 Per-

52 2504 256 2538 rhaeborum
282 2505 364 2537 urbs
389 2503 432 2536 ad
458 2504 622 2544 Peneum,
650 2505 744 2547 cujus
768 2503 864 2536 urbis

53 2549 212 2584 conditor
238 2550 352 2583 fertur
375 2550 514 2593 Gyrton
540 2549 683 2594 (Steph.
709 2562 741 2583 v.
766 2552 864 2593 Γυρ-

53 2594 179 2641 mim),
209 2596 406 2641 Phlegyae,
443 2596 537 2639 cujus
571 2595 618 2629 fil.
655 2596 721 2630 fuit
753 2596 862 2635 Ixion,

53 2642 162 2676 frater
186 2653 246 2676 seu
273 2649 425 2687 patruus.
473 2653 494 2675 a
518 2642 651 2686 Phlegy
656 2653 676 2675 a
697 2641 863 2686 Gyrtonii

55 2687 188 2732 Phlegy
191 2700 287 2723 arum
329 2698 450 2722 nomen
495 2688 617 2720 habuis
611 2699 658 2720 se
701 2688 864 2722 dicuntur

56 2744 113 2778 ap.
104 2734 248 2815 ..lStgab
273 2736 307 2770 9.
322 2731 485 2816 56867415
508 2734 661 2813 B.Hadd.
689 2735 864 2819 {xcerpta

56 2791 234 2869 Phlegyae
251 2792 346 2866 Itilia,
380 2792 588 2872 Gyrt6nem
599 2790 716 2860 arabem
727 2786 864 2871 3622?-

54 2871 161 2905 latam
204 2873 255 2906 ait
292 2873 408 2909 Schol.
446 2872 619 2917 Apollonii
662 2873 776 2906 Rhod.
819 2872 864 2906 ad

101 2965 181 2999 740.
229 2976 324 3008 μεν.
349 2965 388 3009 (a
407 2964 532 3010 μένειν
549 2963 743 3010 πόλεμον.)
768 2961 862 3000 ὑπο-

917 928 1118 976 μονητικός
1141 928 1180 965 ἐν
1215 930 1268 977 τῷ
1290 929 1451 976 πολέμῳ.
1485 949 1530 954 ——
1565 929 1647 963 Sch.
1684 929 1728 963 cf.

917 989 1013 1022 sequ.
1039 988 1115 1010 ann.

964 1023 1044 1060 741.
1096 1023 1291 1064 Pirithous,
1325 1022 1547 1068 Lapitharum
1577 1019 1732 1053 clarissi-

918 1081 1002 1110 mus,
1027 1069 1123 1103 Jovis
1143 1081 1184 1104 ex
1205 1069 1272 1102 Dia
1292 1069 1333 1112 (v
1336 1070 1367 1103 el
1386 1067 1530 1109 Ixionis,
1551 1066 1645 1110 regis
1663 1066 1732 1100 La-

918 1117 1114 1170 pitharum,
1150 1115 1333 1149 secundum
1368 1114 1524 1168 Apollod.
1552 1115 1592 1154 1,
1618 1114 1650 1154 8,
1678 1112 1732 1166 92)

917 1163 982 1202 fil„
1006 1161 1105 1195 duxit
1123 1162 1409 1205 Hippodamiam,
1433 1161 1531 1204 cujus
1550 1160 1585 1193 in
1602 1157 1733 1211 nuptiis

919 1208 1134 1242 celebrandis
1167 1209 1416 1241 Centaurorum
1458 1217 1533 1240 cum
1574 1203 1732 1261 Lapithis

919 1266 1036 1300 pugna
1058 1255 1117 1288 illa
1142 1254 1345 1295 intervenit,
1372 1253 1415 1287 de
1440 1265 1509 1297 qua
1526 1252 1660 1285 Nestor
1684 1248 1731 1292 α’,

918 1301 998 1341 267,
1024 1302 1057 1335 8.
1084 1301 1153 1334 alia
1178 1305 1253 1342 est,
1279 1311 1379 1345 quam
1412 1300 1468 1333 hic
1491 1299 1620 1332 factam
1647 1297 1732 1331 dicit

919 1358 987 1391 quo
1013 1345 1069 1379 die
1094 1352 1195 1380 natus
1221 1352 1275 1380 est
1297 1347 1521 1390 PolypoeteS,
1546 1355 1619 1377 cum
1640 1344 1731 1377 Cen-

919 1399 1066 1433 tauros,
1098 1403 1222 1436 magna
1247 1397 1366 1436 strage
1391 1392 1506 1432 edita,
1544 1390 1641 1424 Pelio
1668 1390 1730 1423 de-

920 1439 1009 1492 pulit
1042 1438 1243 1478 Pirithous,
1282 1449 1461 1483 pueroque
1493 1441 1574 1470 nato
1609 1446 1730 1469 nomen

919 1485 1082 1529 imposuit
1099 1485 1348 1529 Πολυποίτης,
1371 1484 1467 1540 quod
1488 1483 1615 1516 dictum
1633 1483 1732 1526 ajunt

917 1542 988 1583 pro,
1002 1533 1291 1575 Πολυποινίτης,
1317 1529 1382 1565 διὰ
1407 1528 1449 1565 τὸ
1468 1532 1617 1568 πολλοῖς
1637 1531 1730 1564 Κεν-

916 1575 1066 1620 ταύρων
1090 1577 1280 1612 ἐπιθεῖναι
1304 1574 1463 1620 ποινὴν,
1497 1576 1530 1610 1ι.
1557 1587 1586 1608 e.
1612 1587 1729 1618 τιμω·

918 1624 1004 1665 ρίαν
1028 1622 1192 1666 (ἐτίσατο
1217 1623 1328 1667 743..)
1361 1635 1395 1656 v.
1419 1622 1503 1655 Sch.
1528 1628 1564 1654 et
1587 1621 1638 1663 E,
1670 1621 1729 1666 qui

916 1669 1182 1714 Hippodamiam
1213 1672 1340 1704 vocant
1376 1667 1611 1712 Melanippen.
1659 1672 1728 1701 tum

918 1715 1098 1758 Centauri,
1125 1716 1221 1749 Pelio
1246 1714 1404 1761 expulsi,
1439 1714 1553 1767 sedem
1578 1713 1730 1747 colloca-

917 1767 998 1794 runt
1021 1761 1055 1795 in
1081 1761 1238 1795 confiniis
1263 1762 1456 1803 Aethicum,
1483 1759 1541 1805 qui
1567 1760 1610 1793 ad
1636 1760 1729 1794 occi-

915 1808 1052 1842 dentem
1078 1808 1302 1847 Thessaliae,
1338 1807 1482 1852 Epirum
1515 1817 1657 1847 versus,
1690 1806 1727 1839 in

912 1854 1008 1898 jugis
1030 1854 1133 1888 Pindi
1159 1854 1382 1896 habitabant,
1407 1853 1591 1887 Strabonis
1615 1857 1728 1886 autem

916 1907 1116 1946 temporeJ
1109 1902 1174 1934 ‘am
1207 1901 1408 1934 defecerant
1451 1899 1587 1943 (strab.
1622 1900 1655 1933 9.
1692 1910 1728 1943 p.

916 1946 1007 1987 664,
1036 1948 1076 1980 A.
1104 1914 1155 1981 ch.
1192 1958 1225 1991 p.
1251 1947 1338 1988 657,
1375 1945 1454 1989 C.),
1491 1945 1728 1989 maturiusque

916 1994 1018 2026 etiam
1043 2004 1116 2026 cum
1141 1992 1184 2025 iis
1219 1992 1421 2037 permixtum
1455 2002 1576 2024 nomen
1609 1992 1726 2025 exole-

915 2045 1017 2072 verat
1056 2039 1324 2079 Centaurorum,
1362 2043 1401 2071 ut
1433 2041 1609 2071 testantur
1643 2049 1726 2081 geo—

915 2085 1068 2129 graphus
1093 2097 1128 2130 p.
1154 2086 1234 2126 671,
1261 2086 1313 2125 B.,
1334 2086 1421 2125 675,
1449 2085 1509 2124 A.,
1543 2089 1578 2117 et
1606 2083 1724 2117 Schol.

915 2132 1090 2175 Lycophr.
1118 2132 1197 2166 802.
1231 2137 1383 2165 ceterum
1410 2129 1609 2174 Polypoetes
1639 2141 1725 2174 quo-

915 2189 983 2221 que
1017 2182 1215 2210 numeratur
1247 2177 1338 2210 inter
1370 2177 1475 2210 duces
1518 2175 1724 2210 fortissimos

915 2225 969 2266 (v.
987 2221 1035 2266 μ’,
1059 2224 1135 2258 129.
1156 2224 1255 2266 etex),
1279 2224 1489 2267 fueruntque
1511 2226 1628 2266 partes
1652 2223 1724 2266 ejus

912 2269 948 2302 in
974 2269 1108 2303 excidio
1134 2269 1277 2313 Trojae,
1303 2271 1398 2314 cujus
1424 2268 1550 2302 excidii
1575 2269 1721 2313 pictura,

913 2327 935 2349 a
960 2316 1153 2359 Polygnoto
1180 2316 1296 2357 facta„
1331 2314 1483 2349 ostendit
1515 2326 1590 2348 eum
1617 2321 1724 2359 caput

910 2362 1026 2395 taenia
1057 2361 1249 2395 revinctum
1282 2362 1403 2406 (Paus.
1432 2364 1495 2405 10,
1519 2363 1576 2396 26.
1603 2361 1720 2404 extr..)

911 2409 964 2441 Ex
990 2408 1038 2440 H.

956 2453 1038 2488 742.
1084 2453 1259 2494 κλυτὸς
1292 2465 1328 2499 p.
1360 2450 1494 2498 κλυτή,
1528 2457 1568 2487 ut
1591 2452 1721 2498 Odyss.

910 2497 952 2541 ε’,
975 2499 1455 2545 422......νΤ1ι[)275Π

955 2546 1036 2581 7'.43
1081 2547 1252 2600 Φῆρας.
1277 2546 1481 2581 Centauros.
1507 2545 1552 2579 cf.
1576 2543 1622 2586 α’,
1639 2545 1721 2586 268,

910 2591 991 2637 Ody
994 2603 1039 2626 ss.
1065 2589 1116 2637 φ’,
1141 2593 1209 2627 295
1229 2605 1289 2637 seq
1293 2605 1337 2633 ιι.,
1360 2594 1429 2629 303
1447 2603 1544 2637 sequ·
1593 2594 1719 2635 λαχν.

909 2605 1068 2672 hirsyutos.
1106 2617 1143 2671 'id
1169 2640 1254 2672 alias
1269 2605 1379 2673 qvirile
1401 2640 1508 2673 robur
1531 2637 1718 2681 significat

907 2684 1006 2718 velut
1036 2684 1072 2718 in
1096 2684 1250 2719 Vulcano
1284 2683 1326 2727 σ’,
1350 2685 1431 2721 415
1465 2695 1532 2729 quo
1557 2694 1661 2717 sensu
1685 2688 1721 2716 et

908 2729 1037 2766 λάσιον
1052 2732 1121 2775 κῆρ
1135 2711 1346 2785 Pylaemenis
1365 2731 1490 2765 dicitur
1508 2731 1599 2771 851.
1621 2729 1719 2763 item-¹

909 2789 976 2833 que
1000 2777 1154 2811 Patrocli
1177 2776 1227 2819 π’,
1253 2778 1333 2814 554.
1367 2782 1403 2812 et
1437 2777 1546 2822 ipsius
1575 2774 1718 2809 Achillis

909 2822 958 2865 α’,
985 2824 1064 2860 189.
1096 2824 1218 2857 ExH.

955 2868 1036 2905 746.
1093 2867 1265 2913 ὑπερθ.
1309 2865 1595 2914 μεγαλοψύχου,
1637 2878 1715 2910 γεν-

908 2917 1033 2952 ναίου,
1052 2916 1133 2951 Sch,
1176 2919 1343 2957 Caeneus,
1365 2914 1459 2949 Elati
1476 2912 1624 2966 (ῌΥςῐιι.
1645 2913 1715 2946 fab.

912 2962 980 3005 14„
1005 2960 1103 3007 242.)
1128 2963 1183 2997 vel
1207 2963 1344 2998 Atracis
1378 2959 1559 3005 (Antonin.
1585 2957 1660 2993 Lib.
1685 2971 1714 2993 c.
