1811 3269
3 116 20 228 i?
613 165 1042 207 ιΛΙΑΛοΣ
1106 167 1141 206 1.

1652 170 1704 209 11

8 246 19 316 l
207 280 294 333 νῆα
324 276 420 326 ἅλις
446 277 616 346 χρυσοῦ
645 273 720 316 καὶ
747 276 913 341 χαλκοῦ
945 273 1185 346 νηησάσθω

207 332 438 384 εἰσελθών,
472 330 544 374 ὅτε
571 345 647 374 κεν
677 327 933 382 δατεώμεθα
963 329 1081 401 ληΐδ’
1101 330 1287 401 Ἀχαιοί.

214 389 453 459 Τρωϊάδας
472 388 518 432 δὲ
546 392 761 458 γυναῖκας
790 386 977 430 ἐείκοσιν
1006 386 1138 439 αὐτὸς
1167 387 1344 441 ἑλέσθω,

4 463 16 516 ε,
98 451 177 493 140
207 448 258 490 αἴ
282 462 331 490 κε
359 462 410 501 με
414 444 453 488 τ’
482 443 682 500 Ἀργείην
707 442 884 515 Ἑλένην
913 442 1139 487 κάλλισται
1163 445 1309 503 ἢἔ.ωσιν

6 521 15 554 ι,
206 505 243 546 εἰ
271 503 317 546 δέ
347 519 425 546 κεν
442 501 602 573 ’Ἀργος
632 499 824 557 ἱκοίμεθ’
851 499 1091 556 Ἀχαιϊκόν,
1125 497 1271 555 οὖθαρ
1295 499 1516 571 άρούρης,

0 571 14 592 ⁴¹
203 559 401 629 γαμβρός
429 559 506 603 κέν
536 576 614 614 μοι
644 559 730 603 ἔοι·
758 560 865 602 τίσω
898 557 944 602 δέ
974 575 1050 613 μιν
1083 563 1180 602 ἱσον
1204 556 1401 615 Ορέστη,

0 620 13 671 ἔξ
207 615 256 667 ο’ς
285 634 360 671 μοι
389 615 626 673 τηλύγετος
653 614 858 671 τρέφεται
886 617 1024 671 θαλίῃ
1055 614 1121 658 ἔνι
1150 619 1304 686 πολλῇ.

0 670 13 739 {i
204 679 319 726 τρεῖς
351 674 397 717 δέ
427 676 502 729 μοί
532 675 614 717 είσι
645 672 864 728 θύγατρες
893 672 958 715 ένι
988 671 1160 728 μεγάρῳ
1193 671 1406 730 εὐπηκτῳ,

0 743 12 777 it
96 734 174 776 145
204 733 506 802 Χρυσόθεμις
513 731 588 774 καὶ
620 732 817 786 Λαοδίκη
850 731 924 773 καὶ
952 727 1231 800 Ἰφιάνασσα·

0 790 2 820 l
173 787 347 840 *τάων,
375 787 432 842 ἤν
461 786 506 831 κ’
536 786 734 843 ἐθέλῃσι,
766 789 901 841 φίλην
932 785 1151 830 ἀνάεδνον
1182 783 1358 840 ἀγέσθω

0 874 2 895 1
206 845 317 898 πρὸς
346 843 472 888 οἶκον
503 847 704 914 Πηλῆος·
736 843 818 899 ἐγω
852 842 894 887 δ’
928 844 998 888 ἐπὶ
1026 846 1167 899 μείλια
1198 842 1327 887 δώσω

206 900 347 945 πολλα
375 900 494 956 μάλ’,
524 901 625 945 ὅσσ’
657 899 782 944 οὔπω
813 918 877 952 τις
908 900 957 959 έῆ
985 901 1172 944 ἐπέδωκε
1201 900 1404 956 θυγατρί.

205 957 312 1002 ἑπτα
340 960 388 1003 δέ
424 961 468 1002 οἱ
498 958 627 1002 δώσω
657 957 923 1014 εῦναιόμενα
951 961 1206 1014 πτολίεθρα,

37 1073 140 1106 Schae
166 1070 421 1128 νηησάσθω
446 1073 545 1116 (279,
565 1073 633 1107 358
652 1073 847 1117 εὶο.)πλη-

35 1116 213 1177 ρωσάτω,
238 1117 469 1164 σωρευσάτω.
503 1118 776 1162 (εἰσελθών.
799 1119 844 1155 τὸ

37 1163 129 1201 ἄστυ
142 1168 220 1224 Πρ.
238 1167 301 1210 Κ.)
334 1169 430 1202 δατ.
455 1163 703 1210 μεριζόμεθα.
727 1164 849 1211 (Ἀρ-

27 1225 123 1272 γος
142 1210 395 1256 Ἀχαιϊκόν.
432 1212 718 1268 Peloponnesum.
756 1213 848 1249 idem

27 1258 155 1303 Ἀργος
169 1257 315 1302 Ἴασον,
346 1261 381 1294 h.
408 1272 439 1293 e.
467 1256 620 1302 Ἰάσιον,
655 1260 760 1293 semel
784 1271 850 1294 vo-

38 1306 132 1341 cavit
155 1305 285 1350 odyss.
309 1305 352 1349 σ’,
375 1305 456 1341 246.
508 1318 540 1341 ν.
565 1306 683 1339 Strab.
705 1307 746 1346 8,
780 1307 850 1341 568

37 1354 92 1396 B,
115 1352 230 1386 Scliol.
253 1354 282 1387 A
311 1358 348 1387 et
374 1352 427 1394 E,
452 1363 536 1409 quos
557 1353 593 1385 H
610 1352 788 1392 laudavit,
816 1357 851 1386 et

37 1411 116 1434 ann.
139 1398 183 1432 ad
212 1397 260 1445 β’,
286 1399 392 1442 681.)
431 1394 608 1454 ὀὖθαρ
647 1395 715 1454 οἷρ
762 1401 849 1443 Ap.-

38 1442 202 1481 οὔθατα.
232 1446 392 1502 (Odyss.
417 1443 453 1488 ι’,
476 1445 582 1488 440.)
616 1463 658 1468 --
691 1441 785 1479 όταν
810 1442 851 1479 δε

38 1491 120 1549 λέγῃ
145 1492 316 1545 ουθαρ
342 1490 409 1535 ἀρ.
422 1517 432 1534 ,
467 1492 729 1536 μεταφορικῶς
760 1490 852 1536 λέγει

38 1537 80 1574 τὸ
105 1537 293 1584 κάρπιμον
317 1540 382 1583 τῆς
405 1540 485 1583 γῆς.
532 1539 576 1572 cf.
611 1540 692 1573 283.
730 1538 851 1572 Voss..

37 1597 143 1619 wann
169 1597 248 1618 zum
277 1586 499 1619 achaiischen
528 1586 663 1630 Argos,
696 1585 772 1618 clem
797 1597 850 1618 se-

0 1649 2 1682 )
35 1633 251 1678 genslancle,
280 1633 344 1665 uir
369 1632 601 1665 Ιιείιιιείοῆη.6
659 1631 742 1664 uber
770 1632 852 1676 agri

0 1685 2 1702 r
37 1683 74 1713 et
98 1678 221 1712 similia
245 1678 334 1712 dixit
357 1679 458 1712 Maro
484 1680 567 1712 Aen.
594 1679 639 1717 7,
665 1679 744 1711 262.
770 1684 851 1718 etc„

0 1734 1 1745 ³
35 1723 164 1769 νήσοιο
200 1723 342 1768 μαστὸν
374 1724 505 1757 callim
543 1725 576 1758 1ι.
609 1723 645 1756 in
680 1723 756 1756 Del.
794 1723 850 1759 48.

37 1771 248 1816 Argolidem,
273 1775 354 1804 ante
376 1771 589 1816 paludosam
610 1769 791 1823 aliquando
815 1770 851 1802 in

37 1818 229 1851 fertilitatis
265 1817 398 1850 laudem
432 1817 639 1850 successisse
665 1816 763 1849 nimis
789 1827 851 1849 ex-

37 1864 190 1897 siccatae
230 1869 348 1896 terrae
380 1865 669 1913 Mycenaeorum,
705 1863 852 1896 tradidit

38 1909 243 1943 Aristoteles
268 1909 514 1952 Meteorol.1‚
541 1910 594 1942 14.
631 1907 851 1953 ξηραινόμε-

37 1969 97 1991 νοι
121 1955 191 2001 γὰρ
217 1955 253 1990 οἱ
276 1954 412 1996 τόποι,
437 1954 572 1999 inquit,
606 1953 776 1998 ἔρχονται
800 1955 852 1994 εἰς

39 2001 82 2038 τὸ
107 2003 228 2041 καλως
254 2000 364 2046 ἔχειν·
391 1981 426 2036 όὶ
453 2000 493 2036 δὲ
517 1999 696 2045 πρότερον
721 1999 852 2044 εὐκρα-

38 2053 92 2090 εἴς
112 2047 471 2106 ὑπερξηραινόμενοι
491 2048 573 2083 τότε
585 2050 761 2105 δγίνονται
778 2049 852 2092 χεί-

38 2109 140 2139 ρους.
190 2094 280 2138 ὅπερ
316 2095 519 2140 συμβέβηκε
552 2108 596 2140 τῃ
617 2093 767 2130 Ελλάδι
790 2095 854 2131 καὶ

37 2143 123 2185 περὶ
145 2140 213 2186 τήν
235 2141 400 2186 Ἀργείων
431 2142 494 2176 καὶ
523 2144 761 2198 Μυκηναίων
781 2141 851 2187 χιό-

38 2203 121 2232 ραν.
170 2189 227 2225 ἐπὶ
253 2202 320 2233 μεν
344 2188 415 2244 γάρ
441 2190 514 2222 τῶν
539 2191 715 2232 Τρωικῶν
741 2186 763 2233 ἡ
785 2188 852 2232 μὲν

36 2234 204 2291 Ἀργείων
236 2235 300 2271 διὰ
331 2232 373 2270 τό
411 2235 550 2277 ἑλώδης
584 2248 682 2270 ειναι
706 2235 852 2280 ὀλίὶους

37 2280 204 2334 ἠδύνατο
230 2281 403 2340 τρέφειν,
437 2279 457 2326 ἡ
486 2281 525 2317 δὲ
552 2285 758 2329 ΑΜυκηναία
781 2297 851 2318 κα-

37 2331 110 2369 λῶς
148 2334 243 2374 εἶχε,
275 2328 336 2365 διὸ
373 2327 588 2373 ἐντιμοτέρα
614 2330 680 2374 ἠν·
716 2332 786 2364 νῦν
811 2329 852 2365 δὲ

37 2375 262 2412 τουναντίον
294 2374 357 2411 διὰ
387 2374 456 2421 τὴν
480 2375 677 2421 εἰρημένην
705 2378 852 2411 αἰτίαν·

38 2420 61 2469 ἡ
85 2421 154 2468 μὲν
177 2422 248 2468 γὰρ
275 2421 367 2481 ἀργὴ
394 2424 519 2467 γέγονε
543 2423 607 2458 καὶ
632 2423 728 2467 ξηροὶ
753 2423 849 2467 πάμ-

36 2483 138 2512 παν,
171 2472 238 2515 τῆς
262 2468 302 2506 δὲ
327 2469 370 2504 τά
397 2469 482 2505 τότε
506 2468 570 2505 διὰ
597 2469 638 2505 τὸ
664 2469 850 2514 λιμνάζειν

39 2515 236 2597 ἓρῗεῖἶὶῖ.
252 2515 616 2621 χὲὶγέσιὲοῒυέέέξῖἒῖεα
631 2517 675 2598 cxf.
700 2515 850 2597 gn'n.3732d

38 2608 187 2650 63171.
212 2630 257 2635 —
283 2609 370 2645 έοι.
403 2610 528 2644 Matth.
556 2612 588 2651 §
607 2611 687 2644 212.
714 2622 746 2655 Ρ.
766 2612 849 2645 281.

39 2674 84 2680 —
106 2654 380 2701 τηλύγετος.
413 2658 471 2700 qui
498 2657 583 2689 πιίΙιί
603 2661 699 2690 tenev
721 2657 850 2690 educa-

40 2707 98 2735 tur
114 2702 152 2758 ι”η
167 2705 353 2746 affluentia
374 2714 487 2736 rerum
514 2703 676 2737 omnium.
713 2716 746 2737 v.
771 2714 848 2737 ann.

40 2747 84 2780 ad
106 2747 150 2791 γ’,
172 2749 247 2783 175.
271 2752 364 2805 Ap.=
388 2750 546 2805 θαλίῃ.
582 2746 758 2796 εῦθηνία.
781 2762 848 2794 με·-

39 2794 235 2837 ταφέρεται
258 2792 331 2831 άπὸ
356 2798 431 2830 τῶν
452 2796 616 2839 καρπῶν.

88 2839 166 2875 145.
214 2841 552 2886 Chrysothemidem,
579 2840 793 2886 Iphigeniam
813 2846 849 2876 et

38 2885 214 2921 Electram
237 2894 401 2922 memorat
421 2888 541 2934 Eurip.
562 2890 624 2923 Or.
641 2889 711 2925 23...
733 2887 850 2932 Chry-

37 2932 259 2967 sothemidem
289 2938 327 2968 et
357 2934 531 2969 Electram
555 2935 663 2979 Soph.
694 2934 847 2976 Electra,

36 2978 271 3023 Iphianassam
319 2981 453 3024 pariter
496 2980 683 3016 Lucretius
717 2983 758 3020 1,
791 2981 848 3015 86.

35 3025 138 3060 Sch..
171 3026 356 3071 Λαοδίκη·
389 3028 460 3072 μία
488 3028 564 3064 τῶν
583 3024 849 3073 Ἀγαμέμνονος

893 1075 1117 1118 θυγατρῶν,
1150 1067 1197 1117 ἣν
1232 1071 1269 1106 οἱ
1307 1069 1484 1128 Τραγικοὶ
1514 1064 1710 1126 Ἠλέκτραν

894 1119 1024 1163 εἶπον,
1053 1119 1103 1162 ὡς
1135 1120 1198 1154 καὶ
1221 1116 1290 1162 τήν
1315 1115 1558 1160 Ἰφιάνασσαν
1582 1114 1711 1161 Ἰφιγέ-

894 1167 998 1203 νειάν
1024 1179 1139 1212 φησιν
1162 1162 1183 1201 6
1209 1163 1431 1209 Εὐριπίδης.
1468 1164 1514 1197 cf.
1539 1164 1592 1205 Ε,
1620 1165 1665 1197 H.

946 1214 1023 1250 146.
1048 1225 1143 1258 sequ.
1180 1211 1436 1246 α’νάεδνον.
1472 1210 1635 1255 analogia
1654 1222 1712 1244 ca-

897 1272 976 1295 rens
1000 1272 1092 1302 vox,
1128 1259 1184 1292 vel
1218 1258 1342 1314 potius
1365 1256 1505 1291 menda.
1541 1269 1616 1290 nam
1651 1269 1713 1302 po-

897 1308 1043 1341 nendum
1069 1318 1145 1340 esse
1170 1317 1293 1339 censeo
1320 1301 1497 1339 άνέεδνον
1523 1304 1565 1337 ab
1592 1302 1712 1338 ἑᾛεδνα

898 1354 1015 1398 inepte
1041 1353 1071 1387 E
1098 1351 1281 1387 ἀνάεδνον
1309 1363 1371 1396 Ριο
1397 1349 1558 1386 οἰάεδνον
1582 1350 1713 1384 dictum

899 1405 1019 1445 putat,
1032 1397 1375 1450 μεσολαβηθέντος
1404 1399 1474 1432 τοῦ
1509 1411 1530 1432 ν
1557 1397 1620 1431 διὰ
1644 1395 1715 1441 μό-

898 1460 966 1491 νην
999 1444 1214 1489 ευφωνίαν,
1247 1445 1338 1491 quod
1373 1445 1450 1478 fieri
1476 1444 1662 1488 probatum
1685 1443 1713 1478 it

898 1492 1013 1528 nescio
1040 1494 1137 1536 cujus
1161 1503 1265 1526 versu
1296 1495 1391 1534 (nam
1417 1502 1537 1524 versus
1562 1490 1712 1531 videtur,

897 1546 1113 1596 pentameter
1137 1538 1310 1582 elegiacus
1334 1538 1527 1595 μείουρος)
1560 1535 1713 1582 μηδεν

899 1583 1215 1628 α’νάγνωστον
1239 1583 1390 1620 καλὸν
1414 1582 1593 1636 ε’χοιμι,
1619 1583 1713 1628 quod

898 1632 1053 1666 fueritin
1076 1632 1294 1688 autographo
1312 1629 1458 1675 μηδὲν
1480 1644 1534 1666 αν
1560 1629 1713 1674 ἄγνω-

900 1691 1010 1714 στον
1034 1694 1064 1714 n.
1093 1678 1120 1713 ε’.
1166 1679 1201 1712 εἰ
1232 1677 1273 1713 δὲ
1308 1676 1403 1711 κατά
1430 1691 1550 1720 τινας,
1584 1676 1711 1733 inquit,

900 1722 921 1781 ᾗ
947 1723 1021 1759 οἷνα
1031 1723 1226 1781 πρόθεσις
1258 1724 1418 1759 δύναται
1449 1724 1511 1759 καὶ
1545 1722 1713 1768 στέρησιν

899 1772 998 1808 ε’στιν
1025 1769 1087 1808 ὅτε
1111 1771 1250 1815 δηλοῦν
1276 1771 1343 1813 (ita
1367 1771 1640 1805 existimantibus
1656 1780 1713 1803 se-

898 1820 1008 1853 cunda
1033 1819 1185 1871 loquitur
1209 1818 1339 1851 Buttm.
1368 1818 1476 1851 Lexil.
1495 1818 1522 1850 I.
1544 1829 1577 1862 p.
1588 1817 1676 1875 ,.274
1680 1816 1712 1860 ),

898 1866 953 1910 εἴη
989 1861 1036 1899 ὂὶν
1071 1878 1190 1905 ουτως
1216 1862 1458 1899 ἀνάεδνον
1484 1864 1547 1900 καὶ
1581 1861 1714 1898 ἔνταῠ·

896 1915 952 1947 θα
976 1911 1017 1946 τὸ
1042 1910 1232 1955 ἄπροικον.
1258 1911 1386 1954 legitur
1406 1912 1469 1944 hoc
1488 1911 1609 1944 vocab.
1625 1922 1712 1944 non-

899 1959 965 1991 nisi
990 1959 1023 1991 1ι.
1050 1958 1072 1991 1.
1097 1964 1132 1992 et
1156 1957 1257 1991 simili
1293 1957 1438 1991 inferius
1462 1958 1564 1997 288„
1599 1963 1634 1991 et
1667 1955 1712 2000 ν’,

899 2006 979 2040 366.
1027 2005 1094 2060 ΑΡ.
1111 2017 1119 2038 :
1145 2002 1345 2038 ἀνάεδνον.
1379 2002 1468 2038 ἄνευ
1495 2003 1613 2038 ἔδνων
1637 2004 1713 2037 τῶν

900 2049 1110 2094 διδομένων
1153 2047 1228 2086 υπὸ
1265 2050 1340 2084 τῶν
1374 2048 1594 2095 μνηστήρων
1629 2053 1714 2090 ταῖς

899 2096 1118 2141 μελλούσαις
1140 2099 1356 2143 γαμεῖσθαι.
1399 2097 1511 2130 idem.
1536 2097 1713 2140 μείλια.

898 2146 1136 2188 μειλιγματα,
1160 2145 1390 2198 χαρίσματα,
1421 2142 1477 2183 οἷς
1502 2142 1715 2187 ἄπομειλίσ-

900 2204 1040 2226 σονται
1090 2191 1182 2234 λέγει
1208 2189 1247 2225 δὲ
1275 2187 1394 2230 ου’τως
1418 2190 1481 2224 καὶ
1505 2190 1714 2235 (perperam

899 2238 977 2271 libui
1003 2236 1062 2278 δε,
1089 2238 1210 2272 mendo
1236 2236 1444 2291 frequenti.)
1469 2237 1537 2280 τήν
1556 2240 1714 2291 προῖκα·

899 2283 986 2329 ἐγώ
1013 2282 1054 2319 6'
1079 2283 1155 2319 ἔπι
1180 2285 1349 2338 μείλια
1379 2282 1524 2318 δωσω.
1568 2283 1609 2318 τὸ
1644 2279 1712 2328 γὰρ

900 2331 976 2367 ἐπι
1003 2329 1095 2375 πρὸς
1129 2329 1171 2365 τὸ
1209 2328 1352 2365 δώσω.
1403 2329 1498 2365 ε’νιοι
1531 2328 1571 2366 δὲ
1606 2329 1712 2365 ἐπι-

899 2379 1065 2422 μείλια
1099 2376 1291 2421 συνθήκας
1324 2375 1500 2422 ἤκουσαν.
1556 2376 1714 2411 similiter

898 2426 930 2459 E
956 2430 991 2458 et
1015 2425 1073 2458 alu
1088 2424 1217 2458 Scholl.
1254 2424 1372 2468 Et3m.
1396 2426 1517 2467 μείλια
1540 2423 1714 2468 interpre-

898 2476 994 2504 tatur
1028 2470 1076 2505 τοὶ
1108 2470 1338 2513 ἐξώπροικα,
1378 2471 1411 2504 1ι.
1445 2483 1475 2505 e.
1518 2482 1580 2510 ea,
1625 2481 1714 2514 quae

898 2517 1025 2551 dantur
1050 2518 1172 2552 marito
1204 2524 1344 2561 praeter
1368 2517 1491 2551 dotem.
1540 2517 1585 2550 cf.
1610 2517 1656 2550 H.

945 2565 1022 2600 149.
1071 2564 1266 2598 Messeniae
1292 2564 1395 2597 urbes
1420 2564 1509 2597 sitae
1534 2563 1578 2597 ad
1601 2563 1713 2596 sinum

896 2609 1130 2651 Messenium,
1169 2621 1256 2654 quas
1287 2616 1358 2643 tum
1389 2610 1541 2643 tenuisse
1565 2610 1713 2653 Agame-

895 2667 1069 2700 mnonem,
1102 2668 1163 2690 seu
1189 2656 1270 2689 belli
1291 2656 1393 2699 jure,
1427 2657 1502 2689 sive
1535 2655 1570 2688 in
1596 2656 1711 2689 dotem

895 2707 1058 2747 acceptas
1082 2715 1102 2737 a
1128 2701 1336 2747 Tyndareo,
1372 2714 1514 2735 necesse
1538 2706 1610 2742 est,
1636 2712 1710 2735 cum

895 2749 1049 2793 reliquus
1073 2749 1103 2782 is
1121 2753 1255 2782 tractus
1278 2748 1312 2781 in
1334 2747 1465 2782 ditione
1484 2747 1633 2781 Menelai
1654 2758 1711 2780 es-

895 2800 970 2836 set,
1007 2796 1107 2839 cujus
1138 2800 1248 2828 morte
1278 2794 1455 2828 Messenia
1478 2794 1582 2827 cessit.
1607 2793 1712 2827 Nelei

895 2842 1048 2885 posteris
1073 2852 1184 2885 usque
1217 2841 1251 2874 in
1282 2841 1468 2874 adventum
1502 2839 1710 2873 Heraclida-

894 2898 979 2920 rum.
1029 2899 1075 2921 ν..
1094 2888 1129 2921 H
1163 2891 1219 2928 et,
1262 2898 1347 2931 quos
1379 2891 1536 2921 auctores
1570 2885 1707 2927 citavit,

895 2934 1010 2967 Strab.
1043 2935 1076 2969 8.
1109 2945 1143 2978 p.
1172 2932 1253 2968 549.
1280 2944 1400 2977 seqq.‚
1442 2934 1545 2967 Paus.
1575 2934 1620 2973 3,
1651 2931 1709 2966 26.

893 2979 1017 3023 Steph.
1043 2980 1128 3024 Byz.
1153 2979 1210 3012 hh.
1236 2990 1318 3019 vv.,
1351 2978 1432 3012 item
1457 2978 1587 3012 Cellar.
1614 2979 1645 3013 1.
1672 2989 1705 3023 p.

895 3027 1168 3067 1189-1192,
1202 3025 1377 3060 Mannert.
1402 3024 1446 3066 8,
1478 3036 1512 3071 p.
1538 3026 1627 3066 531,
1660 3025 1707 3061 Κ.
