1811 3269
728 154 1120 195 ΟΜΗΡΟΥ

252 266 327 310 καὶ
358 262 596 319 Κροκύλει’
627 263 835 318 ἐνέμοντο
866 264 938 307 καὶ
970 267 1177 319 Αἰγίλιπα
1207 270 1424 335 τρηχεῖαν,

253 325 302 366 οἵ
325 339 369 366 τε
400 322 640 366 Ζάκυιθον
672 320 797 390 ἕχον,
826 318 898 391 ἠδ’
934 324 976 364 οἳ
1006 322 1163 377 Σάμον
1195 320 1515 392 ἀμφενέμοντο,

138 382 224 424 635
255 381 300 423 οἵ
325 379 364 422 τ’
397 378 582 434 ἤπειρον
613 393 736 432 εχον,
751 374 843 434 ἥδ’
875 377 1123 432 ἀντιπέραι’
1153 378 1370 430 ἐνέιιοντο,

250 440 339 480 τῶν
369 436 447 489 μὲν
474 433 711 484 Ὀδυσσευς
740 435 862 490 ἦρχε,
892 439 972 479 Διῒ
999 440 1128 492 μῆτιν
1158 434 1420 487 ἀτάλαντος·

251 498 312 553 τῷ
344 491 387 536 δ’
419 492 507 547 ἅμα
538 495 639 562 νῆες
669 490 828 535 ἕποντο
859 490 1058 536 δυώδεκα
1087 491 1392 549 μιλτοπάρῃοι.

342 551 552 592 Αἰτωλῶν
583 547 629 618 6'
659 546 801 603 ἡγεῖτο
835 549 972 621 Θιξας,
1004 549 1317 605 Ἀνδραίμονος
1350 550 1460 603 υἱὸς,

253 608 297 650 οὶ
327 604 558 661 Πλευρῶν’
589 604 796 662 ἐνέμοντο
827 605 902 649 καὶ
919 607 1108 650 Ὤλενον
1137 606 1214 663 ἡδὲ
1245 607 1469 664 Πυλήνην,

81 732 196 779 ginis,
230 745 304 767 cum
337 733 411 768 tab.
444 744 572 767 aenea:
619 733 769 770 Ithaka
812 732 896 765 oder

87 780 239 815 Versuch
275 782 368 814 einer
404 779 688 824 geographisch—
699 779 894 822 antiquari-

79 828 182 860 schen
200 827 429 870 Darstelluug
448 827 510 859 der
531 827 621 858 Insel
647 826 777 858 Ithalca
802 825 894 857 nach

80 873 185 906 Hom.
217 885 251 906 u.
277 873 344 906 den
372 884 503 906 neuern
531 873 735 905 Reisemlen.
793 882 894 927 prae-

80 919 175 952 clare
200 918 346 963 Ulysses
371 919 499 962 Odyss.
520 917 556 959 ι’,
576 920 631 952 21
646 930 654 950 :
678 914 890 952 ναιετάωὸ’

75 961 232 1009 Ἰθάκην
267 964 459 1000 εὐδείελον.
521 963 559 999 ἐν
590 961 642 1020 ,δ’
676 960 762 1007 ὅρος
796 963 894 1015 αυτῇ

79 1010 248 1068 Νήριτον
269 1013 550 1055 ειΗνοσιφυλλον,
577 1008 793 1053 ἀριπρεπές·
823 1017 892 1053 αμ-

79 1058 124 1102 φὶ
157 1056 197 1093 δὲ
228 1060 337 1101 νῆσοι
369 1057 510 1093 Πολλαὶ
546 1056 762 1092 ναιετάουσι
793 1055 892 1098 μάλα

78 1103 211 1149 σχεδὸν
237 1103 452 1161 ἀλλήλῃσιν,
478 1102 678 1147 Δουλίχιόν
699 1115 754 1144 τε,
779 1102 891 1160 Σάμη

77 1163 138 1191 τε,
164 1164 226 1185 και
252 1149 410 1195 ὑλήεσσα
438 1149 657 1190 Ζάκυνθος·
691 1146 816 1194 Αὐτὴ
842 1147 891 1184 δὲ

76 1197 254 1242 χθαμαλή
292 1194 650 1241 πανυπερτάτη
701 1198 772 1232 εἰν
793 1192 894 1252 Ηᾶλὶ

76 1247 241 1280 κεῖται
263 1243 396 1285 Πρὸς
418 1242 581 1299 ζόφον
617 1242 675 1286 (αἱ
701 1242 741 1279 δέ
766 1239 803 1276 τ’
828 1238 893 1276 ἅν-

77 1293 169 1326 ευθε
193 1287 285 1333 πρὸς
309 1288 366 1334 ἠῶ
390 1286 427 1324 τ’
455 1287 576 1333 ηέλιόν
601 1290 686 1333 τε),
725 1287 877 1333 Τρηχεῖ’
882 1314 892 1331 ,

77 1335 164 1372 ἀλλ’
202 1335 328 1381 άγαθη
365 1334 644 1380 κουροτρόφοςε
685 1347 727 1368 ex
771 1335 894 1379 quibus

76 1383 196 1416 verbis
236 1382 467 1426 intelligitur,
512 1385 656 1415 istarum
701 1381 892 1415 insularum

76 1429 230 1463 Ithacam
253 1440 330 1462 esse
354 1428 500 1462 maxime
524 1427 791 1469 occidentalem,
818 1438 892 1461 cum

77 1480 201 1510 contra
225 1474 271 1508 sit
304 1475 339 1508 in
366 1474 494 1508 Krusei
526 1479 561 1508 et
594 1475 734 1508 aliorum
766 1473 893 1507 tabulis

77 1521 334 1578 geographicis.
401 1520 528 1565 0d3ss.
559 1517 604 1560 6',
639 1521 738 1555 605:
778 1518 817 1554 ἐν
849 1516 890 1554 δ’

71 1567 205 1612 Ἰθάκῃ
230 1566 298 1603 οὔτ
344 1563 391 1610 α“ρ
416 1566 567 1623 δρόμοι
577 1564 721 1608 εὐρέες,
748 1564 834 1600 οὔτε
858 1579 894 1600 τι

78 1615 237 1658 λειμών·
270 1614 484 1667 Αἰγίβοτος,
510 1626 571 1647 και
592 1614 731 1657 μᾶλλον
756 1611 892 1658 ἐπήρα-

77 1673 142 1701 τος
166 1659 415 1717 ιπποβὸτοιο·
444 1656 502 1695 Ου
525 1658 594 1704 γάρ
619 1673 675 1699 τις
693 1658 813 1704 νήσων
833 1659 891 1692 ἱπ-

76 1706 242 1752 πήλατος
267 1704 352 1742 οὐδ’
385 1703 582 1749 εὐλείμων,
622 1704 713 1741 Αἳωθ
741 1703 800 1741 ἁλὶ
833 1717 890 1739 κε-

77 1756 237 1796 κλίαται,
263 1751 393 1797 Ἰθάκη
420 1752 460 1789 δέ
485 1765 522 1788 τε
545 1752 608 1787 καὶ
631 1752 713 1795 περὶ
731 1751 889 1787 πασέων

76 1800 167 1834 Plin.
192 1801 234 1841 4,
262 1802 337 1835 12·
363 1801 406 1833 ab
436 1811 478 1833 ea
504 1799 762 1844 (Cephallenia)
791 1799 889 1831 Itha-

77 1859 121 1880 ca
140 1847 211 1880 XV
226 1847 338 1880 millia
363 1847 490 1887 distat,
516 1847 553 1879 in
572 1858 641 1890 qua
666 1857 761 1878 mons
785 1845 890 1879 Neri-

76 1898 144 1928 tus.
190 1898 267 1927 tota
283 1904 363 1926 vero
382 1893 526 1926 circuitu
544 1897 645 1936 patet
662 1892 768 1924 XXV
780 1892 892 1924 millia

73 1950 253 1984 passuum.
301 1939 361 1973 sed
380 1938 546 1972 incertum
567 1942 632 1980 est,
657 1937 891 1971 Homericam-

75 1997 120 2019 ne
139 1986 291 2019 Ithacam
321 1984 416 2018 dicat
443 1996 486 2019 an
513 1984 614 2018 aliam
643 1983 797 2018 insulam.
847 1984 892 2018 cf.

75 2031 254 2065 Mannert.
280 2031 304 2065 1.
330 2043 359 2064 c.
385 2042 419 2075 p.
446 2032 615 2075 92-sequ.

123 2078 203 2112 633.
254 2078 415 2121 Crocylea
439 2082 474 2111 et
499 2077 657 2121 Aegilips
680 2076 715 2109 in
738 2076 893 2109 Acarna-

74 2122 133 2157 nia
156 2124 233 2157 sive
258 2124 438 2164 Leucade,
463 2134 552 2167 quae
585 2123 799 2156 Acarnaniae
830 2133 890 2155 ac-

76 2181 180 2203 censa
205 2169 292 2211 fuit,
316 2175 542 2203 memorantur
565 2180 585 2202 a
605 2170 779 2202 Strabone
797 2170 831 2203 9.
856 2179 892 2213 Ρ.

76 2216 157 2257 577,
185 2216 225 2249 C.
245 2220 280 2249 et
300 2217 352 2250 10.
380 2227 414 2261 p.
435 2217 516 2256 693,
531 2214 573 2247 C.
607 2215 758 2259 Crocylii
779 2215 890 2249 Thuc.

75 2261 229 2296 meminit
266 2261 356 2295 inter
407 2262 510 2296 urbes
547 2260 723 2295 Aetolicas
755 2262 798 2301 3,
834 2262 891 2297 96.

75 2307 220 2342 Ithacae
242 2312 376 2341 tractus
400 2306 434 2348 4,
458 2307 494 2340 in
518 2307 572 2340 his
591 2307 808 2352 Crocyleum,
827 2317 891 2340 nu-

75 2359 188 2388 merat
221 2353 418 2387 Heracleon
451 2352 578 2386 Glauci
606 2353 654 2387 fil.
681 2365 738 2397 ap.
770 2352 890 2397 Steph.

75 2400 161 2445 Byz.
174 2400 220 2478 lh.
247 2412 282 2434 v.
305 2400 352 2434 cf.
371 2399 518 2434 Palmer.
539 2400 668 2434 Graec.
685 2404 754 2434 ant.
773 2400 808 2440 4,
831 2400 890 2435 23.

77 2447 133 2480 Ea:
154 2447 175 2478 Ι
193 2471 201 2479 .

124 2492 204 2528 634.
252 2491 450 2535 Zacynthus
472 2490 536 2524 ins.
561 2490 656 2524 Elidi
677 2501 721 2524 ex
745 2490 890 2526 adverso

76 2538 145 2574 sita
170 2541 237 2572 est.
271 2539 314 2571 de
335 2549 377 2571 ea
401 2543 437 2571 et
458 2538 562 2571 Same
582 2548 643 2570 seu
666 2538 782 2580 Samo,
803 2549 892 2581 quae

78 2588 158 2631 post
177 2583 402 2639 Cephallenia
423 2583 516 2618 dicta
530 2595 606 2617 esse
625 2583 788 2625 creditur,
810 2584 892 2617 Pal-

77 2643 160 2666 mer.
187 2632 261 2686 egit
285 2631 304 2664 l.
328 2642 358 2663 c.
384 2641 414 2664 c
433 2630 491 2665 24.
518 2630 646 2663 Strabo
666 2631 722 2664 10.
740 2642 774 2674 p.
792 2631 893 2665 702..

78 2676 178 2712 ἔστιν
207 2689 226 2711 ο
251 2674 383 2716 κύκλος
405 2678 472 2720 τῆς
501 2675 703 2711 Ζάκυνθον
730 2677 891 2711 σταδίων

78 2721 214 2760 ἑκατόν
249 2720 443 2777 ἑξήκοντα·
478 2722 588 2766 διέχει
619 2721 659 2757 δὲ
686 2723 789 2766 [και]
826 2724 893 2766 τῆς

80 2771 341 2826 Κεφαλληνίας
376 2765 464 2804 ο’σον
499 2768 678 2814 ἑξήκοντα
703 2770 890 2826 σταδίους,

79 2814 229 2873 ὑλώδης
251 2814 338 2869 μὲν,
364 2813 548 2869 εὕκαρπος
571 2815 627 2851 δέ·
653 2815 715 2850 καὶ
740 2813 763 2860 ἦ
787 2814 893 2857 πόλις

80 2861 274 2907 ἀξιόλογος
297 2859 506 2906 ὁμώνυμος.
526 2881 572 2887 -
599 2862 642 2896 de
665 2875 703 2897 τε
729 2868 892 2908 correpto

80 2923 113 2944 v.
138 2921 218 2944 ann.
242 2910 286 2943 ad
312 2908 391 2944 465.

128 2968 208 3002 635.
257 2963 281 3010 ἥ
291 2979 317 3000 π
329 2978 344 3000 ε
356 2978 370 3000 ι
379 2978 400 3008 ρ
413 2979 432 3001 ο
443 2978 466 2999 ν
475 2990 486 3006 ,
510 2966 737 3001 continentem
747 2994 756 3006 ,
784 2966 893 2999 Acar·

81 3013 214 3048 naniam
240 3024 316 3048 cum
339 3011 512 3054 Leucade,
536 3011 677 3046 Ithacae
696 3018 732 3046 et
742 3012 892 3057 Cephal-

939 733 1052 768 leniae
1075 745 1118 767 ex
1143 733 1288 767 adverso
1313 732 1434 777 posita.
1462 732 1578 766 Strab.
1612 743 1645 776 p.
1668 731 1748 773 693,

939 782 1003 821 Β.,
1027 781 1107 821 695,
1133 781 1172 813 C.
1207 781 1348 813 eandem
1382 780 1609 813 continentem
1638 780 1748 823 signi-

940 828 1023 861 ficat
1057 837 1124 859 vox
1159 824 1458 869 άντιπέραια.
1515 826 1748 861 interfuerunt

939 872 1149 917 expeditioni
1183 872 1347 906 adversus
1373 873 1514 916 Trojam
1539 875 1747 914 Acarnanes,

940 921 997 964 qui
1019 930 1110 952 oram
1133 918 1221 952 illam
1240 919 1432 952 incolebant
1456 919 1603 962 (Strabo
1624 930 1659 963 p.
1678 921 1746 955 708

939 966 1078 1010 sequ.);
1124 965 1290 998 interiora
1323 965 1486 999 tenebant
1517 964 1575 997 alii
1608 965 1747 999 barbari

938 1011 1141 1053 Pelasgicae
1171 1016 1205 1044 et
1230 1011 1405 1045 Thraciae
1438 1010 1602 1054 originis,
1638 1011 1748 1045 Cure-

937 1062 1012 1098 tes,
1043 1057 1212 1100 Leleges,
1247 1058 1443 1100 Teleboae,
1477 1063 1516 1090 ut
1549 1061 1670 1090 auctor
1694 1062 1748 1091 est

937 1105 1079 1138 Aristot.
1110 1115 1166 1147 ap.
1201 1104 1320 1137 Strab.
1341 1106 1373 1138 7.
1398 1115 1432 1148 p.
1457 1102 1490 1138 4.
1518 1115 1550 1148 Ρ.
1576 1102 1656 1144 495,
1682 1103 1748 1144 C.;

938 1149 1092 1184 borealia
1117 1155 1230 1184 autem
1254 1150 1332 1184 loca
1356 1150 1518 1193 Dolopes.
1556 1150 1606 1183 Ea·
1629 1151 1676 1184 H.
1702 1151 1745 1184 cf.

939 1208 1016 1230 ann.
1052 1196 1097 1229 ad
1129 1197 1208 1231 631.
1257 1198 1470 1230 Acarnanum
1502 1207 1623 1230 nomen
1656 1196 1746 1230 haud

940 1242 1067 1287 legitur
1100 1254 1158 1287 ap.
1183 1240 1284 1276 Hom.

986 1312 1065 1346 637.
1111 1313 1231 1354 μιλτ.
1274 1311 1400 1355 legitur
1431 1311 1495 1343 hoc
1528 1322 1605 1343 voc.
1643 1310 1745 1344 etiam

941 1357 1071 1402 Odyss.
1106 1355 1141 1398 ι’,
1178 1358 1275 1397 125.,
1309 1357 1550 1413 significatque
1582 1356 1673 1390 idem
1705 1368 1746 1390 ac

940 1400 1234 1448 φοινικοπάρῃος
1267 1404 1396 1448 Odyss.
1433 1402 1474 1444 λ’,
1509 1403 1587 1437 123.
1622 1407 1658 1436 et
1690 1400 1745 1446 ψ’,

938 1452 1019 1486 271.
1044 1450 1117 1483 scil.
1144 1451 1328 1494 pigmentis
1351 1450 1601 1483 inducebantur
1625 1460 1744 1492 naves,

939 1508 983 1531 ne
1009 1496 1112 1530 maris
1148 1503 1184 1529 et
1217 1497 1307 1530 aeris
1338 1496 1464 1539 injuria
1488 1506 1747 1540 corrumperen-

939 1548 1018 1583 tur3
1055 1549 1090 1576 et
1113 1542 1292 1576 inferiores
1317 1543 1452 1586 quidem
1484 1547 1623 1586 parte5‚
1662 1553 1747 1586 quas

939 1588 1050 1622 undae
1075 1588 1268 1628 alluebant,
1299 1588 1375 1633 pice
1400 1588 1455 1621 vel
1479 1588 1593 1621 resina
1618 1588 1747 1623 oblitae

937 1634 1045 1669 fuisse
1065 1635 1237 1677 videntur,
1254 1635 1405 1680 indeque
1420 1634 1549 1678 nigrae,
1564 1633 1746 1678 μέλαιναι,

938 1681 1133 1725 appellatae
1157 1693 1282 1722 naves,
1316 1681 1512 1726 superiores
1537 1687 1647 1714 autem
1673 1681 1747 1715 lae—

937 1727 983 1760 tis
1006 1727 1144 1760 fulsisse
1167 1727 1351 1762 coloribus.
1401 1739 1511 1772 neque
1528 1727 1617 1761 enim
1634 1727 1746 1760 Scho-
1810 1734 1811 1751 ³

935 1772 1045 1807 liastis
1071 1773 1215 1807 Venetis
1245 1775 1492 1815 concesserim,
1527 1774 1617 1807 solas
1641 1774 1748 1818 Ulys-

936 1820 985 1853 sis
1009 1830 1116 1852 naves
1141 1820 1243 1853 minio
1268 1821 1380 1864 pictas
1403 1819 1510 1854 fuisse
1525 1845 1534 1860 ‚
1561 1831 1628 1864 quo
1652 1820 1746 1853 locus

936 1865 1110 1900 concionis
1145 1866 1206 1909 (λ’,
1236 1867 1468 1909 805-807.)
1492 1865 1746 1909 designaretur.

939 1917 1034 1945 certe
1059 1913 1220 1956 generale
1239 1912 1374 1946 navium
1396 1912 1573 1957 epitheton
1594 1918 1647 1945 est
1665 1915 1747 1956 μιλ-

937 1957 1125 2003 τοπάρῃος
1156 1959 1297 1993 Homeri
1329 1958 1438 1993 altero
1469 1959 1536 1991 isto
1572 1958 1645 1991 loco
1680 1957 1746 2002 (οὐ

937 2004 1007 2051 γὰρ
1041 2004 1278 2040 Κυκλώπεσσι
1317 2004 1396 2045 νέες
1435 2017 1537 2060 παρα
1569 2003 1747 2048 μιλτοπά-

940 2053 1052 2108 ρῃοι),
1078 2056 1113 2085 et
1130 2052 1258 2086 Herod.
1283 2053 1316 2093 3,
1342 2053 1423 2088 58:
1447 2048 1489 2086 τὸ
1511 2049 1551 2085 δὲ
1574 2051 1746 2095 παλαιὸν,

939 2098 1070 2144 inquit,
1105 2095 1247 2133 α’πασαι
1280 2098 1320 2132 αἱ
1353 2098 1437 2142 νῆες
1467 2091 1562 2141 ἦσαν
1583 2101 1746 2142 μιλτηλι-

939 2145 1043 2190 φέεςε
1085 2156 1194 2189 quare
1224 2145 1352 2189 Pjthia
1383 2155 1504 2177 navem
1542 2143 1632 2178 dixit
1662 2143 1745 2190 ἐρυ-

937 2191 1036 2236 θρόν
1060 2191 1212 2234 κήρυκα.
1249 2191 1320 2231 ,‚.cf
1356 2202 1432 2224 ann.
1459 2190 1502 2223 ad
1538 2188 1585 2232 α’,
1609 2189 1686 2227 141,
1711 2197 1747 2226 et

938 2239 978 2272 C.
1007 2239 1052 2274 Ο.
1081 2237 1218 2272 Mulleri
1236 2238 1394 2271 ΑνοΙιᾶοῑ.
1420 2237 1483 2270 der
1501 2237 1616 2270 Kunst
1641 2249 1675 2282 Ρ
1687 2237 1743 2273 49.

938 2290 974 2318 et
995 2286 1102 2320 391.“
1126 2285 1173 2319 U.

984 2343 1064 2378 638.
1113 2341 1329 2376 Andraemon
1355 2341 1475 2374 Oeneo
1499 2340 1534 2374 in
1554 2352 1660 2385 regno
1678 2343 1745 2375 Ae·
1798 2331 1801 2371 i

937 2389 1081 2423 tolorum
1112 2392 1344 2427 successerat,
1378 2386 1437 2431 qui
1462 2399 1481 2420 e
1505 2387 1647 2431 Gorge,
1673 2389 1744 2422 Oe·
1797 2374 1800 2425 l

937 2435 993 2469 nei
1018 2435 1102 2475 filia,
1126 2434 1278 2478 suscepit
1295 2433 1500 2466 Thoantem.
1527 2434 1635 2477 Apoll
1660 2436 1690 2475 1,
1710 2436 1744 2475 8,
1795 2431 1800 2496 f

939 2483 971 2522 1,
990 2484 1024 2517 6.
1064 2480 1223 2514 laudatur
1236 2479 1409 2514 Thoantis
1430 2479 1540 2512 virtus
1565 2484 1600 2513 et
1623 2480 1744 2514 facun-

937 2508 995 2562 dia
1029 2524 1073 2568 ο’,
1097 2527 1220 2562 281-
1230 2524 1311 2561 284.
1345 2525 1390 2560 cf.
1419 2523 1464 2567 δ’,
1488 2525 1580 2567 534,
1614 2526 1744 2571 Odyss.
1794 2497 1797 2548 l

936 2574 980 2618 ξ,
1003 2552 1085 2609 l199'.
1792 2572 1796 2644 f

983 2644 1062 2678 639.
1096 2642 1214 2675 harum
1238 2639 1370 2673 urbium
1393 2639 1623 2674 nobilissimae
1645 2646 1745 2674 erant
1791 2657 1793 2678 2

938 2689 1087 2723 Pleuron
1116 2694 1153 2722 et
1178 2687 1351 2729 Calydon,
1384 2685 1508 2740 quibus
1542 2691 1616 2719 tota
1640 2687 1744 2720 Aeto·
1791 2688 1793 2694 '

937 2735 1043 2770 lorum
1069 2735 1153 2768 ditio
1177 2732 1393 2777 significatur
1417 2730 1460 2773 ν’,
1481 2732 1560 2771 217,
1583 2734 1617 2766 8.
1641 2737 1678 2766 et
1702 2731 1743 2775 ξ’,
1789 2770 1791 2777 Ι

939 2783 1016 2818 116.
1065 2780 1245 2814 Strabonis
1266 2784 1378 2812 tamen
1401 2757 1517 2811 aet⁷ate
1541 2779 1645 2812 etiam
1664 2779 1744 2812 illae
1787 2781 1791 2832 [

938 2827 1096 2862 tenuibus
1136 2826 1238 2859 rebus
1275 2825 1470 2858 utebantur.
1511 2824 1648 2867 (Strab.
1688 2827 1743 2860 10.
1788 2846 1790 2850 .

939 2885 974 2919 Ρ
1009 2875 1108 2914 691.,
1145 2871 1242 2914 707.)
1283 2890 1328 2895 -
1373 2870 1498 2903 Olenus
1537 2875 1574 2904 et
1616 2871 1742 2914 Pylene

938 2931 1006 2954 uon
1047 2919 1148 2962 longe
1187 2928 1208 2950 a
1248 2915 1419 2950 Pleurone
1459 2916 1578 2951 sitae:
1623 2917 1741 2950 Strab.

940 2968 997 3001 lo.
1030 2977 1065 3011 p.
1089 2963 1247 3004 6920,
1279 2963 1413 3004 707A‚
1438 2968 1537 2997 etex
1561 2962 1680 3004 eoE,
1705 2967 1744 2996 ut

938 3011 973 3046 in
996 3011 1138 3046 ceteris.
1158 3010 1203 3043 H.
