<?xml version="1.0" encoding="UTF-8"?>
<!DOCTYPE html PUBLIC "-//W3C//DTD XHTML 1.0 Transitional//EN"
    "http://www.w3.org/TR/xhtml1/DTD/xhtml1-transitional.dtd">
<html xmlns="http://www.w3.org/1999/xhtml" xml:lang="en" lang="en">
 <head>
  <title>
</title>
<meta http-equiv="Content-Type" content="text/html;charset=utf-8" />
  <meta name='ocr-system' content='tesseract 3.04.00' />
  <meta name='ocr-capabilities' content='ocr_page ocr_carea ocr_par ocr_line ocrx_word'/>
</head>
<body>
  <div class='ocr_page' id='page_1' title='image "./carmina01home/carmina01home_0164.png"; bbox 0 0 1811 3269; ppageno 0'>
   <div class='ocr_carea' id='block_1_1' title="bbox 51 147 134 187">
    <p class='ocr_par' dir='ltr' id='par_1_1' title="bbox 51 147 134 187">
     <span class='ocr_line' id='line_1_1' title="bbox 51 147 134 187; baseline -0.024 0"><span class='ocrx_word' id='word_1_1' title='bbox 51 147 134 187; x_wconf 79' lang='lat'><strong>150</strong></span> 
     </span>
    </p>
   </div>
   <div class='ocr_carea' id='block_1_2' title="bbox 685 139 1084 182">
    <p class='ocr_par' dir='ltr' id='par_1_2' title="bbox 685 139 1084 182">
     <span class='ocr_line' id='line_1_2' title="bbox 685 139 1084 182; baseline -0.005 -1"><span class='ocrx_word' id='word_1_2' title='bbox 685 139 1084 182; x_wconf 72' lang='grc' dir='ltr'><em>ΟΜΗΡΟΥ</em></span> 
     </span>
    </p>
   </div>
   <div class='ocr_carea' id='block_1_3' title="bbox 106 249 1581 877">
    <p class='ocr_par' dir='ltr' id='par_1_3' title="bbox 106 249 1567 877">
     <span class='ocr_line' id='line_1_3' title="bbox 106 249 1250 321; baseline -0.006 -22"><span class='ocrx_word' id='word_1_3' title='bbox 106 256 190 299; x_wconf 83' lang='grc'><strong>725</strong></span> <span class='ocrx_word' id='word_1_4' title='bbox 217 251 404 307; x_wconf 81' lang='grc' dir='ltr'><em>Ἀργεῖοι</em></span> <span class='ocrx_word' id='word_1_5' title='bbox 432 251 550 305; x_wconf 82' lang='grc' dir='ltr'><em>παρὰ</em></span> <span class='ocrx_word' id='word_1_6' title='bbox 578 251 711 321; x_wconf 86' lang='grc' dir='ltr'><em>νηυσὶ</em></span> <span class='ocrx_word' id='word_1_7' title='bbox 743 249 1014 306; x_wconf 80' lang='grc' dir='ltr'><em>Φιλοκτήταο</em></span> <span class='ocrx_word' id='word_1_8' title='bbox 1048 249 1250 299; x_wconf 73' lang='grc' dir='ltr'><em>ἄνακτος.</em></span> 
     </span>
     <span class='ocr_line' id='line_1_4' title="bbox 224 302 1581 364; baseline -0.004 -11"><span class='ocrx_word' id='word_1_9' title='bbox 224 309 328 353; x_wconf 78' lang='grc' dir='ltr'><em>ου’δὲ</em></span> <span class='ocrx_word' id='word_1_10' title='bbox 362 310 440 364; x_wconf 80' lang='grc' dir='ltr'><strong>μὲν</strong></span> <span class='ocrx_word' id='word_1_11' title='bbox 471 306 569 352; x_wconf 81' lang='grc' dir='ltr'><em>οὐδ’</em></span> <span class='ocrx_word' id='word_1_12' title='bbox 604 311 647 352; x_wconf 82' lang='grc' dir='ltr'><strong>οἳ</strong></span> <span class='ocrx_word' id='word_1_13' title='bbox 678 306 861 364; x_wconf 88' lang='grc' dir='ltr'><em>άναρχοι</em></span> <span class='ocrx_word' id='word_1_14' title='bbox 891 308 1017 358; x_wconf 85' lang='grc' dir='ltr'><em>έ’,σαν</em></span> <span class='ocrx_word' id='word_1_15' title='bbox 1047 304 1217 350; x_wconf 77' lang='grc' dir='ltr'><em>πόθεόν</em></span> <span class='ocrx_word' id='word_1_16' title='bbox 1246 303 1295 358; x_wconf 79' lang='grc' dir='ltr'><strong>γέ</strong></span> <span class='ocrx_word' id='word_1_17' title='bbox 1328 320 1403 360; x_wconf 92' lang='grc' dir='ltr'><strong>μιν</strong></span> <span class='ocrx_word' id='word_1_18' title='bbox 1433 302 1581 361; x_wconf 82' lang='grc' dir='ltr'><em>ἀρχὸν,</em></span> 
     </span>
     <span class='ocr_line' id='line_1_5' title="bbox 222 361 1302 436; baseline -0.007 -26"><span class='ocrx_word' id='word_1_19' title='bbox 222 365 328 410; x_wconf 76' lang='grc' dir='ltr'><em>ἄλλα</em></span> <span class='ocrx_word' id='word_1_20' title='bbox 364 367 528 409; x_wconf 84' lang='grc' dir='ltr'><strong>Μέδων</strong></span> <span class='ocrx_word' id='word_1_21' title='bbox 555 365 794 436; x_wconf 86' lang='grc' dir='ltr'><em>κόσμησεν,</em></span> <span class='ocrx_word' id='word_1_22' title='bbox 824 365 995 420; x_wconf 82' lang='grc' dir='ltr'><em>Ὀϊλῆος</em></span> <span class='ocrx_word' id='word_1_23' title='bbox 1024 363 1161 413; x_wconf 78' lang='grc' dir='ltr'><em>νόθος</em></span> <span class='ocrx_word' id='word_1_24' title='bbox 1191 361 1302 411; x_wconf 81' lang='grc' dir='ltr'><em>υἱός</em></span> 
     </span>
     <span class='ocr_line' id='line_1_6' title="bbox 220 418 1307 478; baseline -0.006 -12"><span class='ocrx_word' id='word_1_25' title='bbox 220 425 300 468; x_wconf 86' lang='grc' dir='ltr'><strong>τόν</strong></span> <span class='ocrx_word' id='word_1_26' title='bbox 333 422 376 477; x_wconf 81' lang='grc' dir='ltr'><strong>ῥ’</strong></span> <span class='ocrx_word' id='word_1_27' title='bbox 408 422 549 466; x_wconf 77' lang='grc' dir='ltr'><em>ἔτεκεν</em></span> <span class='ocrx_word' id='word_1_28' title='bbox 572 420 702 478; x_wconf 88' lang='grc' dir='ltr'><em>Ῥηνη</em></span> <span class='ocrx_word' id='word_1_29' title='bbox 735 421 815 465; x_wconf 81' lang='grc' dir='ltr'><em>ὑπ’</em></span> <span class='ocrx_word' id='word_1_30' title='bbox 839 421 980 476; x_wconf 76' lang='grc' dir='ltr'><em>Ὀιλῆϊ</em></span> <span class='ocrx_word' id='word_1_31' title='bbox 1007 418 1307 474; x_wconf 78' lang='grc' dir='ltr'><em>πτολιπόρθῳ.</em></span> 
     </span>
     <span class='ocr_line' id='line_1_7' title="bbox 314 474 1516 535; baseline -0.003 -13"><span class='ocrx_word' id='word_1_32' title='bbox 314 483 368 523; x_wconf 63' lang='grc' dir='ltr'><strong>Οἱ</strong></span> <span class='ocrx_word' id='word_1_33' title='bbox 398 479 442 522; x_wconf 80' lang='grc' dir='ltr'><strong>δ’</strong></span> <span class='ocrx_word' id='word_1_34' title='bbox 475 478 591 533; x_wconf 86' lang='grc' dir='ltr'><em>ειχον</em></span> <span class='ocrx_word' id='word_1_35' title='bbox 626 481 816 535; x_wconf 81' lang='grc' dir='ltr'><em>Τρίκκην</em></span> <span class='ocrx_word' id='word_1_36' title='bbox 844 479 918 522; x_wconf 84' lang='grc' dir='ltr'><strong>καὶ</strong></span> <span class='ocrx_word' id='word_1_37' title='bbox 940 477 1133 533; x_wconf 76' lang='grc' dir='ltr'><em>Ἰθώμην</em></span> <span class='ocrx_word' id='word_1_38' title='bbox 1162 474 1516 530; x_wconf 77' lang='grc' dir='ltr'><em>κλωμακόεσσαν,</em></span> 
     </span>
     <span class='ocr_line' id='line_1_8' title="bbox 108 533 1404 606; baseline -0.007 -24"><span class='ocrx_word' id='word_1_39' title='bbox 108 542 192 582; x_wconf 88' lang='grc'><strong>730</strong></span> <span class='ocrx_word' id='word_1_40' title='bbox 223 537 269 581; x_wconf 81' lang='grc' dir='ltr'><strong>οἳ</strong></span> <span class='ocrx_word' id='word_1_41' title='bbox 293 535 335 578; x_wconf 82' lang='grc' dir='ltr'><em>τ’</em></span> <span class='ocrx_word' id='word_1_42' title='bbox 368 537 468 606; x_wconf 73' lang='grc' dir='ltr'><em>ἔχον</em></span> <span class='ocrx_word' id='word_1_43' title='bbox 500 537 728 605; x_wconf 82' lang='grc' dir='ltr'><em>Οἰχαλίην,</em></span> <span class='ocrx_word' id='word_1_44' title='bbox 757 536 887 580; x_wconf 88' lang='grc' dir='ltr'><em>πόλιν</em></span> <span class='ocrx_word' id='word_1_45' title='bbox 918 534 1127 588; x_wconf 79' lang='grc' dir='ltr'><em>Εὐρύτου</em></span> <span class='ocrx_word' id='word_1_46' title='bbox 1161 533 1404 587; x_wconf 81' lang='grc' dir='ltr'><em>Οἰχαλιῆος,</em></span> 
     </span>
     <span class='ocr_line' id='line_1_9' title="bbox 190 590 1272 663; baseline -0.006 -27"><span class='ocrx_word' id='word_1_47' title='bbox 190 593 314 636; x_wconf 77' lang='grc' dir='ltr'><em>*τῶν</em></span> <span class='ocrx_word' id='word_1_48' title='bbox 347 590 454 635; x_wconf 76' lang='grc' dir='ltr'><em>αὕθ’</em></span> <span class='ocrx_word' id='word_1_49' title='bbox 486 592 700 663; x_wconf 77' lang='grc' dir='ltr'><em>ἡγείσθην</em></span> <span class='ocrx_word' id='word_1_50' title='bbox 725 591 986 661; x_wconf 77' lang='grc' dir='ltr'><em>Ἀσκληπιοῦ</em></span> <span class='ocrx_word' id='word_1_51' title='bbox 1018 590 1100 635; x_wconf 79' lang='grc' dir='ltr'><strong>δύο</strong></span> <span class='ocrx_word' id='word_1_52' title='bbox 1131 592 1272 640; x_wconf 85' lang='grc' dir='ltr'><em>παῖδε,</em></span> 
     </span>
     <span class='ocr_line' id='line_1_10' title="bbox 224 645 1261 715; baseline -0.006 -23"><span class='ocrx_word' id='word_1_53' title='bbox 224 647 368 706; x_wconf 87' lang='grc' dir='ltr'><em>ἰητηρ’</em></span> <span class='ocrx_word' id='word_1_54' title='bbox 399 647 579 705; x_wconf 82' lang='grc' dir='ltr'><em>άγαθω,</em></span> <span class='ocrx_word' id='word_1_55' title='bbox 610 652 900 703; x_wconf 80' lang='grc' dir='ltr'><em>Ποδαλείριος</em></span> <span class='ocrx_word' id='word_1_56' title='bbox 930 648 1006 705; x_wconf 79' lang='grc' dir='ltr'><em>ήδε</em></span> <span class='ocrx_word' id='word_1_57' title='bbox 1040 645 1261 715; x_wconf 81' lang='grc' dir='ltr'><em>Μαχάων·</em></span> 
     </span>
     <span class='ocr_line' id='line_1_11' title="bbox 226 701 1336 777; baseline -0.007 -27"><span class='ocrx_word' id='word_1_58' title='bbox 226 711 318 757; x_wconf 90' lang='grc' dir='ltr'><em>τοῖς</em></span> <span class='ocrx_word' id='word_1_59' title='bbox 349 706 395 749; x_wconf 81' lang='grc' dir='ltr'><strong>δὲ</strong></span> <span class='ocrx_word' id='word_1_60' title='bbox 425 706 659 777; x_wconf 78' lang='grc' dir='ltr'><em>τριήκοντα</em></span> <span class='ocrx_word' id='word_1_61' title='bbox 689 705 923 775; x_wconf 77' lang='grc' dir='ltr'><em>γλαφυραὶ</em></span> <span class='ocrx_word' id='word_1_62' title='bbox 945 706 1036 755; x_wconf 82' lang='grc' dir='ltr'><em>νέες</em></span> <span class='ocrx_word' id='word_1_63' title='bbox 1063 701 1336 772; x_wconf 80' lang='grc' dir='ltr'><em>ἐστιχόωντο.</em></span> 
     </span>
     <span class='ocr_line' id='line_1_12' title="bbox 317 756 1468 828; baseline -0.006 -22"><span class='ocrx_word' id='word_1_64' title='bbox 317 766 372 806; x_wconf 89' lang='grc' dir='ltr'><strong>Οι</strong></span> <span class='ocrx_word' id='word_1_65' title='bbox 399 762 442 806; x_wconf 83' lang='grc' dir='ltr'><strong>δ’</strong></span> <span class='ocrx_word' id='word_1_66' title='bbox 477 764 592 819; x_wconf 75' lang='grc' dir='ltr'><em>ἔχον</em></span> <span class='ocrx_word' id='word_1_67' title='bbox 603 764 853 819; x_wconf 82' lang='grc' dir='ltr'><em>Ὀρμένιον,</em></span> <span class='ocrx_word' id='word_1_68' title='bbox 885 763 932 806; x_wconf 82' lang='grc' dir='ltr'><strong>οἳ</strong></span> <span class='ocrx_word' id='word_1_69' title='bbox 956 778 1000 805; x_wconf 89' lang='grc' dir='ltr'><strong>τε</strong></span> <span class='ocrx_word' id='word_1_70' title='bbox 1031 761 1218 828; x_wconf 86' lang='grc' dir='ltr'><em>κρήνην</em></span> <span class='ocrx_word' id='word_1_71' title='bbox 1225 756 1468 810; x_wconf 73' lang='grc' dir='ltr'><em>Ὑπέρειαν,</em></span> 
     </span>
     <span class='ocr_line' id='line_1_13' title="bbox 117 813 1441 877; baseline 0 -14"><span class='ocrx_word' id='word_1_72' title='bbox 117 822 201 865; x_wconf 83' lang='grc'><strong>735</strong></span> <span class='ocrx_word' id='word_1_73' title='bbox 233 821 280 863; x_wconf 83' lang='grc' dir='ltr'><strong>οἵ</strong></span> <span class='ocrx_word' id='word_1_74' title='bbox 305 818 347 863; x_wconf 83' lang='grc' dir='ltr'><em>τ’</em></span> <span class='ocrx_word' id='word_1_75' title='bbox 380 819 478 876; x_wconf 74' lang='grc' dir='ltr'><em>ἔχον</em></span> <span class='ocrx_word' id='word_1_76' title='bbox 506 821 748 877; x_wconf 81' lang='grc' dir='ltr'><em>Ἀστέριον,</em></span> <span class='ocrx_word' id='word_1_77' title='bbox 782 819 986 864; x_wconf 84' lang='grc' dir='ltr'><em>Τιτάνοιό</em></span> <span class='ocrx_word' id='word_1_78' title='bbox 1016 835 1061 862; x_wconf 89' lang='grc' dir='ltr'><strong>τε</strong></span> <span class='ocrx_word' id='word_1_79' title='bbox 1089 815 1223 862; x_wconf 83' lang='grc' dir='ltr'><em>λευκὰ</em></span> <span class='ocrx_word' id='word_1_80' title='bbox 1254 813 1441 871; x_wconf 62' lang='grc' dir='ltr'><em>κάρηνα,</em></span> 
     </span>
    </p>
   </div>
   <div class='ocr_carea' id='block_1_4' title="bbox 59 955 892 3033">
    <p class='ocr_par' dir='ltr' id='par_1_4' title="bbox 60 955 869 1048">
     <span class='ocr_line' id='line_1_14' title="bbox 105 955 869 1001; baseline 0.004 -11"><span class='ocrx_word' id='word_1_81' title='bbox 105 957 183 992; x_wconf 97' lang='grc'><strong>726.</strong></span> <span class='ocrx_word' id='word_1_82' title='bbox 230 955 282 990; x_wconf 88' lang='lat' dir='ltr'><strong>ita</strong></span> <span class='ocrx_word' id='word_1_83' title='bbox 306 957 384 991; x_wconf 84' lang='lat' dir='ltr'><strong>cod.</strong></span> <span class='ocrx_word' id='word_1_84' title='bbox 412 957 562 1001; x_wconf 85' lang='lat' dir='ltr'><strong>Bentleji</strong></span> <span class='ocrx_word' id='word_1_85' title='bbox 587 960 622 991; x_wconf 91' lang='lat' dir='ltr'><strong>et</strong></span> <span class='ocrx_word' id='word_1_86' title='bbox 646 957 701 992; x_wconf 91' lang='lat' dir='ltr'><strong>hic</strong></span> <span class='ocrx_word' id='word_1_87' title='bbox 726 962 762 992; x_wconf 89' lang='lat' dir='ltr'><strong>et</strong></span> <span class='ocrx_word' id='word_1_88' title='bbox 789 959 869 994; x_wconf 87' lang='lat'><strong>703.</strong></span> 
     </span>
     <span class='ocr_line' id='line_1_15' title="bbox 60 1001 349 1048; baseline 0.01 -14"><span class='ocrx_word' id='word_1_89' title='bbox 60 1003 184 1046; x_wconf 79' lang='lat' dir='ltr'><strong>vulgo:</strong></span> <span class='ocrx_word' id='word_1_90' title='bbox 207 1015 245 1048; x_wconf 77' lang='grc' dir='ltr'><em>γε</em></span> <span class='ocrx_word' id='word_1_91' title='bbox 271 1001 349 1046; x_wconf 81' lang='grc' dir='ltr'><em>μέν.</em></span> 
     </span>
    </p>

    <p class='ocr_par' dir='ltr' id='par_1_5' title="bbox 59 1048 872 1174">
     <span class='ocr_line' id='line_1_16' title="bbox 105 1048 872 1093; baseline -0.001 -9"><span class='ocrx_word' id='word_1_92' title='bbox 105 1049 185 1085; x_wconf 85' lang='grc'><strong>727.</strong></span> <span class='ocrx_word' id='word_1_93' title='bbox 238 1049 386 1090; x_wconf 81' lang='lat' dir='ltr'><strong>Medon,</strong></span> <span class='ocrx_word' id='word_1_94' title='bbox 413 1050 529 1093; x_wconf 86' lang='lat' dir='ltr'><strong>Ajacis</strong></span> <span class='ocrx_word' id='word_1_95' title='bbox 555 1048 646 1084; x_wconf 85' lang='lat' dir='ltr'><strong>Oilei</strong></span> <span class='ocrx_word' id='word_1_96' title='bbox 674 1049 784 1083; x_wconf 79' lang='lat' dir='ltr'><strong>frater</strong></span> <span class='ocrx_word' id='word_1_97' title='bbox 808 1061 872 1083; x_wconf 94' lang='lat' dir='ltr'><strong>no-</strong></span> 
     </span>
     <span class='ocr_line' id='line_1_17' title="bbox 59 1094 872 1174; baseline 0.004 -46"><span class='ocrx_word' id='word_1_98' title='bbox 59 1095 160 1174; x_wconf 49' lang='lat' dir='ltr'><strong>}ms,</strong></span> <span class='ocrx_word' id='word_1_99' title='bbox 193 1101 401 1129; x_wconf 89' lang='lat' dir='ltr'><strong>memoratur</strong></span> <span class='ocrx_word' id='word_1_100' title='bbox 426 1097 527 1130; x_wconf 86' lang='lat' dir='ltr'><strong>etiam</strong></span> <span class='ocrx_word' id='word_1_101' title='bbox 552 1096 597 1139; x_wconf 82' lang='lat' dir='ltr'><strong>v&#39;,</strong></span> <span class='ocrx_word' id='word_1_102' title='bbox 618 1097 698 1137; x_wconf 83' lang='lat'>695,</span> <span class='ocrx_word' id='word_1_103' title='bbox 725 1094 769 1137; x_wconf 88' lang='lat' dir='ltr'><strong>o&#39;‚</strong></span> <span class='ocrx_word' id='word_1_104' title='bbox 788 1097 872 1131; x_wconf 85' lang='grc'><strong>333.</strong></span> 
     </span>
    </p>

    <p class='ocr_par' dir='ltr' id='par_1_6' title="bbox 92 1142 185 1174">
     <span class='ocr_line' id='line_1_18' title="bbox 92 1142 185 1174; baseline 0 0"><span class='ocrx_word' id='word_1_105' title='bbox 92 1153 113 1174; x_wconf 80' lang='lat' dir='ltr'><em>x</em></span> <span class='ocrx_word' id='word_1_106' title='bbox 138 1142 185 1174; x_wconf 90' lang='lat' dir='ltr'><strong>H.</strong></span> 
     </span>
    </p>

    <p class='ocr_par' dir='ltr' id='par_1_7' title="bbox 60 1185 877 1547">
     <span class='ocr_line' id='line_1_19' title="bbox 105 1185 872 1232; baseline -0.001 -12"><span class='ocrx_word' id='word_1_107' title='bbox 105 1187 185 1222; x_wconf 90' lang='grc'><strong>728.</strong></span> <span class='ocrx_word' id='word_1_108' title='bbox 216 1185 364 1232; x_wconf 88' lang='grc' dir='ltr'><em>Ῥήνη.</em></span> <span class='ocrx_word' id='word_1_109' title='bbox 389 1187 546 1232; x_wconf 83' lang='lat' dir='ltr'><strong>nympha.</strong></span> <span class='ocrx_word' id='word_1_110' title='bbox 568 1186 697 1232; x_wconf 78' lang='lat' dir='ltr'><strong>Hygin.</strong></span> <span class='ocrx_word' id='word_1_111' title='bbox 719 1187 789 1220; x_wconf 90' lang='lat' dir='ltr'><strong>fab</strong></span> <span class='ocrx_word' id='word_1_112' title='bbox 816 1186 872 1222; x_wconf 91' lang='grc'><strong>97.</strong></span> 
     </span>
     <span class='ocr_line' id='line_1_20' title="bbox 60 1233 871 1278; baseline -0.001 -11"><span class='ocrx_word' id='word_1_113' title='bbox 60 1233 271 1267; x_wconf 82' lang='lat' dir='ltr'><strong>Mercurium</strong></span> <span class='ocrx_word' id='word_1_114' title='bbox 296 1245 339 1267; x_wconf 88' lang='lat' dir='ltr'><strong>ex</strong></span> <span class='ocrx_word' id='word_1_115' title='bbox 357 1234 479 1267; x_wconf 86' lang='lat' dir='ltr'><strong>Rhena</strong></span> <span class='ocrx_word' id='word_1_116' title='bbox 502 1235 645 1267; x_wconf 85' lang='lat' dir='ltr'><strong>Saonem</strong></span> <span class='ocrx_word' id='word_1_117' title='bbox 664 1233 871 1278; x_wconf 86' lang='lat' dir='ltr'><strong>suscepisse,</strong></span> 
     </span>
     <span class='ocr_line' id='line_1_21' title="bbox 61 1280 875 1325; baseline -0.002 -12"><span class='ocrx_word' id='word_1_118' title='bbox 61 1280 244 1313; x_wconf 86' lang='lat' dir='ltr'><strong>secundum</strong></span> <span class='ocrx_word' id='word_1_119' title='bbox 291 1280 456 1323; x_wconf 89' lang='lat' dir='ltr'><strong>quosdam</strong></span> <span class='ocrx_word' id='word_1_120' title='bbox 496 1280 714 1325; x_wconf 81' lang='lat' dir='ltr'><strong>scriptores,</strong></span> <span class='ocrx_word' id='word_1_121' title='bbox 755 1285 875 1312; x_wconf 90' lang='lat' dir='ltr'><strong>narrat</strong></span> 
     </span>
     <span class='ocr_line' id='line_1_22' title="bbox 61 1324 876 1366; baseline 0 -8"><span class='ocrx_word' id='word_1_122' title='bbox 61 1325 238 1359; x_wconf 83' lang='lat' dir='ltr'><strong>Diodorus</strong></span> <span class='ocrx_word' id='word_1_123' title='bbox 263 1325 333 1360; x_wconf 89' lang='lat' dir='ltr'><strong>Sic.</strong></span> <span class='ocrx_word' id='word_1_124' title='bbox 357 1328 391 1366; x_wconf 89' lang='lat'><strong>5,</strong></span> <span class='ocrx_word' id='word_1_125' title='bbox 415 1326 471 1360; x_wconf 83' lang='lat'><strong>48.</strong></span> <span class='ocrx_word' id='word_1_126' title='bbox 507 1346 552 1350; x_wconf 97' lang='lat'><strong>—</strong></span> <span class='ocrx_word' id='word_1_127' title='bbox 585 1328 714 1360; x_wconf 83' lang='grc' dir='ltr'><em>πτολ.</em></span> <span class='ocrx_word' id='word_1_128' title='bbox 749 1324 876 1365; x_wconf 81' lang='grc' dir='ltr'><em>πόλεις</em></span> 
     </span>
     <span class='ocr_line' id='line_1_23' title="bbox 61 1371 876 1416; baseline -0.004 -9"><span class='ocrx_word' id='word_1_129' title='bbox 61 1374 296 1415; x_wconf 83' lang='grc' dir='ltr'><em>πορθοῦντι,</em></span> <span class='ocrx_word' id='word_1_130' title='bbox 317 1372 521 1416; x_wconf 82' lang='grc' dir='ltr'><em>πολεμικῷ.</em></span> <span class='ocrx_word' id='word_1_131' title='bbox 545 1384 716 1406; x_wconf 89' lang='lat' dir='ltr'><strong>commune</strong></span> <span class='ocrx_word' id='word_1_132' title='bbox 739 1371 876 1415; x_wconf 89' lang='lat' dir='ltr'><strong>epithe-</strong></span> 
     </span>
     <span class='ocr_line' id='line_1_24' title="bbox 63 1416 877 1460; baseline 0 -8"><span class='ocrx_word' id='word_1_133' title='bbox 63 1426 123 1452; x_wconf 85' lang='lat' dir='ltr'><strong>ton</strong></span> <span class='ocrx_word' id='word_1_134' title='bbox 156 1419 296 1452; x_wconf 88' lang='lat' dir='ltr'><strong>heroum</strong></span> <span class='ocrx_word' id='word_1_135' title='bbox 333 1423 369 1452; x_wconf 87' lang='lat' dir='ltr'><strong>et</strong></span> <span class='ocrx_word' id='word_1_136' title='bbox 396 1419 609 1452; x_wconf 84' lang='lat' dir='ltr'>bellatorum.</span> <span class='ocrx_word' id='word_1_137' title='bbox 649 1420 695 1452; x_wconf 82' lang='lat' dir='ltr'><strong>cf.</strong></span> <span class='ocrx_word' id='word_1_138' title='bbox 719 1419 810 1458; x_wconf 89' lang='grc'><em>278,</em></span> <span class='ocrx_word' id='word_1_139' title='bbox 837 1416 877 1460; x_wconf 88' lang='grc' dir='ltr'><strong>ε’,</strong></span> 
     </span>
     <span class='ocr_line' id='line_1_25' title="bbox 63 1463 877 1509; baseline -0.002 -8"><span class='ocrx_word' id='word_1_140' title='bbox 63 1465 153 1506; x_wconf 89' lang='grc'><em>333,</em></span> <span class='ocrx_word' id='word_1_141' title='bbox 199 1465 330 1508; x_wconf 82' lang='lat' dir='ltr'><strong>odyss.</strong></span> <span class='ocrx_word' id='word_1_142' title='bbox 362 1463 412 1504; x_wconf 79' lang='grc' dir='ltr'><strong>θ’,</strong></span> <span class='ocrx_word' id='word_1_143' title='bbox 449 1465 471 1500; x_wconf 87' lang='grc'><strong>3</strong></span> <span class='ocrx_word' id='word_1_144' title='bbox 505 1471 571 1498; x_wconf 89' lang='lat' dir='ltr'><strong>etc.</strong></span> <span class='ocrx_word' id='word_1_145' title='bbox 605 1463 877 1509; x_wconf 82' lang='grc' dir='ltr'><em>πτολιπόρθιον</em></span> 
     </span>
     <span class='ocr_line' id='line_1_26' title="bbox 65 1509 582 1556; baseline 0 -10"><span class='ocrx_word' id='word_1_146' title='bbox 65 1511 154 1546; x_wconf 84' lang='lat' dir='ltr'><strong>dixit</strong></span> <span class='ocrx_word' id='word_1_147' title='bbox 179 1511 257 1556; x_wconf 84' lang='lat' dir='ltr'><strong>Ody</strong></span> <span class='ocrx_word' id='word_1_148' title='bbox 255 1522 307 1544; x_wconf 90' lang='grc'><strong>55.</strong></span> <span class='ocrx_word' id='word_1_149' title='bbox 334 1509 372 1553; x_wconf 91' lang='grc' dir='ltr'><strong>ι’,</strong></span> <span class='ocrx_word' id='word_1_150' title='bbox 397 1510 477 1553; x_wconf 88' lang='grc'><em>504,</em></span> <span class='ocrx_word' id='word_1_151' title='bbox 501 1513 582 1547; x_wconf 89' lang='grc'><strong>530.</strong></span> 
     </span>
    </p>

    <p class='ocr_par' dir='ltr' id='par_1_8' title="bbox 65 1557 890 3033">
     <span class='ocr_line' id='line_1_27' title="bbox 110 1557 875 1602; baseline -0.003 -10"><span class='ocrx_word' id='word_1_152' title='bbox 110 1558 190 1592; x_wconf 89' lang='grc'><strong>729.</strong></span> <span class='ocrx_word' id='word_1_153' title='bbox 217 1557 385 1591; x_wconf 89' lang='lat' dir='ltr'><strong>interiora</strong></span> <span class='ocrx_word' id='word_1_154' title='bbox 417 1558 646 1598; x_wconf 83' lang='lat' dir='ltr'><strong>Thessaliae3</strong></span> <span class='ocrx_word' id='word_1_155' title='bbox 673 1568 762 1602; x_wconf 89' lang='lat' dir='ltr'><strong>quae</strong></span> <span class='ocrx_word' id='word_1_156' title='bbox 783 1567 875 1601; x_wconf 82' lang='lat' dir='ltr'><strong>parS‚</strong></span> 
     </span>
     <span class='ocr_line' id='line_1_28' title="bbox 65 1603 878 1648; baseline -0.004 -10"><span class='ocrx_word' id='word_1_157' title='bbox 65 1608 170 1638; x_wconf 90' lang='lat' dir='ltr'><strong>antea</strong></span> <span class='ocrx_word' id='word_1_158' title='bbox 193 1603 299 1638; x_wconf 89' lang='lat' dir='ltr'><strong>Doris</strong></span> <span class='ocrx_word' id='word_1_159' title='bbox 322 1604 498 1648; x_wconf 86' lang='lat' dir='ltr'><strong>appellata</strong></span> <span class='ocrx_word' id='word_1_160' title='bbox 531 1615 551 1637; x_wconf 90' lang='lat' dir='ltr'><strong>a</strong></span> <span class='ocrx_word' id='word_1_161' title='bbox 575 1604 689 1645; x_wconf 91' lang='lat' dir='ltr'><strong>Doro,</strong></span> <span class='ocrx_word' id='word_1_162' title='bbox 723 1603 780 1648; x_wconf 91' lang='lat' dir='ltr'><strong>qui</strong></span> <span class='ocrx_word' id='word_1_163' title='bbox 806 1613 878 1637; x_wconf 89' lang='lat' dir='ltr'><strong>eam</strong></span> 
     </span>
     <span class='ocr_line' id='line_1_29' title="bbox 65 1648 877 1693; baseline -0.004 -9"><span class='ocrx_word' id='word_1_164' title='bbox 65 1654 226 1684; x_wconf 84' lang='lat' dir='ltr'><strong>tenuerat</strong></span> <span class='ocrx_word' id='word_1_165' title='bbox 250 1650 387 1692; x_wconf 84' lang='lat' dir='ltr'><strong>(Strab.</strong></span> <span class='ocrx_word' id='word_1_166' title='bbox 411 1651 444 1684; x_wconf 87' lang='grc'><strong>9.</strong></span> <span class='ocrx_word' id='word_1_167' title='bbox 469 1652 502 1685; x_wconf 92' lang='grc'><strong>5.</strong></span> <span class='ocrx_word' id='word_1_168' title='bbox 530 1661 562 1693; x_wconf 91' lang='lat' dir='ltr'><strong>p.</strong></span> <span class='ocrx_word' id='word_1_169' title='bbox 587 1651 677 1692; x_wconf 84' lang='lat'>668,</span> <span class='ocrx_word' id='word_1_170' title='bbox 701 1650 749 1690; x_wconf 90' lang='grc' dir='ltr'><strong>Β,</strong></span> <span class='ocrx_word' id='word_1_171' title='bbox 772 1649 806 1682; x_wconf 91' lang='grc' dir='ltr'><strong>Η</strong></span> <span class='ocrx_word' id='word_1_172' title='bbox 832 1648 877 1681; x_wconf 91' lang='lat' dir='ltr'><strong>ad</strong></span> 
     </span>
     <span class='ocr_line' id='line_1_30' title="bbox 67 1675 878 1742; baseline -0.003 -13"><span class='ocrx_word' id='word_1_173' title='bbox 67 1696 587 1742; x_wconf 78' lang='lat' dir='ltr'><strong>Apollod.obss.41,194.‚)</strong></span> <span class='ocrx_word' id='word_1_174' title='bbox 613 1675 691 1729; x_wconf 77' lang='lat' dir='ltr'><strong>deih</strong></span> <span class='ocrx_word' id='word_1_175' title='bbox 715 1675 878 1729; x_wconf 60' lang='lat' dir='ltr'><strong>H&#39;estiae-</strong></span> 
     </span>
     <span class='ocr_line' id='line_1_31' title="bbox 68 1741 879 1787; baseline -0.002 -11"><span class='ocrx_word' id='word_1_176' title='bbox 68 1742 172 1776; x_wconf 89' lang='lat' dir='ltr'><strong>otidis</strong></span> <span class='ocrx_word' id='word_1_177' title='bbox 197 1742 333 1786; x_wconf 90' lang='lat' dir='ltr'><strong>accepit</strong></span> <span class='ocrx_word' id='word_1_178' title='bbox 353 1753 486 1783; x_wconf 88' lang='lat' dir='ltr'><strong>nomen,</strong></span> <span class='ocrx_word' id='word_1_179' title='bbox 510 1748 690 1787; x_wconf 82' lang='lat' dir='ltr'><strong>postquam</strong></span> <span class='ocrx_word' id='word_1_180' title='bbox 707 1741 879 1775; x_wconf 89' lang='lat' dir='ltr'><strong>Perrhae-</strong></span> 
     </span>
     <span class='ocr_line' id='line_1_32' title="bbox 67 1787 879 1830; baseline -0.002 -9"><span class='ocrx_word' id='word_1_181' title='bbox 67 1789 104 1823; x_wconf 91' lang='lat' dir='ltr'><strong>bi</strong></span> <span class='ocrx_word' id='word_1_182' title='bbox 137 1788 345 1830; x_wconf 88' lang='lat' dir='ltr'><strong>Hestiaeae,</strong></span> <span class='ocrx_word' id='word_1_183' title='bbox 385 1789 562 1822; x_wconf 78' lang='lat' dir='ltr'>Euboicae</span> <span class='ocrx_word' id='word_1_184' title='bbox 595 1788 712 1829; x_wconf 88' lang='lat' dir='ltr'><strong>urbis,</strong></span> <span class='ocrx_word' id='word_1_185' title='bbox 750 1787 879 1820; x_wconf 89' lang='lat' dir='ltr'><strong>incolas</strong></span> 
     </span>
     <span class='ocr_line' id='line_1_33' title="bbox 69 1833 880 1879; baseline -0.002 -10"><span class='ocrx_word' id='word_1_186' title='bbox 69 1840 192 1879; x_wconf 89' lang='lat' dir='ltr'><strong>captos</strong></span> <span class='ocrx_word' id='word_1_187' title='bbox 217 1846 257 1868; x_wconf 83' lang='lat' dir='ltr'><strong>eo</strong></span> <span class='ocrx_word' id='word_1_188' title='bbox 283 1834 528 1878; x_wconf 82' lang='lat' dir='ltr'><strong>traduxerant,</strong></span> <span class='ocrx_word' id='word_1_189' title='bbox 564 1833 627 1869; x_wconf 87' lang='grc' dir='ltr'><strong>δια</strong></span> <span class='ocrx_word' id='word_1_190' title='bbox 660 1834 702 1868; x_wconf 79' lang='grc' dir='ltr'><em>τὸ</em></span> <span class='ocrx_word' id='word_1_191' title='bbox 735 1836 880 1878; x_wconf 82' lang='grc' dir='ltr'><em>πλῆθος</em></span> 
     </span>
     <span class='ocr_line' id='line_1_34' title="bbox 69 1879 879 1924; baseline -0.004 -9"><span class='ocrx_word' id='word_1_192' title='bbox 69 1883 144 1916; x_wconf 78' lang='grc' dir='ltr'><strong>τῶν</strong></span> <span class='ocrx_word' id='word_1_193' title='bbox 165 1879 442 1924; x_wconf 78' lang='grc' dir='ltr'><em>ἐποικησάντων</em></span> <span class='ocrx_word' id='word_1_194' title='bbox 462 1879 655 1922; x_wconf 81' lang='grc' dir='ltr'><em>Ἵστιαίων,</em></span> <span class='ocrx_word' id='word_1_195' title='bbox 678 1884 717 1913; x_wconf 81' lang='lat' dir='ltr'><strong>ut</strong></span> <span class='ocrx_word' id='word_1_196' title='bbox 734 1880 782 1914; x_wconf 90' lang='lat' dir='ltr'><strong>ait</strong></span> <span class='ocrx_word' id='word_1_197' title='bbox 796 1891 879 1924; x_wconf 83' lang='lat' dir='ltr'><strong>geo-</strong></span> 
     </span>
     <span class='ocr_line' id='line_1_35' title="bbox 70 1927 880 1972; baseline -0.003 -12"><span class='ocrx_word' id='word_1_198' title='bbox 70 1928 236 1972; x_wconf 86' lang='lat' dir='ltr'><strong>graphus.</strong></span> <span class='ocrx_word' id='word_1_199' title='bbox 263 1927 357 1970; x_wconf 87' lang='lat' dir='ltr'><strong>ipsos</strong></span> <span class='ocrx_word' id='word_1_200' title='bbox 378 1927 607 1969; x_wconf 83' lang='lat' dir='ltr'><strong>Perrhaebos,</strong></span> <span class='ocrx_word' id='word_1_201' title='bbox 627 1927 670 1960; x_wconf 85' lang='lat' dir='ltr'><strong>ad</strong></span> <span class='ocrx_word' id='word_1_202' title='bbox 691 1938 774 1970; x_wconf 89' lang='lat' dir='ltr'><strong>quos</strong></span> <span class='ocrx_word' id='word_1_203' title='bbox 789 1928 880 1959; x_wconf 83' lang='lat' dir='ltr'><strong>Cen-</strong></span> 
     </span>
     <span class='ocr_line' id='line_1_36' title="bbox 72 1972 882 2017; baseline -0.004 -10"><span class='ocrx_word' id='word_1_204' title='bbox 72 1973 165 2007; x_wconf 85' lang='lat' dir='ltr'>tauri</span> <span class='ocrx_word' id='word_1_205' title='bbox 199 1973 439 2017; x_wconf 82' lang='lat' dir='ltr'><strong>pertinebant,</strong></span> <span class='ocrx_word' id='word_1_206' title='bbox 481 1985 557 2007; x_wconf 76' lang='lat' dir='ltr'><strong>mox</strong></span> <span class='ocrx_word' id='word_1_207' title='bbox 591 1974 635 2007; x_wconf 92' lang='lat' dir='ltr'><strong>ad</strong></span> <span class='ocrx_word' id='word_1_208' title='bbox 674 1972 814 2005; x_wconf 84' lang='lat' dir='ltr'>Pindum</span> <span class='ocrx_word' id='word_1_209' title='bbox 847 1976 882 2004; x_wconf 88' lang='lat' dir='ltr'><strong>et</strong></span> 
     </span>
     <span class='ocr_line' id='line_1_37' title="bbox 72 2019 882 2064; baseline -0.004 -11"><span class='ocrx_word' id='word_1_210' title='bbox 72 2020 279 2064; x_wconf 77' lang='lat' dir='ltr'><strong>Olympum,</strong></span> <span class='ocrx_word' id='word_1_211' title='bbox 313 2019 404 2052; x_wconf 88' lang='lat' dir='ltr'><strong>inter</strong></span> <span class='ocrx_word' id='word_1_212' title='bbox 429 2020 635 2053; x_wconf 85' lang='lat' dir='ltr'><strong>Athamanes</strong></span> <span class='ocrx_word' id='word_1_213' title='bbox 660 2023 695 2052; x_wconf 86' lang='lat' dir='ltr'><strong>et</strong></span> <span class='ocrx_word' id='word_1_214' title='bbox 719 2019 882 2062; x_wconf 86' lang='lat' dir='ltr'><strong>Dolopes,</strong></span> 
     </span>
     <span class='ocr_line' id='line_1_38' title="bbox 73 2064 884 2162; baseline -0.004 -17"><span class='ocrx_word' id='word_1_215' title='bbox 73 2077 111 2145; x_wconf 71' lang='grc' dir='ltr'><strong>Ξῖ</strong></span> <span class='ocrx_word' id='word_1_216' title='bbox 132 2064 884 2162; x_wconf 51' lang='lat' dir='ltr'><strong>ffiY¹Ejz¹512⁰3¹1¹253L25⁰331sszffssssffieqffs‘gssss</strong></span> 
     </span>
     <span class='ocr_line' id='line_1_39' title="bbox 75 2155 883 2203; baseline -0.005 -12"><span class='ocrx_word' id='word_1_217' title='bbox 75 2163 219 2191; x_wconf 90' lang='lat' dir='ltr'><strong>montem</strong></span> <span class='ocrx_word' id='word_1_218' title='bbox 255 2158 461 2203; x_wconf 84' lang='lat' dir='ltr'><strong>occupavit,</strong></span> <span class='ocrx_word' id='word_1_219' title='bbox 504 2158 656 2203; x_wconf 85' lang='lat' dir='ltr'><strong>expulsis</strong></span> <span class='ocrx_word' id='word_1_220' title='bbox 688 2155 883 2190; x_wconf 84' lang='lat' dir='ltr'><strong>Centauris.</strong></span> 
     </span>
     <span class='ocr_line' id='line_1_40' title="bbox 74 2202 884 2249; baseline -0.004 -12"><span class='ocrx_word' id='word_1_221' title='bbox 74 2204 123 2237; x_wconf 88' lang='lat' dir='ltr'><strong>ita</strong></span> <span class='ocrx_word' id='word_1_222' title='bbox 149 2204 384 2249; x_wconf 77' lang='lat' dir='ltr'><strong>Lapitharum,</strong></span> <span class='ocrx_word' id='word_1_223' title='bbox 411 2209 446 2238; x_wconf 91' lang='lat' dir='ltr'><strong>et</strong></span> <span class='ocrx_word' id='word_1_224' title='bbox 470 2204 605 2248; x_wconf 90' lang='lat' dir='ltr'><strong>quidem</strong></span> <span class='ocrx_word' id='word_1_225' title='bbox 622 2202 884 2242; x_wconf 84' lang='lat' dir='ltr'><strong>Larissensium,</strong></span> 
     </span>
     <span class='ocr_line' id='line_1_41' title="bbox 76 2248 885 2295; baseline -0.002 -13"><span class='ocrx_word' id='word_1_226' title='bbox 76 2250 205 2294; x_wconf 82' lang='lat' dir='ltr'><strong>Minyis</strong></span> <span class='ocrx_word' id='word_1_227' title='bbox 249 2261 357 2294; x_wconf 86' lang='lat' dir='ltr'><strong>cogna</strong></span> <span class='ocrx_word' id='word_1_228' title='bbox 341 2256 399 2283; x_wconf 74' lang='lat' dir='ltr'><strong>ata</strong></span> <span class='ocrx_word' id='word_1_229' title='bbox 436 2261 521 2293; x_wconf 79' lang='lat' dir='ltr'><strong>gens</strong></span> <span class='ocrx_word' id='word_1_230' title='bbox 564 2249 771 2295; x_wconf 84' lang='lat' dir='ltr'><strong>campestria</strong></span> <span class='ocrx_word' id='word_1_231' title='bbox 808 2248 885 2281; x_wconf 87' lang='lat' dir='ltr'><strong>loca</strong></span> 
     </span>
     <span class='ocr_line' id='line_1_42' title="bbox 76 2293 886 2340; baseline -0.002 -12"><span class='ocrx_word' id='word_1_232' title='bbox 76 2297 169 2329; x_wconf 81' lang='lat' dir='ltr'><strong>circa</strong></span> <span class='ocrx_word' id='word_1_233' title='bbox 194 2296 340 2329; x_wconf 88' lang='lat' dir='ltr'><strong>Peneum</strong></span> <span class='ocrx_word' id='word_1_234' title='bbox 373 2295 407 2328; x_wconf 89' lang='lat' dir='ltr'><strong>fl.</strong></span> <span class='ocrx_word' id='word_1_235' title='bbox 442 2296 669 2337; x_wconf 82' lang='lat' dir='ltr'><strong>inhabitavit,</strong></span> <span class='ocrx_word' id='word_1_236' title='bbox 709 2293 886 2340; x_wconf 83' lang='lat' dir='ltr'><strong>permixtis</strong></span> 
     </span>
     <span class='ocr_line' id='line_1_43' title="bbox 75 2342 886 2387; baseline -0.004 -12"><span class='ocrx_word' id='word_1_237' title='bbox 75 2347 188 2375; x_wconf 80' lang='lat' dir='ltr'><strong>tamen</strong></span> <span class='ocrx_word' id='word_1_238' title='bbox 216 2342 442 2383; x_wconf 84' lang='lat' dir='ltr'><strong>Perrhaebis3</strong></span> <span class='ocrx_word' id='word_1_239' title='bbox 478 2342 535 2386; x_wconf 90' lang='lat' dir='ltr'><strong>qui</strong></span> <span class='ocrx_word' id='word_1_240' title='bbox 573 2342 690 2387; x_wconf 90' lang='lat' dir='ltr'><strong>populi</strong></span> <span class='ocrx_word' id='word_1_241' title='bbox 720 2351 833 2375; x_wconf 91' lang='lat' dir='ltr'><strong>omnes</strong></span> <span class='ocrx_word' id='word_1_242' title='bbox 867 2351 886 2372; x_wconf 84' lang='lat' dir='ltr'><strong>e</strong></span> 
     </span>
     <span class='ocr_line' id='line_1_44' title="bbox 77 2386 885 2432; baseline -0.003 -11"><span class='ocrx_word' id='word_1_243' title='bbox 77 2388 257 2432; x_wconf 87' lang='lat' dir='ltr'><strong>Pelasgica</strong></span> <span class='ocrx_word' id='word_1_244' title='bbox 282 2388 393 2432; x_wconf 72' lang='lat' dir='ltr'><strong>stiipe</strong></span> <span class='ocrx_word' id='word_1_245' title='bbox 418 2388 553 2421; x_wconf 90' lang='lat' dir='ltr'><strong>oriundi</strong></span> <span class='ocrx_word' id='word_1_246' title='bbox 579 2394 687 2422; x_wconf 86' lang='lat' dir='ltr'><strong>erant.</strong></span> <span class='ocrx_word' id='word_1_247' title='bbox 712 2399 747 2421; x_wconf 89' lang='lat' dir='ltr'><strong>v.</strong></span> <span class='ocrx_word' id='word_1_248' title='bbox 771 2386 885 2420; x_wconf 77' lang='lat' dir='ltr'><strong>Strab-</strong></span> 
     </span>
     <span class='ocr_line' id='line_1_45' title="bbox 78 2433 888 2479; baseline -0.004 -11"><span class='ocrx_word' id='word_1_249' title='bbox 78 2434 287 2479; x_wconf 86' lang='lat' dir='ltr'><strong>9‚p.,671</strong></span> <span class='ocrx_word' id='word_1_250' title='bbox 311 2435 402 2472; x_wconf 81' lang='lat'>673,</span> <span class='ocrx_word' id='word_1_251' title='bbox 427 2435 478 2476; x_wconf 93' lang='lat' dir='ltr'><strong>A,</strong></span> <span class='ocrx_word' id='word_1_252' title='bbox 505 2436 657 2476; x_wconf 83' lang='grc' dir='ltr'><em>676,Α,</em></span> <span class='ocrx_word' id='word_1_253' title='bbox 684 2433 888 2468; x_wconf 30' lang='lat' dir='ltr'><strong>Hhfflet</strong></span> 
     </span>
     <span class='ocr_line' id='line_1_46' title="bbox 80 2479 886 2524; baseline 0 -11"><span class='ocrx_word' id='word_1_254' title='bbox 80 2480 123 2513; x_wconf 86' lang='lat' dir='ltr'><strong>ad</strong></span> <span class='ocrx_word' id='word_1_255' title='bbox 148 2479 216 2515; x_wconf 86' lang='lat'><strong>748</strong></span> <span class='ocrx_word' id='word_1_256' title='bbox 240 2492 358 2524; x_wconf 57' lang='lat' dir='ltr'><strong>seqq„</strong></span> <span class='ocrx_word' id='word_1_257' title='bbox 393 2480 433 2513; x_wconf 91' lang='lat' dir='ltr'><strong>C.</strong></span> <span class='ocrx_word' id='word_1_258' title='bbox 460 2481 505 2514; x_wconf 93' lang='grc' dir='ltr'><strong>Ο.</strong></span> <span class='ocrx_word' id='word_1_259' title='bbox 531 2481 666 2515; x_wconf 84' lang='lat' dir='ltr'><strong>Miiller.</strong></span> <span class='ocrx_word' id='word_1_260' title='bbox 692 2481 714 2514; x_wconf 92' lang='lat' dir='ltr'><strong>l.</strong></span> <span class='ocrx_word' id='word_1_261' title='bbox 738 2491 769 2513; x_wconf 93' lang='lat' dir='ltr'><strong>c.</strong></span> <span class='ocrx_word' id='word_1_262' title='bbox 793 2481 825 2513; x_wconf 89' lang='grc'><strong>2</strong></span> <span class='ocrx_word' id='word_1_263' title='bbox 851 2489 886 2522; x_wconf 90' lang='lat' dir='ltr'><strong>p-</strong></span> 
     </span>
     <span class='ocr_line' id='line_1_47' title="bbox 79 2525 888 2572; baseline -0.005 -9.878"><span class='ocrx_word' id='word_1_264' title='bbox 79 2528 136 2562; x_wconf 97' lang='grc'><strong>26</strong></span> <span class='ocrx_word' id='word_1_265' title='bbox 160 2546 205 2551; x_wconf 93' lang='lat'>—</span> <span class='ocrx_word' id='word_1_266' title='bbox 237 2527 388 2567; x_wconf 79' lang='lat' dir='ltr'><strong>„Tricca</strong></span> <span class='ocrx_word' id='word_1_267' title='bbox 419 2526 547 2572; x_wconf 85' lang='lat' dir='ltr'><strong>templo</strong></span> <span class='ocrx_word' id='word_1_268' title='bbox 571 2526 766 2571; x_wconf 88' lang='lat' dir='ltr'><strong>Aesculapii</strong></span> <span class='ocrx_word' id='word_1_269' title='bbox 796 2525 888 2559; x_wconf 86' lang='lat' dir='ltr'><strong>clara</strong></span> 
     </span>
     <span class='ocr_line' id='line_1_48' title="bbox 80 2571 888 2617; baseline -0.002 -12"><span class='ocrx_word' id='word_1_270' title='bbox 80 2572 168 2614; x_wconf 86' lang='lat' dir='ltr'><strong>fuit,</strong></span> <span class='ocrx_word' id='word_1_271' title='bbox 203 2572 263 2617; x_wconf 91' lang='lat' dir='ltr'><strong>qui</strong></span> <span class='ocrx_word' id='word_1_272' title='bbox 296 2572 340 2606; x_wconf 88' lang='lat' dir='ltr'><strong>ad</strong></span> <span class='ocrx_word' id='word_1_273' title='bbox 370 2573 559 2607; x_wconf 83' lang='lat' dir='ltr'><strong>Lethaeum</strong></span> <span class='ocrx_word' id='word_1_274' title='bbox 590 2584 720 2606; x_wconf 85' lang='lat' dir='ltr'><strong>amnem</strong></span> <span class='ocrx_word' id='word_1_275' title='bbox 741 2571 888 2605; x_wconf 88' lang='lat' dir='ltr'><strong>vicinum</strong></span> 
     </span>
     <span class='ocr_line' id='line_1_49' title="bbox 81 2618 888 2663; baseline -0.001 -12"><span class='ocrx_word' id='word_1_276' title='bbox 81 2622 181 2652; x_wconf 91' lang='lat' dir='ltr'><strong>natus</strong></span> <span class='ocrx_word' id='word_1_277' title='bbox 205 2629 282 2652; x_wconf 85' lang='lat' dir='ltr'><strong>esse</strong></span> <span class='ocrx_word' id='word_1_278' title='bbox 315 2618 507 2652; x_wconf 87' lang='lat' dir='ltr'><strong>dicebatur.</strong></span> <span class='ocrx_word' id='word_1_279' title='bbox 541 2620 658 2653; x_wconf 88' lang='lat' dir='ltr'><strong>Strab</strong></span> <span class='ocrx_word' id='word_1_280' title='bbox 686 2621 718 2654; x_wconf 88' lang='lat'><strong>9</strong></span> <span class='ocrx_word' id='word_1_281' title='bbox 748 2630 781 2663; x_wconf 89' lang='lat' dir='ltr'><strong>p</strong></span> <span class='ocrx_word' id='word_1_282' title='bbox 807 2618 888 2658; x_wconf 83' lang='lat'>668,</span> 
     </span>
     <span class='ocr_line' id='line_1_50' title="bbox 82 2664 890 2710; baseline -0.002 -12"><span class='ocrx_word' id='word_1_283' title='bbox 82 2666 123 2698; x_wconf 86' lang='grc' dir='ltr'><strong><em>Β</em></strong></span> <span class='ocrx_word' id='word_1_284' title='bbox 146 2670 182 2698; x_wconf 89' lang='lat' dir='ltr'><strong>et</strong></span> <span class='ocrx_word' id='word_1_285' title='bbox 203 2664 257 2699; x_wconf 86' lang='grc'><strong>14.</strong></span> <span class='ocrx_word' id='word_1_286' title='bbox 282 2677 318 2710; x_wconf 90' lang='lat' dir='ltr'><strong>p.</strong></span> <span class='ocrx_word' id='word_1_287' title='bbox 335 2666 415 2707; x_wconf 88' lang='lat'>957,</span> <span class='ocrx_word' id='word_1_288' title='bbox 443 2666 484 2698; x_wconf 90' lang='lat' dir='ltr'><strong>C.</strong></span> <span class='ocrx_word' id='word_1_289' title='bbox 527 2666 668 2705; x_wconf 80' lang='lat' dir='ltr'><strong>Ithome,</strong></span> <span class='ocrx_word' id='word_1_290' title='bbox 695 2664 890 2698; x_wconf 87' lang='lat' dir='ltr'><strong>Messeniae</strong></span> 
     </span>
     <span class='ocr_line' id='line_1_51' title="bbox 83 2707 890 2756; baseline -0.003 -12"><span class='ocrx_word' id='word_1_291' title='bbox 83 2710 159 2744; x_wconf 88' lang='lat' dir='ltr'><strong>urbi</strong></span> <span class='ocrx_word' id='word_1_292' title='bbox 184 2711 416 2754; x_wconf 86' lang='lat' dir='ltr'><strong>cognominis,</strong></span> <span class='ocrx_word' id='word_1_293' title='bbox 457 2711 490 2743; x_wconf 91' lang='lat' dir='ltr'><strong>in</strong></span> <span class='ocrx_word' id='word_1_294' title='bbox 517 2716 702 2756; x_wconf 86' lang='lat' dir='ltr'><strong>praerupto</strong></span> <span class='ocrx_word' id='word_1_295' title='bbox 727 2711 825 2750; x_wconf 89' lang='lat' dir='ltr'><strong>loco,</strong></span> <span class='ocrx_word' id='word_1_296' title='bbox 852 2707 890 2743; x_wconf 76' lang='grc' dir='ltr'><strong>ἐι</strong></span> 
     </span>
     <span class='ocr_line' id='line_1_52' title="bbox 82 2754 890 2801; baseline -0.005 -10"><span class='ocrx_word' id='word_1_297' title='bbox 82 2756 266 2799; x_wconf 80' lang='grc' dir='ltr'><em>κλώμακι,</em></span> <span class='ocrx_word' id='word_1_298' title='bbox 305 2756 406 2790; x_wconf 88' lang='lat' dir='ltr'><strong>etiam</strong></span> <span class='ocrx_word' id='word_1_299' title='bbox 440 2755 556 2801; x_wconf 84' lang='grc' dir='ltr'><em>Θωμη</em></span> <span class='ocrx_word' id='word_1_300' title='bbox 589 2757 683 2791; x_wconf 88' lang='lat' dir='ltr'><strong>dicta</strong></span> <span class='ocrx_word' id='word_1_301' title='bbox 715 2763 750 2790; x_wconf 82' lang='lat' dir='ltr'><strong>et</strong></span> <span class='ocrx_word' id='word_1_302' title='bbox 781 2754 890 2789; x_wconf 86' lang='lat' dir='ltr'><strong>serius</strong></span> 
     </span>
     <span class='ocr_line' id='line_1_53' title="bbox 86 2802 891 2849; baseline -0.006 -10"><span class='ocrx_word' id='word_1_303' title='bbox 86 2802 294 2848; x_wconf 79' lang='grc' dir='ltr'><em>Θούμαιον.</em></span> <span class='ocrx_word' id='word_1_304' title='bbox 333 2803 451 2836; x_wconf 84' lang='lat' dir='ltr'><strong>Strab.</strong></span> <span class='ocrx_word' id='word_1_305' title='bbox 478 2803 560 2838; x_wconf 89' lang='lat' dir='ltr'><strong>ibid.</strong></span> <span class='ocrx_word' id='word_1_306' title='bbox 584 2809 619 2838; x_wconf 89' lang='lat' dir='ltr'><strong>et</strong></span> <span class='ocrx_word' id='word_1_307' title='bbox 643 2804 766 2849; x_wconf 87' lang='lat' dir='ltr'><strong>Steph.</strong></span> <span class='ocrx_word' id='word_1_308' title='bbox 792 2803 826 2835; x_wconf 88' lang='lat' dir='ltr'><strong>h.</strong></span> <span class='ocrx_word' id='word_1_309' title='bbox 844 2812 891 2842; x_wconf 85' lang='lat' dir='ltr'><strong>v.‚</strong></span> 
     </span>
     <span class='ocr_line' id='line_1_54' title="bbox 85 2848 891 2895; baseline -0.003 -11"><span class='ocrx_word' id='word_1_310' title='bbox 85 2863 105 2884; x_wconf 86' lang='lat' dir='ltr'><strong>e</strong></span> <span class='ocrx_word' id='word_1_311' title='bbox 141 2850 264 2895; x_wconf 88' lang='lat' dir='ltr'><strong>quibus</strong></span> <span class='ocrx_word' id='word_1_312' title='bbox 297 2848 527 2883; x_wconf 86' lang='lat' dir='ltr'><strong>emendandus</strong></span> <span class='ocrx_word' id='word_1_313' title='bbox 561 2855 615 2883; x_wconf 87' lang='lat' dir='ltr'><strong>est</strong></span> <span class='ocrx_word' id='word_1_314' title='bbox 649 2850 691 2883; x_wconf 85' lang='grc' dir='ltr'><strong>Ε.</strong></span> <span class='ocrx_word' id='word_1_315' title='bbox 725 2868 769 2874; x_wconf 93' lang='lat'><strong>-—</strong></span> <span class='ocrx_word' id='word_1_316' title='bbox 802 2850 891 2892; x_wconf 89' lang='lat' dir='ltr'><strong>Ap.</strong></span> 
     </span>
     <span class='ocr_line' id='line_1_55' title="bbox 87 2893 890 2952; baseline -0.001 -23"><span class='ocrx_word' id='word_1_317' title='bbox 87 2894 481 2952; x_wconf 82' lang='grc' dir='ltr'><em>κλωμακόεσσαν.</em></span> <span class='ocrx_word' id='word_1_318' title='bbox 517 2893 537 2930; x_wconf 82' lang='grc' dir='ltr'>ὁ</span> <span class='ocrx_word' id='word_1_319' title='bbox 561 2907 629 2938; x_wconf 81' lang='grc' dir='ltr'><strong>μεν</strong></span> <span class='ocrx_word' id='word_1_320' title='bbox 651 2893 779 2930; x_wconf 76' lang='grc' dir='ltr'><em>Ἀπίων</em></span> <span class='ocrx_word' id='word_1_321' title='bbox 804 2908 890 2939; x_wconf 90' lang='grc' dir='ltr'><em>τρα-</em></span> 
     </span>
     <span class='ocr_line' id='line_1_56' title="bbox 86 2939 890 2988; baseline -0.004 -11"><span class='ocrx_word' id='word_1_322' title='bbox 86 2946 189 2988; x_wconf 81' lang='grc' dir='ltr'><em>χεῖαν</em></span> <span class='ocrx_word' id='word_1_323' title='bbox 221 2942 283 2977; x_wconf 79' lang='grc' dir='ltr'><strong>καὶ</strong></span> <span class='ocrx_word' id='word_1_324' title='bbox 320 2939 478 2984; x_wconf 86' lang='grc' dir='ltr'><em>ὀρεινήν.</em></span> <span class='ocrx_word' id='word_1_325' title='bbox 513 2946 549 2975; x_wconf 84' lang='lat' dir='ltr'><strong>et</strong></span> <span class='ocrx_word' id='word_1_326' title='bbox 580 2942 631 2974; x_wconf 89' lang='lat' dir='ltr'><strong>sic</strong></span> <span class='ocrx_word' id='word_1_327' title='bbox 667 2943 741 2976; x_wconf 85' lang='lat' dir='ltr'><strong>fere</strong></span> <span class='ocrx_word' id='word_1_328' title='bbox 772 2941 890 2976; x_wconf 88' lang='lat' dir='ltr'><strong>Schol.</strong></span> 
     </span>
     <span class='ocr_line' id='line_1_57' title="bbox 88 2986 892 3033; baseline -0.001 -10"><span class='ocrx_word' id='word_1_329' title='bbox 88 2992 142 3033; x_wconf 82' lang='lat' dir='ltr'><strong>(et</strong></span> <span class='ocrx_word' id='word_1_330' title='bbox 162 2989 245 3023; x_wconf 89' lang='lat' dir='ltr'><strong>Scb.</strong></span> <span class='ocrx_word' id='word_1_331' title='bbox 271 2988 390 3032; x_wconf 86' lang='lat' dir='ltr'><strong>brev.)</strong></span> <span class='ocrx_word' id='word_1_332' title='bbox 415 2987 576 3022; x_wconf 86' lang='lat' dir='ltr'><strong>disertior</strong></span> <span class='ocrx_word' id='word_1_333' title='bbox 598 2987 629 3021; x_wconf 80' lang='grc' dir='ltr'>Ε</span> <span class='ocrx_word' id='word_1_334' title='bbox 653 2989 779 3030; x_wconf 81' lang='lat' dir='ltr'><strong>docet,</strong></span> <span class='ocrx_word' id='word_1_335' title='bbox 802 2986 892 3024; x_wconf 82' lang='grc' dir='ltr'><em>κλω-</em></span> 
     </span>
    </p>
   </div>
   <div class='ocr_carea' id='block_1_5' title="bbox 918 951 1731 1056">
    <p class='ocr_par' dir='ltr' id='par_1_9' title="bbox 918 951 1730 1047">
     <span class='ocr_line' id='line_1_58' title="bbox 918 951 1730 1002; baseline -0.002 -10"><span class='ocrx_word' id='word_1_336' title='bbox 918 969 1038 1002; x_wconf 79' lang='grc' dir='ltr'><em>μακας</em></span> <span class='ocrx_word' id='word_1_337' title='bbox 1074 956 1142 991; x_wconf 90' lang='lat' dir='ltr'><strong>dici</strong></span> <span class='ocrx_word' id='word_1_338' title='bbox 1167 955 1309 997; x_wconf 86' lang='grc' dir='ltr'><em>τόπους</em></span> <span class='ocrx_word' id='word_1_339' title='bbox 1332 971 1353 1001; x_wconf 88' lang='grc' dir='ltr'><em>η</em></span> <span class='ocrx_word' id='word_1_340' title='bbox 1379 955 1523 1001; x_wconf 84' lang='grc' dir='ltr'><em>λόφους</em></span> <span class='ocrx_word' id='word_1_341' title='bbox 1547 951 1730 999; x_wconf 85' lang='grc' dir='ltr'><em>νψηλους,</em></span> 
     </span>
     <span class='ocr_line' id='line_1_59' title="bbox 919 1002 1731 1056; baseline -0.004 -18"><span class='ocrx_word' id='word_1_342' title='bbox 919 1003 993 1040; x_wconf 77' lang='grc' dir='ltr'><strong>ἀπό</strong></span> <span class='ocrx_word' id='word_1_343' title='bbox 1020 1016 1088 1038; x_wconf 87' lang='grc' dir='ltr'><strong>του</strong></span> <span class='ocrx_word' id='word_1_344' title='bbox 1113 1005 1298 1050; x_wconf 77' lang='grc' dir='ltr'><em>κατακλᾷν</em></span> <span class='ocrx_word' id='word_1_345' title='bbox 1322 1017 1410 1043; x_wconf 83' lang='grc' dir='ltr'><em>τους</em></span> <span class='ocrx_word' id='word_1_346' title='bbox 1444 1002 1731 1056; x_wconf 75' lang='grc' dir='ltr'><em>ἀναβαίνοντας.</em></span> 
     </span>
    </p>
   </div>
   <div class='ocr_carea' id='block_1_6' title="bbox 919 1041 1729 1144">
    <p class='ocr_par' dir='ltr' id='par_1_10' title="bbox 919 1041 1729 1144">
     <span class='ocr_line' id='line_1_60' title="bbox 919 1041 1729 1095; baseline -0.001 -11"><span class='ocrx_word' id='word_1_347' title='bbox 919 1051 1092 1095; x_wconf 86' lang='lat' dir='ltr'><strong>Hesych.:</strong></span> <span class='ocrx_word' id='word_1_348' title='bbox 1118 1041 1341 1092; x_wconf 81' lang='grc' dir='ltr'><em>κλωμακόεν.</em></span> <span class='ocrx_word' id='word_1_349' title='bbox 1376 1050 1612 1094; x_wconf 77' lang='grc' dir='ltr'><em>κρημνῶδες,</em></span> <span class='ocrx_word' id='word_1_350' title='bbox 1638 1047 1729 1084; x_wconf 88' lang='grc' dir='ltr'><em>δύσ-</em></span> 
     </span>
     <span class='ocr_line' id='line_1_61' title="bbox 919 1098 1218 1144; baseline -0.007 -12"><span class='ocrx_word' id='word_1_351' title='bbox 919 1098 1074 1144; x_wconf 55' lang='grc' dir='ltr'><em>βατονέ(</em></span> <span class='ocrx_word' id='word_1_352' title='bbox 1101 1098 1218 1130; x_wconf 66' lang='lat' dir='ltr'><strong>Exti.</strong></span> 
     </span>
    </p>
   </div>
   <div class='ocr_carea' id='block_1_7' title="bbox 920 1143 1743 2616">
    <p class='ocr_par' dir='ltr' id='par_1_11' title="bbox 965 1143 1406 1180">
     <span class='ocr_line' id='line_1_62' title="bbox 965 1143 1406 1180; baseline -0.002 -1"><span class='ocrx_word' id='word_1_353' title='bbox 965 1145 1045 1180; x_wconf 86' lang='lat'><strong>730.</strong></span> <span class='ocrx_word' id='word_1_354' title='bbox 1092 1155 1125 1176; x_wconf 90' lang='lat' dir='ltr'><strong>v.</strong></span> <span class='ocrx_word' id='word_1_355' title='bbox 1151 1154 1229 1176; x_wconf 91' lang='lat' dir='ltr'><strong>ann.</strong></span> <span class='ocrx_word' id='word_1_356' title='bbox 1259 1143 1304 1176; x_wconf 88' lang='lat' dir='ltr'><strong>ad</strong></span> <span class='ocrx_word' id='word_1_357' title='bbox 1327 1144 1406 1178; x_wconf 87' lang='lat'>596.</span> 
     </span>
    </p>

    <p class='ocr_par' dir='ltr' id='par_1_12' title="bbox 920 1188 1743 2616">
     <span class='ocr_line' id='line_1_63' title="bbox 965 1188 1731 1234; baseline -0.005 -10"><span class='ocrx_word' id='word_1_358' title='bbox 965 1191 1045 1224; x_wconf 84' lang='lat'><strong>731.</strong></span> <span class='ocrx_word' id='word_1_359' title='bbox 1094 1188 1150 1222; x_wconf 88' lang='lat' dir='ltr'><strong>hic</strong></span> <span class='ocrx_word' id='word_1_360' title='bbox 1184 1201 1323 1234; x_wconf 90' lang='lat' dir='ltr'><strong>quoque</strong></span> <span class='ocrx_word' id='word_1_361' title='bbox 1353 1199 1493 1229; x_wconf 75' lang='lat' dir='ltr'><strong>vereor,</strong></span> <span class='ocrx_word' id='word_1_362' title='bbox 1525 1199 1569 1221; x_wconf 90' lang='lat' dir='ltr'><strong>ne</strong></span> <span class='ocrx_word' id='word_1_363' title='bbox 1593 1188 1731 1231; x_wconf 87' lang='lat' dir='ltr'><strong>elegan-</strong></span> 
     </span>
     <span class='ocr_line' id='line_1_64' title="bbox 920 1233 1730 1278; baseline -0.004 -9"><span class='ocrx_word' id='word_1_364' title='bbox 920 1240 988 1269; x_wconf 91' lang='lat' dir='ltr'><strong>tem</strong></span> <span class='ocrx_word' id='word_1_365' title='bbox 1031 1246 1218 1269; x_wconf 85' lang='lat' dir='ltr'><strong>sermonem</strong></span> <span class='ocrx_word' id='word_1_366' title='bbox 1261 1234 1471 1278; x_wconf 81' lang='lat' dir='ltr'><strong>grammatici</strong></span> <span class='ocrx_word' id='word_1_367' title='bbox 1505 1234 1562 1267; x_wconf 79' lang='lat' dir='ltr'><strong>vel</strong></span> <span class='ocrx_word' id='word_1_368' title='bbox 1598 1233 1730 1267; x_wconf 86' lang='lat' dir='ltr'><strong>librarii</strong></span> 
     </span>
     <span class='ocr_line' id='line_1_65' title="bbox 920 1276 1735 1325; baseline 0 -11"><span class='ocrx_word' id='word_1_369' title='bbox 920 1282 1184 1322; x_wconf 80' lang='lat' dir='ltr'><strong>infuscaverint‚</strong></span> <span class='ocrx_word' id='word_1_370' title='bbox 1210 1284 1389 1325; x_wconf 86' lang='lat' dir='ltr'><strong>malimque</strong></span> <span class='ocrx_word' id='word_1_371' title='bbox 1415 1292 1490 1313; x_wconf 90' lang='lat' dir='ltr'><strong>cum</strong></span> <span class='ocrx_word' id='word_1_372' title='bbox 1513 1280 1658 1323; x_wconf 88' lang='lat' dir='ltr'><strong>Heyneo</strong></span> <span class='ocrx_word' id='word_1_373' title='bbox 1681 1276 1735 1314; x_wconf 84' lang='lat' dir='ltr'><strong>&#39;A-</strong></span> 
     </span>
     <span class='ocr_line' id='line_1_66' title="bbox 922 1323 1732 1371; baseline -0.001 -10"><span class='ocrx_word' id='word_1_374' title='bbox 922 1326 1129 1371; x_wconf 82' lang='grc' dir='ltr'><em>σκληπιάδα</em></span> <span class='ocrx_word' id='word_1_375' title='bbox 1152 1325 1223 1361; x_wconf 78' lang='grc' dir='ltr'><strong>δύο</strong></span> <span class='ocrx_word' id='word_1_376' title='bbox 1241 1328 1364 1368; x_wconf 81' lang='grc' dir='ltr'><em>παῖδε,</em></span> <span class='ocrx_word' id='word_1_377' title='bbox 1389 1326 1666 1370; x_wconf 82' lang='lat' dir='ltr'><strong>quemadmodum</strong></span> <span class='ocrx_word' id='word_1_378' title='bbox 1689 1323 1732 1367; x_wconf 89' lang='grc' dir='ltr'><strong>λ’,</strong></span> 
     </span>
     <span class='ocr_line' id='line_1_67' title="bbox 922 1372 1734 1418; baseline -0.002 -9"><span class='ocrx_word' id='word_1_379' title='bbox 922 1374 1002 1409; x_wconf 87' lang='grc'><strong>490.</strong></span> <span class='ocrx_word' id='word_1_380' title='bbox 1040 1374 1136 1418; x_wconf 83' lang='lat' dir='ltr'><strong>Dory</strong></span> <span class='ocrx_word' id='word_1_381' title='bbox 1139 1372 1224 1407; x_wconf 86' lang='lat' dir='ltr'><strong>clum</strong></span> <span class='ocrx_word' id='word_1_382' title='bbox 1259 1374 1360 1409; x_wconf 86' lang='lat' dir='ltr'><strong>Hom.</strong></span> <span class='ocrx_word' id='word_1_383' title='bbox 1395 1372 1482 1406; x_wconf 82' lang='lat' dir='ltr'><strong>dixit</strong></span> <span class='ocrx_word' id='word_1_384' title='bbox 1517 1373 1734 1418; x_wconf 85' lang='grc' dir='ltr'><em>Πριαμίδην</em></span> 
     </span>
     <span class='ocr_line' id='line_1_68' title="bbox 922 1416 1735 1465; baseline -0.002 -10"><span class='ocrx_word' id='word_1_385' title='bbox 922 1420 1042 1456; x_wconf 85' lang='grc' dir='ltr'><em>νόθον</em></span> <span class='ocrx_word' id='word_1_386' title='bbox 1065 1420 1163 1454; x_wconf 74' lang='grc' dir='ltr'><em>υἱόν.</em></span> <span class='ocrx_word' id='word_1_387' title='bbox 1198 1419 1408 1465; x_wconf 86' lang='lat' dir='ltr'><strong>adscriptum</strong></span> <span class='ocrx_word' id='word_1_388' title='bbox 1429 1416 1671 1463; x_wconf 73' lang='grc' dir='ltr'><em>Ἀσκληπιοῦ,</em></span> <span class='ocrx_word' id='word_1_389' title='bbox 1695 1424 1735 1453; x_wconf 86' lang='lat' dir='ltr'><strong>ut</strong></span> 
     </span>
     <span class='ocr_line' id='line_1_69' title="bbox 922 1464 1731 1523; baseline -0.003 -21.99"><span class='ocrx_word' id='word_1_390' title='bbox 922 1464 1061 1512; x_wconf 83' lang='grc' dir='ltr'><em>Ιφίτου</em></span> <span class='ocrx_word' id='word_1_391' title='bbox 1074 1468 1166 1506; x_wconf 83' lang='grc'><em>518.,</em></span> <span class='ocrx_word' id='word_1_392' title='bbox 1179 1477 1268 1520; x_wconf 86' lang='lat' dir='ltr'><strong>quae</strong></span> <span class='ocrx_word' id='word_1_393' title='bbox 1287 1467 1421 1500; x_wconf 87' lang='lat' dir='ltr'><strong>nomina</strong></span> <span class='ocrx_word' id='word_1_394' title='bbox 1440 1472 1607 1523; x_wconf 87' lang='lat' dir='ltr'><strong>correpta</strong></span> <span class='ocrx_word' id='word_1_395' title='bbox 1613 1467 1731 1511; x_wconf 83' lang='lat' dir='ltr'><strong>penul-</strong></span> 
     </span>
     <span class='ocr_line' id='line_1_70' title="bbox 924 1510 1734 1556; baseline 0.001 -10"><span class='ocrx_word' id='word_1_396' title='bbox 924 1513 1008 1546; x_wconf 87' lang='lat' dir='ltr'><strong>tima</strong></span> <span class='ocrx_word' id='word_1_397' title='bbox 1032 1513 1193 1556; x_wconf 84' lang='lat' dir='ltr'><strong>leguntur</strong></span> <span class='ocrx_word' id='word_1_398' title='bbox 1218 1510 1265 1552; x_wconf 82' lang='grc' dir='ltr'><strong>δ’,</strong></span> <span class='ocrx_word' id='word_1_399' title='bbox 1292 1512 1370 1551; x_wconf 86' lang='grc'><em>194,</em></span> <span class='ocrx_word' id='word_1_400' title='bbox 1395 1511 1437 1554; x_wconf 89' lang='grc' dir='ltr'><strong>λ’,</strong></span> <span class='ocrx_word' id='word_1_401' title='bbox 1460 1514 1553 1553; x_wconf 89' lang='grc'><em>517,</em></span> <span class='ocrx_word' id='word_1_402' title='bbox 1577 1511 1620 1555; x_wconf 81' lang='grc' dir='ltr'><strong>ρ’,</strong></span> <span class='ocrx_word' id='word_1_403' title='bbox 1637 1514 1734 1556; x_wconf 87' lang='grc'><strong>306.</strong></span> 
     </span>
     <span class='ocr_line' id='line_1_71' title="bbox 925 1558 1734 1602; baseline 0 -10"><span class='ocrx_word' id='word_1_404' title='bbox 925 1559 1086 1592; x_wconf 78' lang='lat' dir='ltr'><strong>offecisse</strong></span> <span class='ocrx_word' id='word_1_405' title='bbox 1120 1558 1261 1592; x_wconf 88' lang='lat' dir='ltr'><strong>videtur</strong></span> <span class='ocrx_word' id='word_1_406' title='bbox 1285 1559 1454 1602; x_wconf 83' lang='lat' dir='ltr'><strong>genuinae</strong></span> <span class='ocrx_word' id='word_1_407' title='bbox 1479 1559 1578 1600; x_wconf 87' lang='lat' dir='ltr'><strong>voci,</strong></span> <span class='ocrx_word' id='word_1_408' title='bbox 1604 1564 1639 1593; x_wconf 91' lang='lat' dir='ltr'><strong>et</strong></span> <span class='ocrx_word' id='word_1_409' title='bbox 1662 1570 1734 1593; x_wconf 90' lang='lat' dir='ltr'><strong>me—</strong></span> 
     </span>
     <span class='ocr_line' id='line_1_72' title="bbox 925 1604 1734 1650; baseline 0 -12"><span class='ocrx_word' id='word_1_410' title='bbox 925 1610 1013 1638; x_wconf 90' lang='lat' dir='ltr'><strong>trum</strong></span> <span class='ocrx_word' id='word_1_411' title='bbox 1039 1604 1245 1649; x_wconf 71' lang='lat' dir='ltr'><strong>corrupisse.</strong></span> <span class='ocrx_word' id='word_1_412' title='bbox 1293 1616 1369 1638; x_wconf 90' lang='lat' dir='ltr'><strong>nam</strong></span> <span class='ocrx_word' id='word_1_413' title='bbox 1401 1605 1430 1638; x_wconf 90' lang='lat' dir='ltr'><strong>si</strong></span> <span class='ocrx_word' id='word_1_414' title='bbox 1463 1606 1587 1639; x_wconf 87' lang='lat' dir='ltr'><strong>breves</strong></span> <span class='ocrx_word' id='word_1_415' title='bbox 1611 1605 1734 1650; x_wconf 89' lang='lat' dir='ltr'><strong>quovis</strong></span> 
     </span>
     <span class='ocr_line' id='line_1_73' title="bbox 925 1650 1734 1695; baseline 0 -10"><span class='ocrx_word' id='word_1_416' title='bbox 925 1652 1001 1685; x_wconf 91' lang='lat' dir='ltr'><strong>loco</strong></span> <span class='ocrx_word' id='word_1_417' title='bbox 1027 1650 1208 1695; x_wconf 82' lang='lat' dir='ltr'><strong>porrigere</strong></span> <span class='ocrx_word' id='word_1_418' title='bbox 1232 1650 1361 1684; x_wconf 86' lang='lat' dir='ltr'><strong>licebat</strong></span> <span class='ocrx_word' id='word_1_419' title='bbox 1394 1651 1493 1684; x_wconf 88' lang='lat' dir='ltr'><strong>metri</strong></span> <span class='ocrx_word' id='word_1_420' title='bbox 1516 1663 1640 1692; x_wconf 89' lang='lat' dir='ltr'><strong>causa,</strong></span> <span class='ocrx_word' id='word_1_421' title='bbox 1671 1663 1734 1685; x_wconf 90' lang='lat' dir='ltr'><strong>ne-</strong></span> 
     </span>
     <span class='ocr_line' id='line_1_74' title="bbox 925 1696 1736 1742; baseline -0.001 -10"><span class='ocrx_word' id='word_1_422' title='bbox 925 1697 996 1732; x_wconf 87' lang='lat' dir='ltr'><strong>scio</strong></span> <span class='ocrx_word' id='word_1_423' title='bbox 1022 1708 1084 1730; x_wconf 90' lang='lat' dir='ltr'><strong>cur</strong></span> <span class='ocrx_word' id='word_1_424' title='bbox 1111 1696 1350 1742; x_wconf 83' lang='grc' dir='ltr'><em>Φηρητιάδαο</em></span> <span class='ocrx_word' id='word_1_425' title='bbox 1383 1697 1560 1742; x_wconf 86' lang='lat' dir='ltr'><strong>scripserit</strong></span> <span class='ocrx_word' id='word_1_426' title='bbox 1593 1697 1736 1731; x_wconf 81' lang='lat' dir='ltr'><strong>inferius</strong></span> 
     </span>
     <span class='ocr_line' id='line_1_75' title="bbox 926 1743 1736 1799; baseline -0.001 -19.998"><span class='ocrx_word' id='word_1_427' title='bbox 926 1745 1004 1799; x_wconf 87' lang='grc'><strong>763.</strong></span> <span class='ocrx_word' id='word_1_428' title='bbox 1031 1743 1099 1777; x_wconf 90' lang='lat' dir='ltr'><strong>alia</strong></span> <span class='ocrx_word' id='word_1_429' title='bbox 1121 1744 1257 1777; x_wconf 43' lang='lat' dir='ltr'><strong>ridetur</strong></span> <span class='ocrx_word' id='word_1_430' title='bbox 1278 1755 1354 1777; x_wconf 90' lang='lat' dir='ltr'><strong>esse</strong></span> <span class='ocrx_word' id='word_1_431' title='bbox 1384 1743 1473 1777; x_wconf 88' lang='lat' dir='ltr'><strong>ratio</strong></span> <span class='ocrx_word' id='word_1_432' title='bbox 1493 1744 1562 1778; x_wconf 81' lang='grc' dir='ltr'><strong>τοῦ</strong></span> <span class='ocrx_word' id='word_1_433' title='bbox 1581 1758 1593 1778; x_wconf 93' lang='grc' dir='ltr'><strong>ι</strong></span> <span class='ocrx_word' id='word_1_434' title='bbox 1611 1744 1736 1788; x_wconf 87' lang='lat' dir='ltr'><strong>longae</strong></span> 
     </span>
     <span class='ocr_line' id='line_1_76' title="bbox 925 1786 1736 1834; baseline 0.001 -11"><span class='ocrx_word' id='word_1_435' title='bbox 925 1790 961 1823; x_wconf 89' lang='lat' dir='ltr'><strong>in</strong></span> <span class='ocrx_word' id='word_1_436' title='bbox 970 1786 1125 1833; x_wconf 75' lang='grc' dir='ltr'><em>’Ἄμφιος</em></span> <span class='ocrx_word' id='word_1_437' title='bbox 1145 1791 1226 1831; x_wconf 88' lang='grc'><em>830,</em></span> <span class='ocrx_word' id='word_1_438' title='bbox 1250 1795 1289 1823; x_wconf 91' lang='lat' dir='ltr'><strong>ut</strong></span> <span class='ocrx_word' id='word_1_439' title='bbox 1306 1790 1342 1823; x_wconf 90' lang='lat' dir='ltr'><strong>in</strong></span> <span class='ocrx_word' id='word_1_440' title='bbox 1360 1789 1550 1823; x_wconf 88' lang='lat' dir='ltr'><strong>nominibus</strong></span> <span class='ocrx_word' id='word_1_441' title='bbox 1567 1788 1736 1834; x_wconf 81' lang='grc' dir='ltr'><em>Ἀμφίων,</em></span> 
     </span>
     <span class='ocr_line' id='line_1_77' title="bbox 924 1833 1737 1879; baseline 0 -9"><span class='ocrx_word' id='word_1_442' title='bbox 924 1834 1115 1879; x_wconf 32' lang='lat' dir='ltr'><strong>Ynsfflffcov</strong></span> <span class='ocrx_word' id='word_1_443' title='bbox 1136 1833 1278 1878; x_wconf 77' lang='grc' dir='ltr'><em>Ὠρίων.</em></span> <span class='ocrx_word' id='word_1_444' title='bbox 1319 1837 1518 1869; x_wconf 88' lang='lat' dir='ltr'><strong>ceterumH</strong></span> <span class='ocrx_word' id='word_1_445' title='bbox 1542 1837 1737 1878; x_wconf 78' lang='lat' dir='ltr'><strong>annotavit,</strong></span> 
     </span>
     <span class='ocr_line' id='line_1_78' title="bbox 928 1881 1738 1926; baseline 0 -10"><span class='ocrx_word' id='word_1_446' title='bbox 928 1881 1124 1926; x_wconf 89' lang='lat' dir='ltr'><strong>Aesculapii</strong></span> <span class='ocrx_word' id='word_1_447' title='bbox 1148 1882 1279 1915; x_wconf 88' lang='lat' dir='ltr'><strong>natales</strong></span> <span class='ocrx_word' id='word_1_448' title='bbox 1303 1881 1427 1915; x_wconf 82' lang='lat' dir='ltr'><strong>referri</strong></span> <span class='ocrx_word' id='word_1_449' title='bbox 1453 1882 1497 1915; x_wconf 90' lang='lat' dir='ltr'><strong>ad</strong></span> <span class='ocrx_word' id='word_1_450' title='bbox 1519 1882 1738 1916; x_wconf 87' lang='lat' dir='ltr'><strong>Thessaliam</strong></span> 
     </span>
     <span class='ocr_line' id='line_1_79' title="bbox 928 1927 1739 1973; baseline 0.004 -12"><span class='ocrx_word' id='word_1_451' title='bbox 928 1928 979 1971; x_wconf 82' lang='lat' dir='ltr'><strong>(E</strong></span> <span class='ocrx_word' id='word_1_452' title='bbox 996 1929 1091 1961; x_wconf 87' lang='lat' dir='ltr'><strong>adh</strong></span> <span class='ocrx_word' id='word_1_453' title='bbox 1116 1927 1153 1969; x_wconf 88' lang='lat' dir='ltr'><strong>l</strong></span> <span class='ocrx_word' id='word_1_454' title='bbox 1179 1927 1295 1961; x_wconf 88' lang='lat' dir='ltr'><strong>Schol.</strong></span> <span class='ocrx_word' id='word_1_455' title='bbox 1321 1928 1351 1961; x_wconf 91' lang='grc' dir='ltr'><strong>Β</strong></span> <span class='ocrx_word' id='word_1_456' title='bbox 1373 1927 1455 1961; x_wconf 88' lang='lat' dir='ltr'><strong>etL</strong></span> <span class='ocrx_word' id='word_1_457' title='bbox 1477 1928 1521 1961; x_wconf 91' lang='lat' dir='ltr'><strong>ad</strong></span> <span class='ocrx_word' id='word_1_458' title='bbox 1545 1927 1591 1972; x_wconf 82' lang='grc' dir='ltr'><strong>α’,</strong></span> <span class='ocrx_word' id='word_1_459' title='bbox 1617 1930 1739 1973; x_wconf 91' lang='grc'><strong>2,6.6)</strong></span> 
     </span>
     <span class='ocr_line' id='line_1_80' title="bbox 929 1953 1740 2020; baseline 0 -12"><span class='ocrx_word' id='word_1_460' title='bbox 929 1980 1068 2008; x_wconf 87' lang='lat' dir='ltr'><strong>matrem</strong></span> <span class='ocrx_word' id='word_1_461' title='bbox 1095 1953 1300 2007; x_wconf 88' lang='lat' dir='ltr'><strong>Coronidem</strong></span> <span class='ocrx_word' id='word_1_462' title='bbox 1326 1974 1524 2018; x_wconf 84' lang='lat' dir='ltr'><strong>Phlegyae,</strong></span> <span class='ocrx_word' id='word_1_463' title='bbox 1560 1976 1657 2020; x_wconf 88' lang='lat' dir='ltr'><strong>cujus</strong></span> <span class='ocrx_word' id='word_1_464' title='bbox 1689 1975 1740 2008; x_wconf 86' lang='lat' dir='ltr'><strong>ibi</strong></span> 
     </span>
     <span class='ocr_line' id='line_1_81' title="bbox 929 2019 1737 2064; baseline 0 -10"><span class='ocrx_word' id='word_1_465' title='bbox 929 2021 1016 2055; x_wconf 83' lang='lat' dir='ltr'><strong>ditio</strong></span> <span class='ocrx_word' id='word_1_466' title='bbox 1033 2021 1087 2064; x_wconf 89' lang='lat' dir='ltr'><strong>(H</strong></span> <span class='ocrx_word' id='word_1_467' title='bbox 1106 2021 1216 2064; x_wconf 83' lang='lat' dir='ltr'><strong>adAp</strong></span> <span class='ocrx_word' id='word_1_468' title='bbox 1221 2019 1319 2054; x_wconf 87' lang='lat' dir='ltr'><strong>ollod.</strong></span> <span class='ocrx_word' id='word_1_469' title='bbox 1341 2031 1374 2064; x_wconf 90' lang='lat' dir='ltr'><strong>p.</strong></span> <span class='ocrx_word' id='word_1_470' title='bbox 1395 2022 1485 2058; x_wconf 87' lang='grc'><strong>235.</strong></span> <span class='ocrx_word' id='word_1_471' title='bbox 1511 2021 1627 2055; x_wconf 92' lang='lat' dir='ltr'><strong>Schol.</strong></span> <span class='ocrx_word' id='word_1_472' title='bbox 1639 2021 1737 2055; x_wconf 88' lang='lat' dir='ltr'><strong>Pind.</strong></span> 
     </span>
     <span class='ocr_line' id='line_1_82' title="bbox 931 2031 1740 2112; baseline 0.002 -13"><span class='ocrx_word' id='word_1_473' title='bbox 931 2079 965 2112; x_wconf 93' lang='lat' dir='ltr'><strong>p.</strong></span> <span class='ocrx_word' id='word_1_474' title='bbox 989 2068 1044 2107; x_wconf 84' lang='lat'><strong>3.,</strong></span> <span class='ocrx_word' id='word_1_475' title='bbox 1071 2065 1124 2100; x_wconf 90' lang='grc'><strong>14.</strong></span> <span class='ocrx_word' id='word_1_476' title='bbox 1150 2031 1216 2099; x_wconf 85' lang='lat' dir='ltr'><strong>ed.p</strong></span> <span class='ocrx_word' id='word_1_477' title='bbox 1232 2067 1305 2110; x_wconf 84' lang='lat' dir='ltr'><strong>Hey</strong></span> <span class='ocrx_word' id='word_1_478' title='bbox 1303 2077 1356 2106; x_wconf 89' lang='lat' dir='ltr'><strong>·.‚n</strong></span> <span class='ocrx_word' id='word_1_479' title='bbox 1382 2066 1463 2100; x_wconf 89' lang='lat' dir='ltr'><strong>Sch.</strong></span> <span class='ocrx_word' id='word_1_480' title='bbox 1489 2067 1533 2101; x_wconf 87' lang='lat' dir='ltr'><strong>ad</strong></span> <span class='ocrx_word' id='word_1_481' title='bbox 1559 2066 1604 2110; x_wconf 86' lang='grc' dir='ltr'><strong>δ’,</strong></span> <span class='ocrx_word' id='word_1_482' title='bbox 1628 2067 1740 2111; x_wconf 85' lang='lat'><strong>193.)‚</strong></span> 
     </span>
     <span class='ocr_line' id='line_1_83' title="bbox 929 2111 1742 2156; baseline 0 -10"><span class='ocrx_word' id='word_1_483' title='bbox 929 2113 1033 2146; x_wconf 85' lang='lat' dir='ltr'><strong>filiam</strong></span> <span class='ocrx_word' id='word_1_484' title='bbox 1059 2111 1254 2156; x_wconf 87' lang='lat' dir='ltr'><strong>perhiberi,</strong></span> <span class='ocrx_word' id='word_1_485' title='bbox 1288 2112 1414 2155; x_wconf 89' lang='lat' dir='ltr'><strong>deique</strong></span> <span class='ocrx_word' id='word_1_486' title='bbox 1439 2113 1566 2146; x_wconf 91' lang='lat' dir='ltr'><strong>cultum</strong></span> <span class='ocrx_word' id='word_1_487' title='bbox 1590 2113 1742 2147; x_wconf 83' lang='lat' dir='ltr'><strong>Triccae</strong></span> 
     </span>
     <span class='ocr_line' id='line_1_84' title="bbox 931 2157 1741 2203; baseline -0.001 -11"><span class='ocrx_word' id='word_1_488' title='bbox 931 2162 966 2192; x_wconf 89' lang='lat' dir='ltr'><strong>et</strong></span> <span class='ocrx_word' id='word_1_489' title='bbox 991 2170 1046 2203; x_wconf 89' lang='lat' dir='ltr'><strong>ap.</strong></span> <span class='ocrx_word' id='word_1_490' title='bbox 1069 2157 1237 2201; x_wconf 90' lang='lat' dir='ltr'><strong>Lapithas</strong></span> <span class='ocrx_word' id='word_1_491' title='bbox 1261 2157 1428 2201; x_wconf 86' lang='lat' dir='ltr'><strong>viguisse.</strong></span> <span class='ocrx_word' id='word_1_492' title='bbox 1452 2159 1497 2192; x_wconf 89' lang='lat' dir='ltr'><strong>cf.</strong></span> <span class='ocrx_word' id='word_1_493' title='bbox 1523 2160 1564 2192; x_wconf 86' lang='lat' dir='ltr'><strong>C.</strong></span> <span class='ocrx_word' id='word_1_494' title='bbox 1585 2160 1630 2193; x_wconf 93' lang='grc' dir='ltr'><strong>Ο.</strong></span> <span class='ocrx_word' id='word_1_495' title='bbox 1649 2158 1741 2193; x_wconf 69' lang='lat' dir='ltr'><strong>Mul-</strong></span> 
     </span>
     <span class='ocr_line' id='line_1_85' title="bbox 930 2204 1741 2249; baseline 0 -11"><span class='ocrx_word' id='word_1_496' title='bbox 930 2205 993 2239; x_wconf 90' lang='lat' dir='ltr'><strong>ler.</strong></span> <span class='ocrx_word' id='word_1_497' title='bbox 1027 2204 1050 2236; x_wconf 92' lang='lat' dir='ltr'><strong>l.</strong></span> <span class='ocrx_word' id='word_1_498' title='bbox 1085 2215 1115 2237; x_wconf 90' lang='lat' dir='ltr'><strong>c.</strong></span> <span class='ocrx_word' id='word_1_499' title='bbox 1141 2206 1172 2238; x_wconf 89' lang='lat'><strong>1.</strong></span> <span class='ocrx_word' id='word_1_500' title='bbox 1207 2215 1241 2248; x_wconf 89' lang='lat' dir='ltr'><strong>p.</strong></span> <span class='ocrx_word' id='word_1_501' title='bbox 1268 2205 1345 2239; x_wconf 84' lang='lat'><strong>198.</strong></span> <span class='ocrx_word' id='word_1_502' title='bbox 1370 2214 1468 2248; x_wconf 88' lang='lat' dir='ltr'><strong>sequ.</strong></span> <span class='ocrx_word' id='word_1_503' title='bbox 1500 2204 1631 2239; x_wconf 87' lang='lat' dir='ltr'><strong>minore</strong></span> <span class='ocrx_word' id='word_1_504' title='bbox 1659 2206 1741 2249; x_wconf 85' lang='lat' dir='ltr'><strong>jure</strong></span> 
     </span>
     <span class='ocr_line' id='line_1_86' title="bbox 931 2249 1741 2293; baseline 0 -9"><span class='ocrx_word' id='word_1_505' title='bbox 931 2249 1096 2284; x_wconf 88' lang='lat' dir='ltr'><strong>Messenii</strong></span> <span class='ocrx_word' id='word_1_506' title='bbox 1128 2249 1370 2293; x_wconf 89' lang='lat' dir='ltr'><strong>Aesculapium</strong></span> <span class='ocrx_word' id='word_1_507' title='bbox 1402 2249 1468 2284; x_wconf 88' lang='lat' dir='ltr'><strong>sibi</strong></span> <span class='ocrx_word' id='word_1_508' title='bbox 1512 2250 1741 2292; x_wconf 86' lang='lat' dir='ltr'><strong>vindicarunt,</strong></span> 
     </span>
     <span class='ocr_line' id='line_1_87' title="bbox 932 2295 1742 2335; baseline 0.002 -5"><span class='ocrx_word' id='word_1_509' title='bbox 932 2302 972 2330; x_wconf 89' lang='lat' dir='ltr'><strong>ut</strong></span> <span class='ocrx_word' id='word_1_510' title='bbox 1006 2300 1126 2329; x_wconf 85' lang='lat' dir='ltr'><strong>auctor</strong></span> <span class='ocrx_word' id='word_1_511' title='bbox 1157 2301 1212 2329; x_wconf 87' lang='lat' dir='ltr'><strong>est</strong></span> <span class='ocrx_word' id='word_1_512' title='bbox 1234 2295 1336 2328; x_wconf 85' lang='lat' dir='ltr'><strong>Paus.</strong></span> <span class='ocrx_word' id='word_1_513' title='bbox 1371 2297 1406 2335; x_wconf 88' lang='grc'><strong>2,</strong></span> <span class='ocrx_word' id='word_1_514' title='bbox 1431 2298 1490 2332; x_wconf 91' lang='grc'><strong>26.</strong></span> <span class='ocrx_word' id='word_1_515' title='bbox 1527 2297 1742 2332; x_wconf 74' lang='grc' dir='ltr'><em>Ροάαὶίνίιιπι</em></span> 
     </span>
     <span class='ocr_line' id='line_1_88' title="bbox 933 2341 1742 2386; baseline 0.001 -10"><span class='ocrx_word' id='word_1_516' title='bbox 933 2347 968 2376; x_wconf 91' lang='lat' dir='ltr'><strong>et</strong></span> <span class='ocrx_word' id='word_1_517' title='bbox 993 2341 1224 2376; x_wconf 78' lang='lat' dir='ltr'><strong>Machaonem</strong></span> <span class='ocrx_word' id='word_1_518' title='bbox 1247 2341 1338 2375; x_wconf 90' lang='lat' dir='ltr'><strong>inter</strong></span> <span class='ocrx_word' id='word_1_519' title='bbox 1357 2353 1480 2386; x_wconf 89' lang='lat' dir='ltr'><strong>procos</strong></span> <span class='ocrx_word' id='word_1_520' title='bbox 1500 2343 1656 2377; x_wconf 89' lang='lat' dir='ltr'><strong>Helenae</strong></span> <span class='ocrx_word' id='word_1_521' title='bbox 1685 2355 1742 2377; x_wconf 88' lang='lat' dir='ltr'><strong>re-</strong></span> 
     </span>
     <span class='ocr_line' id='line_1_89' title="bbox 934 2387 1743 2431; baseline 0.001 -10"><span class='ocrx_word' id='word_1_522' title='bbox 934 2393 1052 2421; x_wconf 87' lang='lat' dir='ltr'><strong>censet</strong></span> <span class='ocrx_word' id='word_1_523' title='bbox 1076 2387 1229 2431; x_wconf 85' lang='lat' dir='ltr'><strong>Apollod.</strong></span> <span class='ocrx_word' id='word_1_524' title='bbox 1255 2388 1289 2427; x_wconf 87' lang='lat'><strong>3,</strong></span> <span class='ocrx_word' id='word_1_525' title='bbox 1318 2391 1373 2428; x_wconf 89' lang='lat'><strong>10,</strong></span> <span class='ocrx_word' id='word_1_526' title='bbox 1398 2391 1433 2424; x_wconf 91' lang='lat'><strong>8.</strong></span> <span class='ocrx_word' id='word_1_527' title='bbox 1468 2389 1608 2423; x_wconf 91' lang='lat' dir='ltr'><strong>fuerunt</strong></span> <span class='ocrx_word' id='word_1_528' title='bbox 1630 2389 1680 2424; x_wconf 89' lang='lat' dir='ltr'><strong>illi</strong></span> <span class='ocrx_word' id='word_1_529' title='bbox 1706 2393 1743 2422; x_wconf 86' lang='lat' dir='ltr'><strong>et</strong></span> 
     </span>
     <span class='ocr_line' id='line_1_90' title="bbox 935 2433 1742 2470; baseline 0.002 -3"><span class='ocrx_word' id='word_1_530' title='bbox 935 2439 1010 2468; x_wconf 84' lang='lat' dir='ltr'><strong>arte</strong></span> <span class='ocrx_word' id='word_1_531' title='bbox 1044 2434 1175 2467; x_wconf 88' lang='lat' dir='ltr'><strong>medica</strong></span> <span class='ocrx_word' id='word_1_532' title='bbox 1206 2436 1242 2467; x_wconf 87' lang='lat' dir='ltr'><strong>et</strong></span> <span class='ocrx_word' id='word_1_533' title='bbox 1273 2433 1396 2467; x_wconf 89' lang='lat' dir='ltr'><strong>bellica</strong></span> <span class='ocrx_word' id='word_1_534' title='bbox 1420 2433 1548 2468; x_wconf 88' lang='lat' dir='ltr'><strong>virtute</strong></span> <span class='ocrx_word' id='word_1_535' title='bbox 1577 2436 1674 2470; x_wconf 87' lang='lat' dir='ltr'><strong>clari.</strong></span> <span class='ocrx_word' id='word_1_536' title='bbox 1707 2446 1742 2469; x_wconf 74' lang='lat' dir='ltr'><strong>v·</strong></span> 
     </span>
     <span class='ocr_line' id='line_1_91' title="bbox 934 2477 1742 2524; baseline 0 -10"><span class='ocrx_word' id='word_1_537' title='bbox 934 2480 967 2514; x_wconf 87' lang='lat' dir='ltr'><strong>E</strong></span> <span class='ocrx_word' id='word_1_538' title='bbox 993 2479 1035 2513; x_wconf 91' lang='lat' dir='ltr'><strong>ad</strong></span> <span class='ocrx_word' id='word_1_539' title='bbox 1060 2477 1101 2521; x_wconf 93' lang='grc' dir='ltr'><strong>λ’,</strong></span> <span class='ocrx_word' id='word_1_540' title='bbox 1126 2479 1215 2521; x_wconf 89' lang='grc'><em>514,</em></span> <span class='ocrx_word' id='word_1_541' title='bbox 1239 2485 1490 2524; x_wconf 87' lang='lat' dir='ltr'><strong>praetereaque</strong></span> <span class='ocrx_word' id='word_1_542' title='bbox 1514 2481 1560 2522; x_wconf 84' lang='lat'><strong>6¹,</strong></span> <span class='ocrx_word' id='word_1_543' title='bbox 1587 2483 1666 2523; x_wconf 85' lang='lat'><strong>193,</strong></span> <span class='ocrx_word' id='word_1_544' title='bbox 1700 2479 1742 2523; x_wconf 89' lang='grc' dir='ltr'><strong>λ’,</strong></span> 
     </span>
     <span class='ocr_line' id='line_1_92' title="bbox 935 2525 1742 2571; baseline 0 -11"><span class='ocrx_word' id='word_1_545' title='bbox 935 2526 1015 2566; x_wconf 87' lang='grc'><em>832,</em></span> <span class='ocrx_word' id='word_1_546' title='bbox 1034 2527 1137 2560; x_wconf 89' lang='lat' dir='ltr'><strong>Paus.</strong></span> <span class='ocrx_word' id='word_1_547' title='bbox 1157 2527 1190 2561; x_wconf 84' lang='lat'><strong>3.</strong></span> <span class='ocrx_word' id='word_1_548' title='bbox 1216 2537 1291 2571; x_wconf 90' lang='lat' dir='ltr'><strong>cap.</strong></span> <span class='ocrx_word' id='word_1_549' title='bbox 1312 2525 1385 2567; x_wconf 89' lang='lat' dir='ltr'><strong>ult.,</strong></span> <span class='ocrx_word' id='word_1_550' title='bbox 1411 2526 1576 2567; x_wconf 80' lang='lat' dir='ltr'><strong>Quintum</strong></span> <span class='ocrx_word' id='word_1_551' title='bbox 1601 2530 1635 2570; x_wconf 88' lang='lat'><strong>6,</strong></span> <span class='ocrx_word' id='word_1_552' title='bbox 1658 2528 1742 2563; x_wconf 87' lang='lat'><strong>398.</strong></span> 
     </span>
     <span class='ocr_line' id='line_1_93' title="bbox 934 2572 1660 2616; baseline 0 -10"><span class='ocrx_word' id='word_1_553' title='bbox 934 2584 1033 2616; x_wconf 88' lang='lat' dir='ltr'><strong>seqq.</strong></span> <span class='ocrx_word' id='word_1_554' title='bbox 1058 2572 1155 2614; x_wconf 83' lang='lat' dir='ltr'><strong>Virg.</strong></span> <span class='ocrx_word' id='word_1_555' title='bbox 1178 2574 1262 2606; x_wconf 91' lang='lat' dir='ltr'><strong>Aen.</strong></span> <span class='ocrx_word' id='word_1_556' title='bbox 1290 2573 1326 2612; x_wconf 87' lang='grc'><strong>2,</strong></span> <span class='ocrx_word' id='word_1_557' title='bbox 1349 2572 1429 2607; x_wconf 88' lang='grc'><strong>267.</strong></span> <span class='ocrx_word' id='word_1_558' title='bbox 1457 2578 1493 2606; x_wconf 90' lang='lat' dir='ltr'><strong>et</strong></span> <span class='ocrx_word' id='word_1_559' title='bbox 1520 2573 1554 2606; x_wconf 93' lang='lat' dir='ltr'>H</span> <span class='ocrx_word' id='word_1_560' title='bbox 1579 2574 1612 2606; x_wconf 89' lang='lat' dir='ltr'><strong>h.</strong></span> <span class='ocrx_word' id='word_1_561' title='bbox 1638 2573 1660 2606; x_wconf 91' lang='lat' dir='ltr'><strong>l.</strong></span> 
     </span>
    </p>
   </div>
   <div class='ocr_carea' id='block_1_8' title="bbox 981 2616 1811 2653">
    <p class='ocr_par' dir='ltr' id='par_1_13' title="bbox 981 2616 1811 2653">
     <span class='ocr_line' id='line_1_94' title="bbox 981 2616 1811 2653; baseline 0 0"><span class='ocrx_word' id='word_1_562' title='bbox 981 2616 1061 2653; x_wconf 88' lang='grc'><strong>734.</strong></span> <span class='ocrx_word' id='word_1_563' title='bbox 1111 2618 1308 2651; x_wconf 79' lang='lat' dir='ltr'><strong>Ormenium</strong></span> <span class='ocrx_word' id='word_1_564' title='bbox 1338 2617 1435 2651; x_wconf 87' lang='lat' dir='ltr'><strong>vicus</strong></span> <span class='ocrx_word' id='word_1_565' title='bbox 1458 2618 1524 2651; x_wconf 83' lang='lat' dir='ltr'><strong>fuit</strong></span> <span class='ocrx_word' id='word_1_566' title='bbox 1557 2620 1621 2653; x_wconf 87' lang='lat' dir='ltr'><strong>sub</strong></span> <span class='ocrx_word' id='word_1_567' title='bbox 1646 2617 1744 2653; x_wconf 87' lang='lat' dir='ltr'><strong>Pelio</strong></span> <span class='ocrx_word' id='word_1_568' title='bbox 1810 2640 1811 2652; x_wconf 69' lang='lat' dir='ltr'><strong>l</strong></span> 
     </span>
    </p>
   </div>
   <div class='ocr_carea' id='block_1_9' title="bbox 936 2663 1743 2709">
    <p class='ocr_par' dir='ltr' id='par_1_14' title="bbox 936 2663 1743 2709">
     <span class='ocr_line' id='line_1_95' title="bbox 936 2663 1743 2709; baseline 0 -11"><span class='ocrx_word' id='word_1_569' title='bbox 936 2663 979 2698; x_wconf 87' lang='lat' dir='ltr'><strong>ad</strong></span> <span class='ocrx_word' id='word_1_570' title='bbox 1001 2665 1107 2698; x_wconf 90' lang='lat' dir='ltr'><strong>sinum</strong></span> <span class='ocrx_word' id='word_1_571' title='bbox 1117 2666 1340 2709; x_wconf 84' lang='lat' dir='ltr'><strong>Pagasaeum,</strong></span> <span class='ocrx_word' id='word_1_572' title='bbox 1360 2663 1395 2697; x_wconf 90' lang='lat' dir='ltr'><strong>in</strong></span> <span class='ocrx_word' id='word_1_573' title='bbox 1415 2664 1606 2707; x_wconf 86' lang='lat' dir='ltr'><strong>Magnesia.</strong></span> <span class='ocrx_word' id='word_1_574' title='bbox 1625 2665 1743 2698; x_wconf 90' lang='lat' dir='ltr'><strong>Strab.</strong></span> 
     </span>
    </p>
   </div>
   <div class='ocr_carea' id='block_1_10' title="bbox 936 2694 1811 2755">
    <p class='ocr_par' dir='ltr' id='par_1_15' title="bbox 936 2694 1811 2755">
     <span class='ocr_line' id='line_1_96' title="bbox 936 2694 1811 2755; baseline -0.001 -10"><span class='ocrx_word' id='word_1_575' title='bbox 936 2712 970 2746; x_wconf 88' lang='lat'><strong>9.</strong></span> <span class='ocrx_word' id='word_1_576' title='bbox 994 2722 1028 2755; x_wconf 91' lang='lat' dir='ltr'><strong>p.</strong></span> <span class='ocrx_word' id='word_1_577' title='bbox 1045 2712 1124 2750; x_wconf 80' lang='grc'><em>666,</em></span> <span class='ocrx_word' id='word_1_578' title='bbox 1145 2710 1200 2752; x_wconf 90' lang='grc' dir='ltr'><strong>Β.,</strong></span> <span class='ocrx_word' id='word_1_579' title='bbox 1224 2710 1304 2748; x_wconf 89' lang='grc'><em>669,</em></span> <span class='ocrx_word' id='word_1_580' title='bbox 1329 2709 1369 2743; x_wconf 90' lang='lat' dir='ltr'><strong>C.</strong></span> <span class='ocrx_word' id='word_1_581' title='bbox 1404 2710 1531 2744; x_wconf 86' lang='lat' dir='ltr'><strong>fontem</strong></span> <span class='ocrx_word' id='word_1_582' title='bbox 1553 2711 1746 2755; x_wconf 72' lang='lat' dir='ltr'><strong>Hyper-iam</strong></span> <span class='ocrx_word' id='word_1_583' title='bbox 1808 2694 1811 2744; x_wconf 71' lang='lat' dir='ltr'><strong>l</strong></span> 
     </span>
    </p>
   </div>
   <div class='ocr_carea' id='block_1_11' title="bbox 937 2735 1746 2845">
    <p class='ocr_par' dir='ltr' id='par_1_16' title="bbox 937 2735 1746 2845">
     <span class='ocr_line' id='line_1_97' title="bbox 937 2735 1746 2800; baseline -0.001 -9"><span class='ocrx_word' id='word_1_584' title='bbox 937 2755 1003 2800; x_wconf 80' lang='grc' dir='ltr'><em>(ζ’,</em></span> <span class='ocrx_word' id='word_1_585' title='bbox 1038 2755 1145 2799; x_wconf 81' lang='lat'><strong>457.)</strong></span> <span class='ocrx_word' id='word_1_586' title='bbox 1181 2735 1216 2789; x_wconf 87' lang='lat' dir='ltr'><strong>i&#39;n</strong></span> <span class='ocrx_word' id='word_1_587' title='bbox 1239 2754 1358 2790; x_wconf 85' lang='lat' dir='ltr'><strong>media</strong></span> <span class='ocrx_word' id='word_1_588' title='bbox 1390 2754 1623 2790; x_wconf 89' lang='lat' dir='ltr'><strong>Pheraeorum</strong></span> <span class='ocrx_word' id='word_1_589' title='bbox 1658 2757 1746 2790; x_wconf 88' lang='lat' dir='ltr'><strong>urbe</strong></span> 
     </span>
     <span class='ocr_line' id='line_1_98' title="bbox 938 2802 1297 2845; baseline -0.009 -8"><span class='ocrx_word' id='word_1_590' title='bbox 938 2814 1014 2837; x_wconf 88' lang='lat' dir='ltr'><strong>esse</strong></span> <span class='ocrx_word' id='word_1_591' title='bbox 1037 2802 1087 2836; x_wconf 91' lang='lat' dir='ltr'><strong>ait</strong></span> <span class='ocrx_word' id='word_1_592' title='bbox 1110 2802 1237 2836; x_wconf 87' lang='lat' dir='ltr'><strong>Strabo</strong></span> <span class='ocrx_word' id='word_1_593' title='bbox 1263 2812 1297 2845; x_wconf 91' lang='lat' dir='ltr'><strong>p.</strong></span> 
     </span>
    </p>
   </div>
   <div class='ocr_carea' id='block_1_12' title="bbox 938 2846 1499 2893">
    <p class='ocr_par' dir='ltr' id='par_1_17' title="bbox 938 2846 1499 2893">
     <span class='ocr_line' id='line_1_99' title="bbox 938 2846 1499 2893; baseline 0 -11"><span class='ocrx_word' id='word_1_594' title='bbox 938 2848 1039 2882; x_wconf 86' lang='lat' dir='ltr'><strong>Pind.</strong></span> <span class='ocrx_word' id='word_1_595' title='bbox 1063 2849 1115 2893; x_wconf 89' lang='lat' dir='ltr'><strong>Py</strong></span> <span class='ocrx_word' id='word_1_596' title='bbox 1118 2850 1167 2882; x_wconf 89' lang='lat' dir='ltr'><strong>th.</strong></span> <span class='ocrx_word' id='word_1_597' title='bbox 1191 2846 1233 2888; x_wconf 79' lang='lat'><strong>4,</strong></span> <span class='ocrx_word' id='word_1_598' title='bbox 1259 2848 1337 2882; x_wconf 88' lang='grc'><strong>222.</strong></span> <span class='ocrx_word' id='word_1_599' title='bbox 1371 2847 1491 2880; x_wconf 77' lang='lat' dir='ltr'><strong>ExH</strong></span> <span class='ocrx_word' id='word_1_600' title='bbox 1490 2875 1499 2882; x_wconf 96' lang='lat'><strong>.</strong></span> 
     </span>
    </p>
   </div>
   <div class='ocr_carea' id='block_1_13' title="bbox 990 2860 1809 2938">
    <p class='ocr_par' dir='ltr' id='par_1_18' title="bbox 990 2860 1809 2938">
     <span class='ocr_line' id='line_1_100' title="bbox 990 2860 1809 2938; baseline -0.001 -9"><span class='ocrx_word' id='word_1_601' title='bbox 990 2895 1070 2931; x_wconf 86' lang='lat'><strong>735.</strong></span> <span class='ocrx_word' id='word_1_602' title='bbox 1094 2860 1252 2928; x_wconf 70' lang='lat' dir='ltr'><strong>ystrab’o</strong></span> <span class='ocrx_word' id='word_1_603' title='bbox 1285 2895 1320 2927; x_wconf 88' lang='lat'><strong>9.</strong></span> <span class='ocrx_word' id='word_1_604' title='bbox 1364 2903 1399 2938; x_wconf 84' lang='lat' dir='ltr'><strong>p.</strong></span> <span class='ocrx_word' id='word_1_605' title='bbox 1434 2895 1523 2936; x_wconf 86' lang='lat'>671,</span> <span class='ocrx_word' id='word_1_606' title='bbox 1558 2895 1607 2929; x_wconf 85' lang='lat' dir='ltr'><strong>A·</strong></span> <span class='ocrx_word' id='word_1_607' title='bbox 1660 2895 1743 2930; x_wconf 71' lang='lat' dir='ltr'><strong>Ti·</strong></span> <span class='ocrx_word' id='word_1_608' title='bbox 1807 2879 1809 2891; x_wconf 94' lang='lat'>&#39;</span> 
     </span>
    </p>
   </div>
   <div class='ocr_carea' id='block_1_14' title="bbox 937 2938 1744 2996">
    <p class='ocr_par' dir='ltr' id='par_1_19' title="bbox 937 2938 1744 2996">
     <span class='ocr_line' id='line_1_101' title="bbox 937 2938 1744 2996; baseline -0.004 -20"><span class='ocrx_word' id='word_1_609' title='bbox 937 2953 1083 2981; x_wconf 87' lang='grc' dir='ltr'><em>τανος</em></span> <span class='ocrx_word' id='word_1_610' title='bbox 1125 2942 1238 2984; x_wconf 88' lang='lat' dir='ltr'><strong>(mons</strong></span> <span class='ocrx_word' id='word_1_611' title='bbox 1282 2950 1356 2973; x_wconf 87' lang='lat' dir='ltr'><strong>cum</strong></span> <span class='ocrx_word' id='word_1_612' title='bbox 1398 2938 1475 2974; x_wconf 92' lang='lat' dir='ltr'><strong>vico</strong></span> <span class='ocrx_word' id='word_1_613' title='bbox 1521 2940 1744 2996; x_wconf 86' lang='lat' dir='ltr'><strong>cognomini.)</strong></span> 
     </span>
    </p>
   </div>
   <div class='ocr_carea' id='block_1_15' title="bbox 939 2983 1809 3032">
    <p class='ocr_par' dir='ltr' id='par_1_20' title="bbox 939 2983 1809 3032">
     <span class='ocr_line' id='line_1_102' title="bbox 939 2983 1809 3032; baseline -0.006 -7"><span class='ocrx_word' id='word_1_614' title='bbox 939 2987 1013 3025; x_wconf 80' lang='grc' dir='ltr'><em>ἀπὸ</em></span> <span class='ocrx_word' id='word_1_615' title='bbox 1035 2989 1102 3024; x_wconf 87' lang='grc' dir='ltr'><strong>τοῦ</strong></span> <span class='ocrx_word' id='word_1_616' title='bbox 1124 2985 1397 3032; x_wconf 82' lang='grc' dir='ltr'><em>συμβεβηκότος</em></span> <span class='ocrx_word' id='word_1_617' title='bbox 1421 2983 1627 3032; x_wconf 72' lang='grc' dir='ltr'><em>ὠνομάσθη</em></span> <span class='ocrx_word' id='word_1_618' title='bbox 1644 2986 1744 3032; x_wconf 87' lang='lat' dir='ltr'><strong>(quia</strong></span> <span class='ocrx_word' id='word_1_619' title='bbox 1806 3001 1809 3026; x_wconf 63' lang='grc' dir='ltr'><strong><em>ς</em></strong></span> 
     </span>
    </p>
   </div>
   <div class='ocr_carea' id='block_1_16' title="bbox 1322 2801 1811 2847">
    <p class='ocr_par' dir='ltr' id='par_1_21' title="bbox 1322 2801 1811 2847">
     <span class='ocr_line' id='line_1_103' title="bbox 1322 2801 1811 2847; baseline 0.002 -11"><span class='ocrx_word' id='word_1_620' title='bbox 1322 2801 1404 2843; x_wconf 87' lang='grc'><em>671,</em></span> <span class='ocrx_word' id='word_1_621' title='bbox 1431 2803 1471 2835; x_wconf 92' lang='grc' dir='ltr'><strong>Α.</strong></span> <span class='ocrx_word' id='word_1_622' title='bbox 1497 2803 1648 2837; x_wconf 86' lang='lat' dir='ltr'><strong>meminit</strong></span> <span class='ocrx_word' id='word_1_623' title='bbox 1671 2803 1745 2847; x_wconf 85' lang='lat' dir='ltr'><strong>ejus</strong></span> <span class='ocrx_word' id='word_1_624' title='bbox 1808 2822 1811 2837; x_wconf 79' lang='lat'><strong>.</strong></span> 
     </span>
    </p>
   </div>
  </div>
 </body>
</html>
