<?xml version="1.0" encoding="UTF-8"?>
<!DOCTYPE html PUBLIC "-//W3C//DTD XHTML 1.0 Transitional//EN"
    "http://www.w3.org/TR/xhtml1/DTD/xhtml1-transitional.dtd">
<html xmlns="http://www.w3.org/1999/xhtml" xml:lang="en" lang="en">
 <head>
  <title>
</title>
<meta http-equiv="Content-Type" content="text/html;charset=utf-8" />
  <meta name='ocr-system' content='tesseract 3.04.00' />
  <meta name='ocr-capabilities' content='ocr_page ocr_carea ocr_par ocr_line ocrx_word'/>
</head>
<body>
  <div class='ocr_page' id='page_1' title='image "./carmina01home/carmina01home_0160.png"; bbox 0 0 1811 3269; ppageno 0'>
   <div class='ocr_carea' id='block_1_1' title="bbox 94 178 177 218">
    <p class='ocr_par' dir='ltr' id='par_1_1' title="bbox 94 178 177 218">
     <span class='ocr_line' id='line_1_1' title="bbox 94 178 177 218; baseline 0 0"><span class='ocrx_word' id='word_1_1' title='bbox 94 178 177 218; x_wconf 79' lang='lat'>146</span> 
     </span>
    </p>
   </div>
   <div class='ocr_carea' id='block_1_2' title="bbox 723 172 1123 216">
    <p class='ocr_par' dir='ltr' id='par_1_2' title="bbox 723 172 1123 216">
     <span class='ocr_line' id='line_1_2' title="bbox 723 172 1123 216; baseline 0.01 -4"><span class='ocrx_word' id='word_1_2' title='bbox 723 172 1123 216; x_wconf 71' lang='grc' dir='ltr'><em>ΟΜΗΡΟΥ</em></span> 
     </span>
    </p>
   </div>
   <div class='ocr_carea' id='block_1_3' title="bbox 265 281 1571 457">
    <p class='ocr_par' dir='ltr' id='par_1_3' title="bbox 265 281 1571 457">
     <span class='ocr_line' id='line_1_3' title="bbox 265 281 1571 355; baseline 0.004 -30"><span class='ocrx_word' id='word_1_3' title='bbox 265 283 311 326; x_wconf 87' lang='grc' dir='ltr'><strong><em>οἴ</em></strong></span> <span class='ocrx_word' id='word_1_4' title='bbox 336 281 379 325; x_wconf 87' lang='grc' dir='ltr'><strong><em>τ’</em></strong></span> <span class='ocrx_word' id='word_1_5' title='bbox 403 281 556 333; x_wconf 76' lang='grc' dir='ltr'><strong><em>Ἅλον,</em></strong></span> <span class='ocrx_word' id='word_1_6' title='bbox 595 283 642 324; x_wconf 82' lang='grc' dir='ltr'><strong><em>οἴ</em></strong></span> <span class='ocrx_word' id='word_1_7' title='bbox 666 281 708 324; x_wconf 85' lang='grc' dir='ltr'><strong><em>τ’</em></strong></span> <span class='ocrx_word' id='word_1_8' title='bbox 737 281 944 355; x_wconf 82' lang='grc' dir='ltr'><strong><em>Ἀλόπην,</em></strong></span> <span class='ocrx_word' id='word_1_9' title='bbox 986 287 1033 328; x_wconf 79' lang='grc' dir='ltr'><strong><em>οἵ</em></strong></span> <span class='ocrx_word' id='word_1_10' title='bbox 1058 301 1101 328; x_wconf 85' lang='grc' dir='ltr'><strong><em>τε</em></strong></span> <span class='ocrx_word' id='word_1_11' title='bbox 1136 284 1316 341; x_wconf 86' lang='grc' dir='ltr'><strong><em>Τρηχῖν’</em></strong></span> <span class='ocrx_word' id='word_1_12' title='bbox 1347 285 1571 342; x_wconf 78' lang='grc' dir='ltr'><strong><em>ἐνέμοντο,</em></strong></span> 
     </span>
     <span class='ocr_line' id='line_1_4' title="bbox 268 337 1385 409; baseline 0.002 -26"><span class='ocrx_word' id='word_1_13' title='bbox 268 341 316 383; x_wconf 79' lang='grc' dir='ltr'>οῖ’</span> <span class='ocrx_word' id='word_1_14' title='bbox 340 337 381 383; x_wconf 86' lang='grc' dir='ltr'><strong><em>τ’</em></strong></span> <span class='ocrx_word' id='word_1_15' title='bbox 415 338 532 408; x_wconf 80' lang='grc' dir='ltr'><strong><em>εἶχον</em></strong></span> <span class='ocrx_word' id='word_1_16' title='bbox 568 339 714 409; x_wconf 82' lang='grc' dir='ltr'><strong><em>Φθίην</em></strong></span> <span class='ocrx_word' id='word_1_17' title='bbox 744 339 817 395; x_wconf 79' lang='grc' dir='ltr'>ἠδ’</span> <span class='ocrx_word' id='word_1_18' title='bbox 843 340 1028 385; x_wconf 84' lang='grc' dir='ltr'><strong><em>Ἑλλάδα</em></strong></span> <span class='ocrx_word' id='word_1_19' title='bbox 1058 344 1385 397; x_wconf 80' lang='grc' dir='ltr'><strong><em>καλλιγύναικα,</em></strong></span> 
     </span>
     <span class='ocr_line' id='line_1_5' title="bbox 265 394 1521 457; baseline 0.002 -17"><span class='ocrx_word' id='word_1_20' title='bbox 265 395 552 452; x_wconf 78' lang='grc' dir='ltr'><em>Μυρμιδόνες</em></span> <span class='ocrx_word' id='word_1_21' title='bbox 582 394 623 438; x_wconf 78' lang='grc' dir='ltr'>δ’</span> <span class='ocrx_word' id='word_1_22' title='bbox 655 397 887 442; x_wconf 81' lang='grc' dir='ltr'><strong><em>ἐκαλεῦντο</em></strong></span> <span class='ocrx_word' id='word_1_23' title='bbox 918 400 993 443; x_wconf 84' lang='grc' dir='ltr'>καὶ</span> <span class='ocrx_word' id='word_1_24' title='bbox 1010 398 1216 455; x_wconf 79' lang='grc' dir='ltr'><strong><em>Έλληνες</em></strong></span> <span class='ocrx_word' id='word_1_25' title='bbox 1247 401 1318 443; x_wconf 80' lang='grc' dir='ltr'>καὶ</span> <span class='ocrx_word' id='word_1_26' title='bbox 1343 399 1521 457; x_wconf 87' lang='grc' dir='ltr'><strong><em>Ἀχαιοὶ,</em></strong></span> 
     </span>
    </p>
   </div>
   <div class='ocr_carea' id='block_1_4' title="bbox 75 520 902 3065">
    <p class='ocr_par' dir='ltr' id='par_1_4' title="bbox 81 520 902 3065">
     <span class='ocr_line' id='line_1_6' title="bbox 92 520 842 567; baseline 0.003 -12"><span class='ocrx_word' id='word_1_27' title='bbox 92 521 128 555; x_wconf 84' lang='grc'>111</span> <span class='ocrx_word' id='word_1_28' title='bbox 152 532 237 567; x_wconf 84' lang='lat' dir='ltr'>agro</span> <span class='ocrx_word' id='word_1_29' title='bbox 262 531 323 554; x_wconf 89' lang='lat' dir='ltr'>suo</span> <span class='ocrx_word' id='word_1_30' title='bbox 348 520 628 554; x_wconf 82' lang='lat' dir='ltr'>monstrantibus.</span> <span class='ocrx_word' id='word_1_31' title='bbox 653 520 788 564; x_wconf 85' lang='lat' dir='ltr'>(Strab.</span> <span class='ocrx_word' id='word_1_32' title='bbox 808 523 842 557; x_wconf 88' lang='lat'>9.</span> 
     </span>
     <span class='ocr_line' id='line_1_7' title="bbox 93 566 902 612; baseline 0.001 -12"><span class='ocrx_word' id='word_1_33' title='bbox 93 570 187 609; x_wconf 88' lang='grc'><strong>660.</strong></span> <span class='ocrx_word' id='word_1_34' title='bbox 212 579 308 612; x_wconf 89' lang='lat' dir='ltr'>quem</span> <span class='ocrx_word' id='word_1_35' title='bbox 335 567 520 611; x_wconf 73' lang='lat' dir='ltr'><strong>exscripsit</strong></span> <span class='ocrx_word' id='word_1_36' title='bbox 537 566 599 610; x_wconf 90' lang='grc' dir='ltr'>Ε)</span> <span class='ocrx_word' id='word_1_37' title='bbox 625 567 834 612; x_wconf 78' lang='lat' dir='ltr'>pertinuisse</span> <span class='ocrx_word' id='word_1_38' title='bbox 859 569 902 601; x_wconf 82' lang='lat' dir='ltr'>il-</span> 
     </span>
     <span class='ocr_line' id='line_1_8' title="bbox 92 613 901 658; baseline -0.001 -10"><span class='ocrx_word' id='word_1_39' title='bbox 92 614 158 648; x_wconf 87' lang='lat' dir='ltr'>lam</span> <span class='ocrx_word' id='word_1_40' title='bbox 192 625 334 647; x_wconf 81' lang='lat' dir='ltr'>necesse</span> <span class='ocrx_word' id='word_1_41' title='bbox 366 618 420 646; x_wconf 86' lang='lat' dir='ltr'>est</span> <span class='ocrx_word' id='word_1_42' title='bbox 445 613 487 646; x_wconf 90' lang='lat' dir='ltr'>ad</span> <span class='ocrx_word' id='word_1_43' title='bbox 514 614 660 646; x_wconf 84' lang='lat' dir='ltr'>Peneum</span> <span class='ocrx_word' id='word_1_44' title='bbox 688 626 814 658; x_wconf 82' lang='lat' dir='ltr'>usque,</span> <span class='ocrx_word' id='word_1_45' title='bbox 852 615 901 647; x_wconf 89' lang='lat' dir='ltr'>si-</span> 
     </span>
     <span class='ocr_line' id='line_1_9' title="bbox 93 643 902 704; baseline 0.001 -11"><span class='ocrx_word' id='word_1_46' title='bbox 93 660 228 704; x_wconf 86' lang='lat' dir='ltr'>quidem</span> <span class='ocrx_word' id='word_1_47' title='bbox 257 664 368 703; x_wconf 83' lang='lat' dir='ltr'>Argos</span> <span class='ocrx_word' id='word_1_48' title='bbox 400 659 640 703; x_wconf 72' lang='lat' dir='ltr'>Pelasgicum,</span> <span class='ocrx_word' id='word_1_49' title='bbox 671 661 746 693; x_wconf 84' lang='lat' dir='ltr'>sive</span> <span class='ocrx_word' id='word_1_50' title='bbox 784 643 902 694; x_wconf 72' lang='lat' dir='ltr'>nibem</span> 
     </span>
     <span class='ocr_line' id='line_1_10' title="bbox 90 705 901 746; baseline -0.001 -7"><span class='ocrx_word' id='word_1_51' title='bbox 90 707 167 739; x_wconf 88' lang='lat' dir='ltr'>sive</span> <span class='ocrx_word' id='word_1_52' title='bbox 190 711 352 746; x_wconf 87' lang='lat' dir='ltr'>tractum,</span> <span class='ocrx_word' id='word_1_53' title='bbox 377 706 472 739; x_wconf 84' lang='lat' dir='ltr'>circa</span> <span class='ocrx_word' id='word_1_54' title='bbox 491 705 662 739; x_wconf 74' lang='lat' dir='ltr'>Larissam</span> <span class='ocrx_word' id='word_1_55' title='bbox 687 706 789 739; x_wconf 87' lang='lat' dir='ltr'>situm</span> <span class='ocrx_word' id='word_1_56' title='bbox 814 707 901 739; x_wconf 85' lang='lat' dir='ltr'>fuis—</span> 
     </span>
     <span class='ocr_line' id='line_1_11' title="bbox 91 752 901 796; baseline 0.002 -12"><span class='ocrx_word' id='word_1_57' title='bbox 91 763 128 786; x_wconf 97' lang='lat' dir='ltr'>se</span> <span class='ocrx_word' id='word_1_58' title='bbox 153 752 249 795; x_wconf 86' lang='lat' dir='ltr'>ajunt</span> <span class='ocrx_word' id='word_1_59' title='bbox 275 752 410 794; x_wconf 79' lang='lat' dir='ltr'>(Strab.</span> <span class='ocrx_word' id='word_1_60' title='bbox 437 763 471 796; x_wconf 89' lang='lat' dir='ltr'>p.</span> <span class='ocrx_word' id='word_1_61' title='bbox 492 753 570 787; x_wconf 91' lang='lat'>659.</span> <span class='ocrx_word' id='word_1_62' title='bbox 598 753 670 796; x_wconf 90' lang='lat' dir='ltr'>A.).</span> <span class='ocrx_word' id='word_1_63' title='bbox 699 753 901 795; x_wconf 78' lang='lat' dir='ltr'>interjectae</span> 
     </span>
     <span class='ocr_line' id='line_1_12' title="bbox 90 797 899 843; baseline -0.001 -11"><span class='ocrx_word' id='word_1_64' title='bbox 90 803 203 832; x_wconf 89' lang='lat' dir='ltr'>tamen</span> <span class='ocrx_word' id='word_1_65' title='bbox 228 798 270 830; x_wconf 90' lang='lat' dir='ltr'>ab</span> <span class='ocrx_word' id='word_1_66' title='bbox 295 797 426 831; x_wconf 88' lang='lat' dir='ltr'>oriente</span> <span class='ocrx_word' id='word_1_67' title='bbox 459 798 622 831; x_wconf 86' lang='lat' dir='ltr'>finitimae</span> <span class='ocrx_word' id='word_1_68' title='bbox 656 800 753 832; x_wconf 81' lang='lat' dir='ltr'>fuere</span> <span class='ocrx_word' id='word_1_69' title='bbox 789 798 832 843; x_wconf 90' lang='lat' dir='ltr'>dy</span> <span class='ocrx_word' id='word_1_70' title='bbox 838 810 899 832; x_wconf 87' lang='lat' dir='ltr'>na—</span> 
     </span>
     <span class='ocr_line' id='line_1_13' title="bbox 89 843 899 886; baseline 0.002 -10"><span class='ocrx_word' id='word_1_71' title='bbox 89 844 178 878; x_wconf 87' lang='lat' dir='ltr'>stiae</span> <span class='ocrx_word' id='word_1_72' title='bbox 202 843 398 884; x_wconf 78' lang='lat' dir='ltr'><strong>Protesilai,</strong></span> <span class='ocrx_word' id='word_1_73' title='bbox 422 844 566 886; x_wconf 88' lang='lat' dir='ltr'>Eumeli‚</span> <span class='ocrx_word' id='word_1_74' title='bbox 592 844 803 878; x_wconf 81' lang='lat' dir='ltr'>Philoctetis.</span> <span class='ocrx_word' id='word_1_75' title='bbox 848 844 899 878; x_wconf 82' lang='lat' dir='ltr'>lo-</span> 
     </span>
     <span class='ocr_line' id='line_1_14' title="bbox 90 870 900 934; baseline 0.004 -12"><span class='ocrx_word' id='word_1_76' title='bbox 90 901 149 923; x_wconf 90' lang='lat' dir='ltr'>cus</span> <span class='ocrx_word' id='word_1_77' title='bbox 168 890 332 923; x_wconf 78' lang='lat' dir='ltr'>classicus</span> <span class='ocrx_word' id='word_1_78' title='bbox 349 870 591 924; x_wconf 75' lang='lat' dir='ltr'>estStrab011is</span> <span class='ocrx_word' id='word_1_79' title='bbox 609 902 640 934; x_wconf 88' lang='lat' dir='ltr'>p.</span> <span class='ocrx_word' id='word_1_80' title='bbox 657 893 734 926; x_wconf 89' lang='lat'>661.</span> <span class='ocrx_word' id='word_1_81' title='bbox 749 893 811 924; x_wconf 83' lang='lat' dir='ltr'>A.:</span> <span class='ocrx_word' id='word_1_82' title='bbox 831 889 900 934; x_wconf 82' lang='grc' dir='ltr'>τήν</span> 
     </span>
     <span class='ocr_line' id='line_1_15' title="bbox 90 933 897 993; baseline 0.002 -23"><span class='ocrx_word' id='word_1_83' title='bbox 90 934 133 970; x_wconf 77' lang='grc' dir='ltr'>δὲ</span> <span class='ocrx_word' id='word_1_84' title='bbox 159 933 233 970; x_wconf 82' lang='grc' dir='ltr'><strong><em>ὑπὸ</em></strong></span> <span class='ocrx_word' id='word_1_85' title='bbox 259 938 309 980; x_wconf 79' lang='grc' dir='ltr'><strong><em>τῷ</em></strong></span> <span class='ocrx_word' id='word_1_86' title='bbox 344 934 495 980; x_wconf 79' lang='grc' dir='ltr'>Ἀχιλλεῖ</span> <span class='ocrx_word' id='word_1_87' title='bbox 518 936 644 979; x_wconf 85' lang='lat' dir='ltr'>(intell.</span> <span class='ocrx_word' id='word_1_88' title='bbox 672 936 795 993; x_wconf 84' lang='grc' dir='ltr'><strong><em>χώραν</em></strong></span> <span class='ocrx_word' id='word_1_89' title='bbox 833 950 897 972; x_wconf 85' lang='grc' dir='ltr'>νο-</span> 
     </span>
     <span class='ocr_line' id='line_1_16' title="bbox 84 981 899 1027; baseline 0.003 -11"><span class='ocrx_word' id='word_1_90' title='bbox 84 984 258 1026; x_wconf 79' lang='grc' dir='ltr'><strong><em>μίζουσιν</em></strong></span> <span class='ocrx_word' id='word_1_91' title='bbox 281 981 395 1026; x_wconf 73' lang='grc' dir='ltr'><strong><em>εἶναι)</em></strong></span> <span class='ocrx_word' id='word_1_92' title='bbox 419 984 485 1027; x_wconf 80' lang='grc' dir='ltr'>τῆς</span> <span class='ocrx_word' id='word_1_93' title='bbox 508 984 664 1023; x_wconf 78' lang='grc' dir='ltr'><strong><em>Φθίας</em></strong></span> <span class='ocrx_word' id='word_1_94' title='bbox 689 981 762 1018; x_wconf 87' lang='grc' dir='ltr'><strong><em>άπὸ</em></strong></span> <span class='ocrx_word' id='word_1_95' title='bbox 782 986 899 1021; x_wconf 86' lang='grc' dir='ltr'><strong><em>Δολο-</em></strong></span> 
     </span>
     <span class='ocr_line' id='line_1_17' title="bbox 90 1028 898 1083; baseline 0.001 -20"><span class='ocrx_word' id='word_1_96' title='bbox 90 1031 179 1069; x_wconf 82' lang='grc' dir='ltr'><strong><em>πίας</em></strong></span> <span class='ocrx_word' id='word_1_97' title='bbox 196 1028 257 1064; x_wconf 83' lang='grc' dir='ltr'>καὶ</span> <span class='ocrx_word' id='word_1_98' title='bbox 278 1029 346 1064; x_wconf 74' lang='grc' dir='ltr'>τοῦ</span> <span class='ocrx_word' id='word_1_99' title='bbox 366 1031 500 1064; x_wconf 82' lang='grc' dir='ltr'><strong><em>πεδίου</em></strong></span> <span class='ocrx_word' id='word_1_100' title='bbox 528 1028 632 1073; x_wconf 80' lang='grc' dir='ltr'><strong><em>μέχρι</em></strong></span> <span class='ocrx_word' id='word_1_101' title='bbox 644 1043 724 1083; x_wconf 79' lang='grc' dir='ltr'>της</span> <span class='ocrx_word' id='word_1_102' title='bbox 745 1033 898 1075; x_wconf 57' lang='lat' dir='ltr'>llffayvn-</span> 
     </span>
     <span class='ocr_line' id='line_1_18' title="bbox 87 1074 898 1133; baseline 0.002 -23"><span class='ocrx_word' id='word_1_103' title='bbox 87 1077 190 1120; x_wconf 82' lang='grc' dir='ltr'><strong><em>τικῆς</em></strong></span> <span class='ocrx_word' id='word_1_104' title='bbox 199 1074 410 1132; x_wconf 79' lang='grc' dir='ltr'><strong><em>θαλάττης,</em></strong></span> <span class='ocrx_word' id='word_1_105' title='bbox 423 1075 537 1131; x_wconf 73' lang='grc' dir='ltr'><strong><em>μέχρι</em></strong></span> <span class='ocrx_word' id='word_1_106' title='bbox 557 1087 594 1110; x_wconf 83' lang='grc' dir='ltr'><strong><em>τε</em></strong></span> <span class='ocrx_word' id='word_1_107' title='bbox 613 1076 686 1133; x_wconf 80' lang='grc' dir='ltr'>τῆς</span> <span class='ocrx_word' id='word_1_108' title='bbox 698 1076 772 1112; x_wconf 83' lang='grc' dir='ltr'><strong><em>ὑπὸ</em></strong></span> <span class='ocrx_word' id='word_1_109' title='bbox 789 1080 898 1120; x_wconf 88' lang='grc' dir='ltr'><strong><em>Πρω-</em></strong></span> 
     </span>
     <span class='ocr_line' id='line_1_19' title="bbox 87 1119 898 1168; baseline 0.002 -11"><span class='ocrx_word' id='word_1_110' title='bbox 87 1120 241 1166; x_wconf 76' lang='grc' dir='ltr'><strong><em>τεσιλάῳ</em></strong></span> <span class='ocrx_word' id='word_1_111' title='bbox 267 1123 405 1161; x_wconf 73' lang='grc' dir='ltr'><strong><em>πόλεως</em></strong></span> <span class='ocrx_word' id='word_1_112' title='bbox 423 1119 571 1165; x_wconf 79' lang='grc' dir='ltr'><strong><em>Αντρωι</em></strong></span> <span class='ocrx_word' id='word_1_113' title='bbox 577 1135 636 1164; x_wconf 91' lang='grc' dir='ltr'><strong><em>ος,</em></strong></span> <span class='ocrx_word' id='word_1_114' title='bbox 665 1138 684 1167; x_wconf 87' lang='grc' dir='ltr'><strong><em>η</em></strong></span> <span class='ocrx_word' id='word_1_115' title='bbox 710 1126 779 1158; x_wconf 78' lang='grc' dir='ltr'>νῦν</span> <span class='ocrx_word' id='word_1_116' title='bbox 806 1127 898 1168; x_wconf 86' lang='grc' dir='ltr'><strong><em>πλη-</em></strong></span> 
     </span>
     <span class='ocr_line' id='line_1_20' title="bbox 87 1168 898 1224; baseline 0 -20"><span class='ocrx_word' id='word_1_117' title='bbox 87 1169 276 1209; x_wconf 56' lang='lat' dir='ltr'>&amp;vva-4033</span> <span class='ocrx_word' id='word_1_118' title='bbox 304 1168 452 1212; x_wconf 77' lang='grc' dir='ltr'><strong><em>λέγεται.</em></strong></span> <span class='ocrx_word' id='word_1_119' title='bbox 485 1169 553 1212; x_wconf 81' lang='lat' dir='ltr'>(ita</span> <span class='ocrx_word' id='word_1_120' title='bbox 578 1169 661 1202; x_wconf 87' lang='lat' dir='ltr'>haec</span> <span class='ocrx_word' id='word_1_121' title='bbox 685 1170 898 1224; x_wconf 88' lang='lat' dir='ltr'>scribenda)</span> 
     </span>
     <span class='ocr_line' id='line_1_21' title="bbox 88 1214 897 1260; baseline 0.002 -12"><span class='ocrx_word' id='word_1_122' title='bbox 88 1214 157 1248; x_wconf 86' lang='lat' dir='ltr'>fuit</span> <span class='ocrx_word' id='word_1_123' title='bbox 189 1214 295 1259; x_wconf 82' lang='lat' dir='ltr'>igitur</span> <span class='ocrx_word' id='word_1_124' title='bbox 331 1216 529 1259; x_wconf 88' lang='lat' dir='ltr'>Spercheus</span> <span class='ocrx_word' id='word_1_125' title='bbox 561 1226 697 1260; x_wconf 86' lang='lat' dir='ltr'>quoque</span> <span class='ocrx_word' id='word_1_126' title='bbox 730 1217 766 1249; x_wconf 85' lang='lat' dir='ltr'>fl.</span> <span class='ocrx_word' id='word_1_127' title='bbox 793 1217 827 1250; x_wconf 90' lang='lat' dir='ltr'>in</span> <span class='ocrx_word' id='word_1_128' title='bbox 851 1220 897 1251; x_wconf 85' lang='lat' dir='ltr'>A·-</span> 
     </span>
     <span class='ocr_line' id='line_1_22' title="bbox 87 1260 897 1302; baseline 0.002 -8"><span class='ocrx_word' id='word_1_129' title='bbox 87 1260 199 1294; x_wconf 88' lang='lat' dir='ltr'>chillis</span> <span class='ocrx_word' id='word_1_130' title='bbox 223 1261 374 1302; x_wconf 84' lang='lat' dir='ltr'>ditione,</span> <span class='ocrx_word' id='word_1_131' title='bbox 396 1261 451 1294; x_wconf 88' lang='lat' dir='ltr'>cui</span> <span class='ocrx_word' id='word_1_132' title='bbox 476 1272 602 1294; x_wconf 89' lang='lat' dir='ltr'>comam</span> <span class='ocrx_word' id='word_1_133' title='bbox 629 1262 687 1296; x_wconf 89' lang='lat' dir='ltr'>ille</span> <span class='ocrx_word' id='word_1_134' title='bbox 714 1263 897 1296; x_wconf 81' lang='lat' dir='ltr'>dedicave-</span> 
     </span>
     <span class='ocr_line' id='line_1_23' title="bbox 86 1304 877 1352; baseline 0.003 -12"><span class='ocrx_word' id='word_1_135' title='bbox 86 1313 153 1340; x_wconf 86' lang='lat' dir='ltr'>rat.</span> <span class='ocrx_word' id='word_1_136' title='bbox 187 1304 256 1350; x_wconf 83' lang='grc' dir='ltr'>(ψ’,</span> <span class='ocrx_word' id='word_1_137' title='bbox 285 1309 360 1341; x_wconf 72' lang='grc'>142.</span> <span class='ocrx_word' id='word_1_138' title='bbox 395 1312 431 1340; x_wconf 90' lang='lat' dir='ltr'>et</span> <span class='ocrx_word' id='word_1_139' title='bbox 454 1308 570 1340; x_wconf 88' lang='lat' dir='ltr'>Strab.</span> <span class='ocrx_word' id='word_1_140' title='bbox 607 1320 640 1352; x_wconf 94' lang='lat' dir='ltr'>p.</span> <span class='ocrx_word' id='word_1_141' title='bbox 669 1310 747 1344; x_wconf 75' lang='lat'>662.</span> <span class='ocrx_word' id='word_1_142' title='bbox 773 1312 812 1342; x_wconf 86' lang='lat' dir='ltr'>A.</span> <span class='ocrx_word' id='word_1_143' title='bbox 838 1310 877 1342; x_wconf 89' lang='grc' dir='ltr'>Β.</span> 
     </span>
     <span class='ocr_line' id='line_1_24' title="bbox 86 1352 887 1396; baseline 0.004 -10"><span class='ocrx_word' id='word_1_144' title='bbox 86 1353 144 1386; x_wconf 87' lang='lat' dir='ltr'>ubi</span> <span class='ocrx_word' id='word_1_145' title='bbox 166 1353 270 1386; x_wconf 86' lang='lat' dir='ltr'>etiam</span> <span class='ocrx_word' id='word_1_146' title='bbox 298 1354 402 1386; x_wconf 85' lang='lat' dir='ltr'>urbes</span> <span class='ocrx_word' id='word_1_147' title='bbox 431 1352 462 1386; x_wconf 92' lang='lat' dir='ltr'>ei</span> <span class='ocrx_word' id='word_1_148' title='bbox 484 1354 660 1396; x_wconf 86' lang='lat' dir='ltr'>subjectae</span> <span class='ocrx_word' id='word_1_149' title='bbox 684 1367 887 1389; x_wconf 84' lang='lat' dir='ltr'>enumeran-</span> 
     </span>
     <span class='ocr_line' id='line_1_25' title="bbox 87 1399 896 1435; baseline 0.002 -2"><span class='ocrx_word' id='word_1_150' title='bbox 87 1404 153 1433; x_wconf 81' lang='lat' dir='ltr'>tur.</span> <span class='ocrx_word' id='word_1_151' title='bbox 201 1399 399 1432; x_wconf 84' lang='lat' dir='ltr'>insederant</span> <span class='ocrx_word' id='word_1_152' title='bbox 431 1405 542 1432; x_wconf 90' lang='lat' dir='ltr'>autem</span> <span class='ocrx_word' id='word_1_153' title='bbox 577 1399 794 1434; x_wconf 79' lang='lat' dir='ltr'>Thessaliam</span> <span class='ocrx_word' id='word_1_154' title='bbox 829 1402 896 1435; x_wconf 87' lang='lat' dir='ltr'>Pe-</span> 
     </span>
     <span class='ocr_line' id='line_1_26' title="bbox 87 1444 895 1491; baseline 0.004 -13"><span class='ocrx_word' id='word_1_155' title='bbox 87 1444 196 1488; x_wconf 82' lang='lat' dir='ltr'>lasgi,</span> <span class='ocrx_word' id='word_1_156' title='bbox 231 1452 265 1478; x_wconf 89' lang='lat' dir='ltr'>et</span> <span class='ocrx_word' id='word_1_157' title='bbox 288 1446 338 1478; x_wconf 89' lang='lat' dir='ltr'>ibi</span> <span class='ocrx_word' id='word_1_158' title='bbox 364 1456 517 1478; x_wconf 82' lang='lat' dir='ltr'>mansere</span> <span class='ocrx_word' id='word_1_159' title='bbox 547 1445 649 1480; x_wconf 88' lang='lat' dir='ltr'>etiam</span> <span class='ocrx_word' id='word_1_160' title='bbox 675 1454 753 1491; x_wconf 91' lang='lat' dir='ltr'>post</span> <span class='ocrx_word' id='word_1_161' title='bbox 776 1454 895 1481; x_wconf 87' lang='lat' dir='ltr'>auctas</span> 
     </span>
     <span class='ocr_line' id='line_1_27' title="bbox 86 1491 895 1538; baseline 0.004 -14"><span class='ocrx_word' id='word_1_162' title='bbox 86 1491 266 1525; x_wconf 88' lang='lat' dir='ltr'>Hellenum</span> <span class='ocrx_word' id='word_1_163' title='bbox 300 1502 403 1535; x_wconf 88' lang='lat' dir='ltr'>opes,</span> <span class='ocrx_word' id='word_1_164' title='bbox 446 1503 519 1524; x_wconf 91' lang='lat' dir='ltr'>cum</span> <span class='ocrx_word' id='word_1_165' title='bbox 563 1493 748 1527; x_wconf 90' lang='lat' dir='ltr'>Aeolenses</span> <span class='ocrx_word' id='word_1_166' title='bbox 788 1501 895 1538; x_wconf 87' lang='lat' dir='ltr'>atque</span> 
     </span>
     <span class='ocr_line' id='line_1_28' title="bbox 87 1537 893 1593; baseline 0.001 -22"><span class='ocrx_word' id='word_1_167' title='bbox 87 1537 216 1571; x_wconf 87' lang='lat' dir='ltr'>Achaei</span> <span class='ocrx_word' id='word_1_168' title='bbox 236 1548 389 1581; x_wconf 78' lang='lat' dir='ltr'>magnam</span> <span class='ocrx_word' id='word_1_169' title='bbox 408 1537 485 1593; x_wconf 86' lang='lat' dir='ltr'>ejus</span> <span class='ocrx_word' id='word_1_170' title='bbox 506 1544 635 1581; x_wconf 87' lang='lat' dir='ltr'>partem</span> <span class='ocrx_word' id='word_1_171' title='bbox 656 1544 893 1584; x_wconf 86' lang='lat' dir='ltr'>occupassent.</span> 
     </span>
     <span class='ocr_line' id='line_1_29' title="bbox 87 1580 892 1637; baseline 0.003 -19"><span class='ocrx_word' id='word_1_172' title='bbox 87 1581 407 1626; x_wconf 64' lang='lat' dir='ltr'>Heaaoytndv&#39;</span> <span class='ocrx_word' id='word_1_173' title='bbox 408 1580 558 1637; x_wconf 87' lang='grc' dir='ltr'><strong><em>Ἀργος</em></strong></span> <span class='ocrx_word' id='word_1_174' title='bbox 575 1586 723 1618; x_wconf 77' lang='lat' dir='ltr'>Achaico</span> <span class='ocrx_word' id='word_1_175' title='bbox 743 1585 799 1628; x_wconf 88' lang='grc' dir='ltr'>(ι’,</span> <span class='ocrx_word' id='word_1_176' title='bbox 816 1584 892 1627; x_wconf 84' lang='grc'>141,</span> 
     </span>
     <span class='ocr_line' id='line_1_30' title="bbox 87 1627 892 1675; baseline 0 -11"><span class='ocrx_word' id='word_1_177' title='bbox 87 1628 132 1671; x_wconf 83' lang='grc' dir='ltr'><strong><em>τ’,</em></strong></span> <span class='ocrx_word' id='word_1_178' title='bbox 154 1631 233 1670; x_wconf 81' lang='grc'>115,</span> <span class='ocrx_word' id='word_1_179' title='bbox 255 1627 779 1682; x_wconf 69' lang='lat' dir='ltr'>odyss.y&#39;‚251)opponitur.</span> <span class='ocrx_word' id='word_1_180' title='bbox 813 1632 892 1665; x_wconf 81' lang='lat' dir='ltr'>fue-</span> 
     </span>
     <span class='ocr_line' id='line_1_31' title="bbox 89 1675 892 1721; baseline 0.002 -11"><span class='ocrx_word' id='word_1_181' title='bbox 89 1687 126 1710; x_wconf 90' lang='lat' dir='ltr'>re</span> <span class='ocrx_word' id='word_1_182' title='bbox 162 1675 219 1720; x_wconf 85' lang='lat' dir='ltr'>qui</span> <span class='ocrx_word' id='word_1_183' title='bbox 251 1675 383 1708; x_wconf 90' lang='lat' dir='ltr'>nomine</span> <span class='ocrx_word' id='word_1_184' title='bbox 416 1678 645 1720; x_wconf 79' lang='grc' dir='ltr'><strong><em>Πελασγικοῦ</em></strong></span> <span class='ocrx_word' id='word_1_185' title='bbox 665 1675 750 1720; x_wconf 55' lang='lat' dir='ltr'><em>&#39;‘Agr-⁷</em></span> <span class='ocrx_word' id='word_1_186' title='bbox 732 1690 817 1721; x_wconf 63' lang='lat' dir='ltr'>fovg</span> <span class='ocrx_word' id='word_1_187' title='bbox 849 1690 892 1711; x_wconf 89' lang='lat' dir='ltr'>o-</span> 
     </span>
     <span class='ocr_line' id='line_1_32' title="bbox 86 1722 893 1766; baseline 0.003 -11"><span class='ocrx_word' id='word_1_188' title='bbox 86 1733 194 1756; x_wconf 91' lang='lat' dir='ltr'>mnem</span> <span class='ocrx_word' id='word_1_189' title='bbox 212 1722 428 1755; x_wconf 71' lang='lat' dir='ltr'>Thessaliam</span> <span class='ocrx_word' id='word_1_190' title='bbox 449 1722 624 1766; x_wconf 85' lang='lat' dir='ltr'>designari</span> <span class='ocrx_word' id='word_1_191' title='bbox 648 1724 893 1765; x_wconf 81' lang='lat' dir='ltr'>existimarent,</span> 
     </span>
     <span class='ocr_line' id='line_1_33' title="bbox 86 1768 821 1812; baseline 0.003 -11"><span class='ocrx_word' id='word_1_192' title='bbox 86 1769 180 1802; x_wconf 89' lang='lat' dir='ltr'>sicut</span> <span class='ocrx_word' id='word_1_193' title='bbox 203 1768 342 1801; x_wconf 81' lang='lat' dir='ltr'>Achaici</span> <span class='ocrx_word' id='word_1_194' title='bbox 370 1769 664 1812; x_wconf 82' lang='lat' dir='ltr'>Peloponnesum.</span> <span class='ocrx_word' id='word_1_195' title='bbox 655 1772 678 1788; x_wconf 84' lang='lat'>“</span> <span class='ocrx_word' id='word_1_196' title='bbox 704 1771 758 1803; x_wconf 81' lang='lat' dir='ltr'>Ex</span> <span class='ocrx_word' id='word_1_197' title='bbox 777 1771 821 1803; x_wconf 90' lang='lat' dir='ltr'>H.</span> 
     </span>
     <span class='ocr_line' id='line_1_34' title="bbox 128 1811 892 1874; baseline 0.001 -26"><span class='ocrx_word' id='word_1_198' title='bbox 128 1814 208 1848; x_wconf 77' lang='lat'>682.</span> <span class='ocrx_word' id='word_1_199' title='bbox 246 1811 385 1848; x_wconf 65' lang='grc' dir='ltr'><strong><em>Ἅλον.</em></strong></span> <span class='ocrx_word' id='word_1_200' title='bbox 411 1814 638 1849; x_wconf 87' lang='lat' dir='ltr'>Phthioticam</span> <span class='ocrx_word' id='word_1_201' title='bbox 658 1816 702 1849; x_wconf 85' lang='lat' dir='ltr'>ad</span> <span class='ocrx_word' id='word_1_202' title='bbox 721 1817 892 1874; x_wconf 84' lang='lat' dir='ltr'>Amphry—</span> 
     </span>
     <span class='ocr_line' id='line_1_35' title="bbox 84 1859 894 1907; baseline 0.006 -15"><span class='ocrx_word' id='word_1_203' title='bbox 84 1870 155 1892; x_wconf 92' lang='lat' dir='ltr'>sum</span> <span class='ocrx_word' id='word_1_204' title='bbox 181 1859 315 1902; x_wconf 86' lang='lat' dir='ltr'>(Strab.</span> <span class='ocrx_word' id='word_1_205' title='bbox 341 1872 374 1905; x_wconf 89' lang='lat' dir='ltr'>p.</span> <span class='ocrx_word' id='word_1_206' title='bbox 396 1862 475 1903; x_wconf 87' lang='lat'>661,</span> <span class='ocrx_word' id='word_1_207' title='bbox 500 1861 541 1900; x_wconf 90' lang='lat' dir='ltr'>B,</span> <span class='ocrx_word' id='word_1_208' title='bbox 569 1862 613 1903; x_wconf 87' lang='lat' dir='ltr'>E,</span> <span class='ocrx_word' id='word_1_209' title='bbox 639 1863 704 1906; x_wconf 85' lang='grc' dir='ltr'>τῆς</span> <span class='ocrx_word' id='word_1_210' title='bbox 733 1861 894 1907; x_wconf 85' lang='grc' dir='ltr'><em>Ἀχαιίης</em></span> 
     </span>
     <span class='ocr_line' id='line_1_36' title="bbox 75 1902 892 1953; baseline 0.002 -13.022"><span class='ocrx_word' id='word_1_211' title='bbox 75 1902 178 1940; x_wconf 77' lang='grc' dir='ltr'><strong><em>’Ἅλον</em></strong></span> <span class='ocrx_word' id='word_1_212' title='bbox 203 1917 258 1953; x_wconf 87' lang='lat' dir='ltr'>ap.</span> <span class='ocrx_word' id='word_1_213' title='bbox 283 1905 414 1939; x_wconf 89' lang='lat' dir='ltr'>Herod.</span> <span class='ocrx_word' id='word_1_214' title='bbox 439 1908 472 1947; x_wconf 87' lang='lat'>7,</span> <span class='ocrx_word' id='word_1_215' title='bbox 501 1907 621 1951; x_wconf 86' lang='lat'>173.),</span> <span class='ocrx_word' id='word_1_216' title='bbox 646 1920 711 1942; x_wconf 90' lang='lat' dir='ltr'>non</span> <span class='ocrx_word' id='word_1_217' title='bbox 738 1909 892 1942; x_wconf 91' lang='lat' dir='ltr'>Locren-</span> 
     </span>
     <span class='ocr_line' id='line_1_37' title="bbox 83 1948 891 1996; baseline 0.002 -11"><span class='ocrx_word' id='word_1_218' title='bbox 83 1952 167 1985; x_wconf 89' lang='lat' dir='ltr'>sium</span> <span class='ocrx_word' id='word_1_219' title='bbox 192 1953 307 1985; x_wconf 88' lang='lat' dir='ltr'>urbem</span> <span class='ocrx_word' id='word_1_220' title='bbox 320 1948 439 1992; x_wconf 78' lang='grc' dir='ltr'><strong><em>Ἅλον,</em></strong></span> <span class='ocrx_word' id='word_1_221' title='bbox 464 1963 563 1996; x_wconf 89' lang='lat' dir='ltr'>quam</span> <span class='ocrx_word' id='word_1_222' title='bbox 588 1954 766 1988; x_wconf 89' lang='lat' dir='ltr'>nonnullos</span> <span class='ocrx_word' id='word_1_223' title='bbox 788 1955 891 1988; x_wconf 85' lang='lat' dir='ltr'>intel-</span> 
     </span>
     <span class='ocr_line' id='line_1_38' title="bbox 83 1998 891 2045; baseline 0.006 -14"><span class='ocrx_word' id='word_1_224' title='bbox 83 1998 209 2031; x_wconf 86' lang='lat' dir='ltr'>lexisse</span> <span class='ocrx_word' id='word_1_225' title='bbox 253 2004 373 2032; x_wconf 89' lang='lat' dir='ltr'>narrat</span> <span class='ocrx_word' id='word_1_226' title='bbox 411 1998 538 2032; x_wconf 86' lang='lat' dir='ltr'>Strabo</span> <span class='ocrx_word' id='word_1_227' title='bbox 573 2001 616 2043; x_wconf 87' lang='lat'>9,</span> <span class='ocrx_word' id='word_1_228' title='bbox 650 2002 683 2035; x_wconf 89' lang='lat'>5.</span> <span class='ocrx_word' id='word_1_229' title='bbox 722 2012 756 2045; x_wconf 89' lang='lat' dir='ltr'>p.</span> <span class='ocrx_word' id='word_1_230' title='bbox 791 2002 890 2036; x_wconf 85' lang='lat'>653.-</span> <span class='ocrx_word' id='word_1_231' title='bbox 880 2025 891 2042; x_wconf 87' lang='lat'>‚</span> 
     </span>
     <span class='ocr_line' id='line_1_39' title="bbox 83 2044 890 2101; baseline 0.005 -24"><span class='ocrx_word' id='word_1_232' title='bbox 83 2044 362 2100; x_wconf 80' lang='lat' dir='ltr'>quemadmodum</span> <span class='ocrx_word' id='word_1_233' title='bbox 405 2050 440 2077; x_wconf 85' lang='lat' dir='ltr'>et</span> <span class='ocrx_word' id='word_1_234' title='bbox 471 2045 603 2101; x_wconf 90' lang='lat' dir='ltr'>Alopen</span> <span class='ocrx_word' id='word_1_235' title='bbox 635 2047 783 2090; x_wconf 88' lang='lat' dir='ltr'>ejusdem</span> <span class='ocrx_word' id='word_1_236' title='bbox 818 2052 890 2080; x_wconf 88' lang='lat' dir='ltr'>tra-</span> 
     </span>
     <span class='ocr_line' id='line_1_40' title="bbox 83 2089 889 2144; baseline 0.005 -21"><span class='ocrx_word' id='word_1_237' title='bbox 83 2097 182 2124; x_wconf 85' lang='lat' dir='ltr'>ctus:</span> <span class='ocrx_word' id='word_1_238' title='bbox 207 2089 311 2144; x_wconf 82' lang='grc' dir='ltr'><strong><em>μέχρι</em></strong></span> <span class='ocrx_word' id='word_1_239' title='bbox 337 2091 447 2134; x_wconf 80' lang='grc' dir='ltr'><strong><em>δεῦρο</em></strong></span> <span class='ocrx_word' id='word_1_240' title='bbox 475 2089 762 2136; x_wconf 77' lang='grc' dir='ltr'><strong><em>ἐπικρατοῦντος</em></strong></span> <span class='ocrx_word' id='word_1_241' title='bbox 782 2092 889 2138; x_wconf 78' lang='grc' dir='ltr'><strong><em>Ἀχιλ-</em></strong></span> 
     </span>
     <span class='ocr_line' id='line_1_41' title="bbox 84 2135 889 2195; baseline 0.005 -25"><span class='ocrx_word' id='word_1_242' title='bbox 84 2135 196 2177; x_wconf 83' lang='grc' dir='ltr'><strong><em>λέως,</em></strong></span> <span class='ocrx_word' id='word_1_243' title='bbox 233 2135 353 2181; x_wconf 83' lang='grc' dir='ltr'><strong><em>ω’σπερ</em></strong></span> <span class='ocrx_word' id='word_1_244' title='bbox 381 2138 444 2171; x_wconf 82' lang='grc' dir='ltr'>καὶ</span> <span class='ocrx_word' id='word_1_245' title='bbox 478 2137 582 2182; x_wconf 76' lang='grc' dir='ltr'><strong><em>μέχρι</em></strong></span> <span class='ocrx_word' id='word_1_246' title='bbox 618 2141 798 2195; x_wconf 79' lang='grc' dir='ltr'>Τραχῖνος</span> <span class='ocrx_word' id='word_1_247' title='bbox 826 2139 889 2174; x_wconf 84' lang='grc' dir='ltr'>καὶ</span> 
     </span>
     <span class='ocr_line' id='line_1_42' title="bbox 84 2182 884 2242; baseline 0.004 -25"><span class='ocrx_word' id='word_1_248' title='bbox 84 2185 150 2227; x_wconf 77' lang='grc' dir='ltr'>τῆς</span> <span class='ocrx_word' id='word_1_249' title='bbox 172 2184 338 2242; x_wconf 35' lang='lat' dir='ltr'>Olzat&#39;aug.</span> <span class='ocrx_word' id='word_1_250' title='bbox 370 2182 446 2218; x_wconf 77' lang='grc' dir='ltr'><strong><em>ἔστι</em></strong></span> <span class='ocrx_word' id='word_1_251' title='bbox 465 2183 536 2228; x_wconf 73' lang='grc' dir='ltr'><strong><em>γάρ</em></strong></span> <span class='ocrx_word' id='word_1_252' title='bbox 562 2186 622 2220; x_wconf 76' lang='grc' dir='ltr'>καὶ</span> <span class='ocrx_word' id='word_1_253' title='bbox 633 2182 734 2227; x_wconf 79' lang='grc' dir='ltr'><strong><em>Ἀλος</em></strong></span> <span class='ocrx_word' id='word_1_254' title='bbox 752 2186 814 2221; x_wconf 80' lang='grc' dir='ltr'>καὶ</span> <span class='ocrx_word' id='word_1_255' title='bbox 831 2183 884 2220; x_wconf 86' lang='lat' dir='ltr'>‘A-</span> 
     </span>
     <span class='ocr_line' id='line_1_43' title="bbox 82 2227 890 2289; baseline 0.004 -25"><span class='ocrx_word' id='word_1_256' title='bbox 82 2227 187 2270; x_wconf 80' lang='grc' dir='ltr'><strong><em>λιοῦς</em></strong></span> <span class='ocrx_word' id='word_1_257' title='bbox 207 2229 245 2265; x_wconf 81' lang='grc' dir='ltr'><strong><em>ἐν</em></strong></span> <span class='ocrx_word' id='word_1_258' title='bbox 273 2231 320 2289; x_wconf 81' lang='grc' dir='ltr'><strong><em>τῇ</em></strong></span> <span class='ocrx_word' id='word_1_259' title='bbox 343 2232 520 2287; x_wconf 77' lang='grc' dir='ltr'><strong><em>παραλίᾳ</em></strong></span> <span class='ocrx_word' id='word_1_260' title='bbox 527 2232 601 2265; x_wconf 83' lang='grc' dir='ltr'>τῶν</span> <span class='ocrx_word' id='word_1_261' title='bbox 621 2234 798 2287; x_wconf 77' lang='grc' dir='ltr'><strong><em>Λοκρῶν,</em></strong></span> <span class='ocrx_word' id='word_1_262' title='bbox 824 2245 890 2267; x_wconf 87' lang='grc' dir='ltr'>κα-</span> 
     </span>
     <span class='ocr_line' id='line_1_44' title="bbox 81 2274 889 2321; baseline 0.005 -11"><span class='ocrx_word' id='word_1_263' title='bbox 81 2275 206 2319; x_wconf 77' lang='grc' dir='ltr'><strong><em>θάπερ</em></strong></span> <span class='ocrx_word' id='word_1_264' title='bbox 231 2276 294 2311; x_wconf 83' lang='grc' dir='ltr'>καὶ</span> <span class='ocrx_word' id='word_1_265' title='bbox 311 2274 450 2321; x_wconf 83' lang='grc' dir='ltr'><strong><em>Ἀλόπη.</em></strong></span> <span class='ocrx_word' id='word_1_266' title='bbox 487 2276 523 2313; x_wconf 76' lang='grc' dir='ltr'><strong><em>οἱ</em></strong></span> <span class='ocrx_word' id='word_1_267' title='bbox 553 2277 592 2313; x_wconf 77' lang='grc' dir='ltr'>δὲ</span> <span class='ocrx_word' id='word_1_268' title='bbox 621 2276 685 2314; x_wconf 77' lang='grc' dir='ltr'>τὸν</span> <span class='ocrx_word' id='word_1_269' title='bbox 698 2279 889 2314; x_wconf 85' lang='grc' dir='ltr'><strong><em>Αλιοῦντα</em></strong></span> 
     </span>
     <span class='ocr_line' id='line_1_45' title="bbox 85 2321 889 2383; baseline 0.004 -26"><span class='ocrx_word' id='word_1_270' title='bbox 85 2321 167 2357; x_wconf 79' lang='grc' dir='ltr'><strong><em>ἀντὶ</em></strong></span> <span class='ocrx_word' id='word_1_271' title='bbox 194 2322 344 2382; x_wconf 79' lang='grc' dir='ltr'><strong><em>Ἀλόπην</em></strong></span> <span class='ocrx_word' id='word_1_272' title='bbox 375 2322 539 2365; x_wconf 79' lang='grc' dir='ltr'><strong><em>τιθέασι,</em></strong></span> <span class='ocrx_word' id='word_1_273' title='bbox 583 2327 644 2360; x_wconf 84' lang='grc' dir='ltr'>καὶ</span> <span class='ocrx_word' id='word_1_274' title='bbox 681 2324 889 2383; x_wconf 76' lang='grc' dir='ltr'><strong><em>γράφουσιν</em></strong></span> 
     </span>
     <span class='ocr_line' id='line_1_46' title="bbox 83 2365 889 2412; baseline 0.002 -8"><span class='ocrx_word' id='word_1_275' title='bbox 83 2365 222 2408; x_wconf 73' lang='grc' dir='ltr'><strong><em>οὕτως·</em></strong></span> <span class='ocrx_word' id='word_1_276' title='bbox 263 2369 313 2404; x_wconf 79' lang='grc' dir='ltr'>οι’</span> <span class='ocrx_word' id='word_1_277' title='bbox 339 2368 387 2403; x_wconf 79' lang='grc' dir='ltr'>θ’</span> <span class='ocrx_word' id='word_1_278' title='bbox 413 2367 566 2412; x_wconf 66' lang='grc' dir='ltr'><strong><em>Ἅλον,</em></strong></span> <span class='ocrx_word' id='word_1_279' title='bbox 616 2372 666 2407; x_wconf 82' lang='grc' dir='ltr'><strong><em>οῖ’</em></strong></span> <span class='ocrx_word' id='word_1_280' title='bbox 698 2371 742 2408; x_wconf 78' lang='grc' dir='ltr'>θ’</span> <span class='ocrx_word' id='word_1_281' title='bbox 772 2369 889 2406; x_wconf 88' lang='grc' dir='ltr'><strong><em>Αλι-</em></strong></span> 
     </span>
     <span class='ocr_line' id='line_1_47' title="bbox 85 2412 889 2474; baseline 0.004 -24"><span class='ocrx_word' id='word_1_282' title='bbox 85 2412 239 2470; x_wconf 61' lang='lat' dir='ltr'>oivo’,</span> <span class='ocrx_word' id='word_1_283' title='bbox 274 2415 324 2450; x_wconf 86' lang='grc' dir='ltr'>σι’</span> <span class='ocrx_word' id='word_1_284' title='bbox 343 2428 390 2451; x_wconf 80' lang='grc' dir='ltr'><strong><em>τε</em></strong></span> <span class='ocrx_word' id='word_1_285' title='bbox 419 2417 618 2474; x_wconf 80' lang='grc' dir='ltr'><strong><em>Τρηχῖν’</em></strong></span> <span class='ocrx_word' id='word_1_286' title='bbox 643 2417 889 2474; x_wconf 80' lang='grc' dir='ltr'><strong><em>ἐνέμοντο.</em></strong></span> 
     </span>
     <span class='ocr_line' id='line_1_48' title="bbox 85 2457 890 2523; baseline 0.002 -27"><span class='ocrx_word' id='word_1_287' title='bbox 85 2457 105 2496; x_wconf 82' lang='grc' dir='ltr'>ὁ</span> <span class='ocrx_word' id='word_1_288' title='bbox 139 2460 179 2496; x_wconf 78' lang='grc' dir='ltr'>δὲ</span> <span class='ocrx_word' id='word_1_289' title='bbox 210 2459 447 2503; x_wconf 82' lang='grc' dir='ltr'><strong><em>Φθιωτικός’</em></strong></span> <span class='ocrx_word' id='word_1_290' title='bbox 447 2458 544 2518; x_wconf 47' lang='lat' dir='ltr'>&#39;aalys</span> <span class='ocrx_word' id='word_1_291' title='bbox 578 2461 653 2499; x_wconf 76' lang='grc' dir='ltr'><strong><em>ὑπὸ</em></strong></span> <span class='ocrx_word' id='word_1_292' title='bbox 681 2466 732 2520; x_wconf 82' lang='grc' dir='ltr'><strong><em>τῷ</em></strong></span> <span class='ocrx_word' id='word_1_293' title='bbox 757 2465 890 2523; x_wconf 76' lang='grc' dir='ltr'><strong><em>πέρατι</em></strong></span> 
     </span>
     <span class='ocr_line' id='line_1_49' title="bbox 84 2506 889 2566; baseline 0.002 -23"><span class='ocrx_word' id='word_1_294' title='bbox 84 2511 202 2543; x_wconf 77' lang='grc' dir='ltr'><strong><em>κεῖται</em></strong></span> <span class='ocrx_word' id='word_1_295' title='bbox 223 2510 288 2553; x_wconf 86' lang='grc' dir='ltr'>τῆς</span> <span class='ocrx_word' id='word_1_296' title='bbox 299 2506 470 2552; x_wconf 83' lang='grc' dir='ltr'><strong><em>’Όθρυος</em></strong></span> <span class='ocrx_word' id='word_1_297' title='bbox 497 2507 618 2566; x_wconf 87' lang='grc' dir='ltr'><strong><em>ὄρους</em></strong></span> <span class='ocrx_word' id='word_1_298' title='bbox 632 2509 724 2556; x_wconf 81' lang='grc' dir='ltr'><strong><em>πρὸς</em></strong></span> <span class='ocrx_word' id='word_1_299' title='bbox 749 2511 889 2553; x_wconf 76' lang='grc' dir='ltr'><strong><em>ἄρκτον</em></strong></span> 
     </span>
     <span class='ocr_line' id='line_1_50' title="bbox 83 2553 889 2604; baseline 0.005 -15"><span class='ocrx_word' id='word_1_300' title='bbox 83 2553 252 2598; x_wconf 80' lang='grc' dir='ltr'><strong><em>κειμένου</em></strong></span> <span class='ocrx_word' id='word_1_301' title='bbox 279 2556 324 2600; x_wconf 85' lang='grc' dir='ltr'><strong><em>τῇ</em></strong></span> <span class='ocrx_word' id='word_1_302' title='bbox 356 2554 561 2597; x_wconf 78' lang='grc' dir='ltr'><strong><em>Φθιώτιδι,</em></strong></span> <span class='ocrx_word' id='word_1_303' title='bbox 598 2553 742 2603; x_wconf 87' lang='grc' dir='ltr'><strong><em>ομόρου</em></strong></span> <span class='ocrx_word' id='word_1_304' title='bbox 773 2557 813 2593; x_wconf 77' lang='grc' dir='ltr'>δὲ</span> <span class='ocrx_word' id='word_1_305' title='bbox 838 2559 889 2604; x_wconf 77' lang='grc' dir='ltr'><strong><em>τῷ</em></strong></span> 
     </span>
     <span class='ocr_line' id='line_1_51' title="bbox 89 2601 888 2660; baseline 0.005 -25"><span class='ocrx_word' id='word_1_306' title='bbox 89 2602 324 2659; x_wconf 81' lang='grc' dir='ltr'><strong><em>Τυμφρηστῷ</em></strong></span> <span class='ocrx_word' id='word_1_307' title='bbox 341 2603 393 2646; x_wconf 80' lang='grc' dir='ltr'><strong><em>τῷ</em></strong></span> <span class='ocrx_word' id='word_1_308' title='bbox 417 2601 478 2660; x_wconf 73' lang='grc' dir='ltr'><strong><em>ὅρε</em></strong></span> <span class='ocrx_word' id='word_1_309' title='bbox 465 2616 495 2636; x_wconf 94' lang='grc' dir='ltr'><strong><em>ι</em></strong></span> <span class='ocrx_word' id='word_1_310' title='bbox 519 2603 581 2638; x_wconf 82' lang='grc' dir='ltr'>καὶ</span> <span class='ocrx_word' id='word_1_311' title='bbox 608 2608 687 2644; x_wconf 86' lang='grc' dir='ltr'><strong><em>τοῖς</em></strong></span> <span class='ocrx_word' id='word_1_312' title='bbox 705 2605 888 2647; x_wconf 80' lang='grc' dir='ltr'><strong><em>Δόλοψιν,</em></strong></span> 
     </span>
     <span class='ocr_line' id='line_1_52' title="bbox 83 2646 889 2708; baseline 0.002 -25"><span class='ocrx_word' id='word_1_313' title='bbox 83 2646 224 2683; x_wconf 70' lang='grc' dir='ltr'><strong><em>ἐκεῖθεν</em></strong></span> <span class='ocrx_word' id='word_1_314' title='bbox 245 2647 285 2683; x_wconf 78' lang='grc' dir='ltr'>δὲ</span> <span class='ocrx_word' id='word_1_315' title='bbox 305 2651 588 2691; x_wconf 79' lang='grc' dir='ltr'><strong><em>παρατείνοντος</em></strong></span> <span class='ocrx_word' id='word_1_316' title='bbox 607 2652 657 2691; x_wconf 81' lang='grc' dir='ltr'><strong><em>εἰς</em></strong></span> <span class='ocrx_word' id='word_1_317' title='bbox 673 2650 717 2685; x_wconf 76' lang='grc' dir='ltr'><strong><em>τά</em></strong></span> <span class='ocrx_word' id='word_1_318' title='bbox 733 2652 889 2708; x_wconf 86' lang='grc' dir='ltr'><strong><em>πλησίον</em></strong></span> 
     </span>
     <span class='ocr_line' id='line_1_53' title="bbox 83 2694 889 2748; baseline 0.005 -20"><span class='ocrx_word' id='word_1_319' title='bbox 83 2695 151 2728; x_wconf 82' lang='grc' dir='ltr'>τοῦ</span> <span class='ocrx_word' id='word_1_320' title='bbox 170 2696 370 2729; x_wconf 70' lang='grc' dir='ltr'><strong><em>,Μαλιακοῦ</em></strong></span> <span class='ocrx_word' id='word_1_321' title='bbox 399 2694 550 2730; x_wconf 85' lang='grc' dir='ltr'><strong><em>κόλπου.</em></strong></span> <span class='ocrx_word' id='word_1_322' title='bbox 591 2694 717 2748; x_wconf 61' lang='grc' dir='ltr'><strong><em>ἀπέχει</em></strong></span> <span class='ocrx_word' id='word_1_323' title='bbox 739 2695 770 2732; x_wconf 82' lang='grc' dir='ltr'>δ’</span> <span class='ocrx_word' id='word_1_324' title='bbox 790 2697 889 2732; x_wconf 74' lang='lat' dir='ltr'>Irni—</span> 
     </span>
     <span class='ocr_line' id='line_1_54' title="bbox 84 2739 888 2800; baseline 0.002 -24"><span class='ocrx_word' id='word_1_325' title='bbox 84 2753 153 2776; x_wconf 89' lang='grc' dir='ltr'>νου</span> <span class='ocrx_word' id='word_1_326' title='bbox 180 2741 263 2784; x_wconf 83' lang='grc' dir='ltr'><strong><em>περι</em></strong></span> <span class='ocrx_word' id='word_1_327' title='bbox 291 2739 473 2796; x_wconf 79' lang='grc' dir='ltr'><strong><em>εξήκοντα</em></strong></span> <span class='ocrx_word' id='word_1_328' title='bbox 499 2743 672 2800; x_wconf 78' lang='grc' dir='ltr'><strong><em>σταδίους</em></strong></span> <span class='ocrx_word' id='word_1_329' title='bbox 696 2750 715 2777; x_wconf 85' lang='grc' dir='ltr'><strong><em>ὸ</em></strong></span> <span class='ocrx_word' id='word_1_330' title='bbox 735 2741 839 2784; x_wconf 77' lang='grc' dir='ltr'><strong><em>’Ἅλυς</em></strong></span> <span class='ocrx_word' id='word_1_331' title='bbox 867 2740 888 2788; x_wconf 77' lang='grc' dir='ltr'><em>ἢ</em></span> 
     </span>
     <span class='ocr_line' id='line_1_55' title="bbox 85 2784 890 2835; baseline 0.005 -14"><span class='ocrx_word' id='word_1_332' title='bbox 85 2784 107 2832; x_wconf 86' lang='grc' dir='ltr'>ἡ</span> <span class='ocrx_word' id='word_1_333' title='bbox 116 2784 242 2826; x_wconf 57' lang='lat' dir='ltr'>&#39;&#39;Ams-</span> <span class='ocrx_word' id='word_1_334' title='bbox 268 2787 407 2831; x_wconf 80' lang='grc' dir='ltr'><strong><em>λέγεται</em></strong></span> <span class='ocrx_word' id='word_1_335' title='bbox 428 2785 498 2832; x_wconf 73' lang='grc' dir='ltr'><strong><em>γάρ</em></strong></span> <span class='ocrx_word' id='word_1_336' title='bbox 519 2786 750 2834; x_wconf 69' lang='grc' dir='ltr'><strong><em>ἀμφοτέρως</em></strong></span> <span class='ocrx_word' id='word_1_337' title='bbox 784 2788 890 2835; x_wconf 78' lang='grc' dir='ltr'><strong><em>ᾤκισε</em></strong></span> 
     </span>
     <span class='ocr_line' id='line_1_56' title="bbox 85 2830 889 2880; baseline 0.002 -12"><span class='ocrx_word' id='word_1_338' title='bbox 85 2832 125 2869; x_wconf 76' lang='grc' dir='ltr'>δὲ</span> <span class='ocrx_word' id='word_1_339' title='bbox 146 2830 165 2868; x_wconf 84' lang='grc' dir='ltr'>ὁ</span> <span class='ocrx_word' id='word_1_340' title='bbox 183 2832 343 2877; x_wconf 81' lang='grc' dir='ltr'>Ἀθάμας</span> <span class='ocrx_word' id='word_1_341' title='bbox 360 2833 427 2868; x_wconf 83' lang='grc' dir='ltr'>τὸν</span> <span class='ocrx_word' id='word_1_342' title='bbox 435 2834 541 2869; x_wconf 79' lang='grc' dir='ltr'><strong><em>’Ἅλον</em></strong></span> <span class='ocrx_word' id='word_1_343' title='bbox 559 2842 626 2869; x_wconf 87' lang='lat' dir='ltr'>etc.</span> <span class='ocrx_word' id='word_1_344' title='bbox 673 2838 808 2880; x_wconf 76' lang='lat' dir='ltr'>„Alope</span> <span class='ocrx_word' id='word_1_345' title='bbox 827 2838 889 2870; x_wconf 92' lang='lat' dir='ltr'>ob-</span> 
     </span>
     <span class='ocr_line' id='line_1_57' title="bbox 84 2879 889 2923; baseline 0.004 -10"><span class='ocrx_word' id='word_1_346' title='bbox 84 2891 204 2914; x_wconf 87' lang='lat' dir='ltr'>scurus</span> <span class='ocrx_word' id='word_1_347' title='bbox 229 2880 323 2913; x_wconf 84' lang='lat' dir='ltr'>vicus</span> <span class='ocrx_word' id='word_1_348' title='bbox 347 2883 402 2913; x_wconf 85' lang='lat' dir='ltr'>est</span> <span class='ocrx_word' id='word_1_349' title='bbox 425 2879 460 2913; x_wconf 89' lang='lat' dir='ltr'>in</span> <span class='ocrx_word' id='word_1_350' title='bbox 485 2881 708 2923; x_wconf 86' lang='lat' dir='ltr'>Phthiotide3</span> <span class='ocrx_word' id='word_1_351' title='bbox 742 2882 829 2916; x_wconf 87' lang='lat' dir='ltr'>alius</span> <span class='ocrx_word' id='word_1_352' title='bbox 853 2883 889 2915; x_wconf 89' lang='lat' dir='ltr'>in</span> 
     </span>
     <span class='ocr_line' id='line_1_58' title="bbox 86 2926 890 2972; baseline 0.002 -12"><span class='ocrx_word' id='word_1_353' title='bbox 86 2926 233 2960; x_wconf 85' lang='lat' dir='ltr'>Locride</span> <span class='ocrx_word' id='word_1_354' title='bbox 250 2926 574 2971; x_wconf 79' lang='lat' dir='ltr'>Epicnemidiorum,</span> <span class='ocrx_word' id='word_1_355' title='bbox 599 2939 618 2960; x_wconf 94' lang='lat' dir='ltr'>e</span> <span class='ocrx_word' id='word_1_356' title='bbox 644 2940 710 2972; x_wconf 89' lang='lat' dir='ltr'>quo</span> <span class='ocrx_word' id='word_1_357' title='bbox 734 2928 794 2962; x_wconf 82' lang='lat' dir='ltr'>isti</span> <span class='ocrx_word' id='word_1_358' title='bbox 818 2929 890 2962; x_wconf 91' lang='lat' dir='ltr'>ori-</span> 
     </span>
     <span class='ocr_line' id='line_1_59' title="bbox 86 2972 890 3017; baseline 0.002 -12"><span class='ocrx_word' id='word_1_359' title='bbox 86 2972 182 3005; x_wconf 90' lang='lat' dir='ltr'>undi:</span> <span class='ocrx_word' id='word_1_360' title='bbox 216 2973 332 3006; x_wconf 82' lang='lat' dir='ltr'>strab.</span> <span class='ocrx_word' id='word_1_361' title='bbox 357 2975 390 3008; x_wconf 90' lang='lat'>9.</span> <span class='ocrx_word' id='word_1_362' title='bbox 417 2984 448 3017; x_wconf 89' lang='lat' dir='ltr'>p.</span> <span class='ocrx_word' id='word_1_363' title='bbox 473 2973 552 3013; x_wconf 84' lang='lat'>653,</span> <span class='ocrx_word' id='word_1_364' title='bbox 572 2973 632 3014; x_wconf 92' lang='lat' dir='ltr'>C.,</span> <span class='ocrx_word' id='word_1_365' title='bbox 655 2975 697 3007; x_wconf 87' lang='grc' dir='ltr'>Ε.</span> <span class='ocrx_word' id='word_1_366' title='bbox 728 2995 772 2999; x_wconf 92' lang='grc'><strong>-</strong></span> <span class='ocrx_word' id='word_1_367' title='bbox 802 2976 890 3007; x_wconf 77' lang='grc' dir='ltr'>Τνα-</span> 
     </span>
     <span class='ocr_line' id='line_1_60' title="bbox 86 3018 890 3065; baseline 0.005 -14"><span class='ocrx_word' id='word_1_368' title='bbox 86 3019 166 3052; x_wconf 87' lang='lat' dir='ltr'>chin</span> <span class='ocrx_word' id='word_1_369' title='bbox 182 3019 225 3052; x_wconf 87' lang='lat' dir='ltr'>ad</span> <span class='ocrx_word' id='word_1_370' title='bbox 249 3018 357 3053; x_wconf 90' lang='lat' dir='ltr'>sinum</span> <span class='ocrx_word' id='word_1_371' title='bbox 381 3018 566 3054; x_wconf 79' lang='lat' dir='ltr'>Maliacum</span> <span class='ocrx_word' id='word_1_372' title='bbox 590 3031 700 3065; x_wconf 89' lang='lat' dir='ltr'>prope</span> <span class='ocrx_word' id='word_1_373' title='bbox 717 3021 890 3056; x_wconf 88' lang='lat' dir='ltr'>Thermo—</span> 
     </span>
    </p>
   </div>
   <div class='ocr_carea' id='block_1_5' title="bbox 890 1340 901 1359">
    <p class='ocr_par' dir='ltr' id='par_1_5' title="bbox 890 1340 901 1359">
     <span class='ocr_line' id='line_1_61' title="bbox 890 1340 901 1359; baseline 0 0"><span class='ocrx_word' id='word_1_374' title='bbox 890 1340 901 1359; x_wconf 73' lang='grc' dir='ltr'><em>ἳ</em></span> 
     </span>
    </p>
   </div>
   <div class='ocr_carea' id='block_1_6' title="bbox 933 523 1757 2650">
    <p class='ocr_par' dir='ltr' id='par_1_6' title="bbox 948 523 1757 648">
     <span class='ocr_line' id='line_1_62' title="bbox 948 523 1757 648; baseline 0.006 -48"><span class='ocrx_word' id='word_1_375' title='bbox 948 523 1437 648; x_wconf 47' lang='grc' dir='ltr'>ξῖιιῑίιωῖῑ..ἶὴῗέῑέ.</span> <span class='ocrx_word' id='word_1_376' title='bbox 1458 524 1661 614; x_wconf 62' lang='grc' dir='ltr'>“ἕῖ..ὲῗ“ῗ.ῗ</span> <span class='ocrx_word' id='word_1_377' title='bbox 1675 524 1757 610; x_wconf 64' lang='grc' dir='ltr'>6ἓέ</span> 
     </span>
     <span class='ocr_line' id='line_1_63' title="bbox 986 618 1167 648; baseline 0 -1"><span class='ocrx_word' id='word_1_378' title='bbox 986 618 1023 647; x_wconf 72' lang='lat'>.‘&#39;·</span> <span class='ocrx_word' id='word_1_379' title='bbox 1053 618 1102 648; x_wconf 62' lang='lat' dir='ltr'>10*ae</span> <span class='ocrx_word' id='word_1_380' title='bbox 1162 641 1167 647; x_wconf 91' lang='lat'>.</span> 
     </span>
    </p>

    <p class='ocr_par' dir='ltr' id='par_1_7' title="bbox 940 662 1755 1619">
     <span class='ocr_line' id='line_1_64' title="bbox 995 662 1755 706; baseline -0.001 -10"><span class='ocrx_word' id='word_1_381' title='bbox 995 662 1074 696; x_wconf 86' lang='lat'>683.</span> <span class='ocrx_word' id='word_1_382' title='bbox 1100 662 1264 695; x_wconf 80' lang='lat' dir='ltr'>Phthiam</span> <span class='ocrx_word' id='word_1_383' title='bbox 1283 667 1318 695; x_wconf 90' lang='lat' dir='ltr'>et</span> <span class='ocrx_word' id='word_1_384' title='bbox 1330 663 1529 703; x_wconf 76' lang='lat' dir='ltr'>Helladem,</span> <span class='ocrx_word' id='word_1_385' title='bbox 1549 672 1636 706; x_wconf 87' lang='lat' dir='ltr'>quas</span> <span class='ocrx_word' id='word_1_386' title='bbox 1655 672 1755 695; x_wconf 89' lang='lat' dir='ltr'>unam</span> 
     </span>
     <span class='ocr_line' id='line_1_65' title="bbox 948 707 1754 752; baseline 0.001 -13"><span class='ocrx_word' id='word_1_387' title='bbox 948 707 1158 752; x_wconf 86' lang='lat' dir='ltr'>eandemque</span> <span class='ocrx_word' id='word_1_388' title='bbox 1192 720 1265 741; x_wconf 87' lang='lat' dir='ltr'>cum</span> <span class='ocrx_word' id='word_1_389' title='bbox 1296 709 1426 741; x_wconf 83' lang='lat' dir='ltr'>Achai‘a</span> <span class='ocrx_word' id='word_1_390' title='bbox 1450 709 1644 742; x_wconf 87' lang='lat' dir='ltr'>habuerunt</span> <span class='ocrx_word' id='word_1_391' title='bbox 1667 718 1754 740; x_wconf 90' lang='lat' dir='ltr'>non-</span> 
     </span>
     <span class='ocr_line' id='line_1_66' title="bbox 947 753 1755 809; baseline 0 -23"><span class='ocrx_word' id='word_1_392' title='bbox 947 753 1050 794; x_wconf 90' lang='lat' dir='ltr'>nulli,</span> <span class='ocrx_word' id='word_1_393' title='bbox 1083 765 1170 809; x_wconf 80' lang='lat' dir='ltr'>aper</span> <span class='ocrx_word' id='word_1_394' title='bbox 1173 760 1208 787; x_wconf 89' lang='lat' dir='ltr'>te</span> <span class='ocrx_word' id='word_1_395' title='bbox 1244 753 1429 797; x_wconf 75' lang='lat' dir='ltr'>distinguit</span> <span class='ocrx_word' id='word_1_396' title='bbox 1462 756 1567 809; x_wconf 84' lang='lat' dir='ltr'>poeta</span> <span class='ocrx_word' id='word_1_397' title='bbox 1595 753 1755 798; x_wconf 87' lang='lat' dir='ltr'>pluribus</span> 
     </span>
     <span class='ocr_line' id='line_1_67' title="bbox 945 797 1755 844; baseline 0.001 -13"><span class='ocrx_word' id='word_1_398' title='bbox 945 799 1044 840; x_wconf 87' lang='lat' dir='ltr'>locis,</span> <span class='ocrx_word' id='word_1_399' title='bbox 1070 798 1105 840; x_wconf 88' lang='grc' dir='ltr'>ι’,</span> <span class='ocrx_word' id='word_1_400' title='bbox 1130 802 1210 840; x_wconf 85' lang='grc'>395,</span> <span class='ocrx_word' id='word_1_401' title='bbox 1235 799 1314 841; x_wconf 85' lang='grc'><strong>474,</strong></span> <span class='ocrx_word' id='word_1_402' title='bbox 1341 799 1469 844; x_wconf 84' lang='lat' dir='ltr'>Odyss.</span> <span class='ocrx_word' id='word_1_403' title='bbox 1493 797 1534 840; x_wconf 86' lang='grc' dir='ltr'>λ’,</span> <span class='ocrx_word' id='word_1_404' title='bbox 1553 798 1632 834; x_wconf 85' lang='grc'>495.</span> <span class='ocrx_word' id='word_1_405' title='bbox 1658 804 1755 833; x_wconf 90' lang='lat' dir='ltr'>utra—</span> 
     </span>
     <span class='ocr_line' id='line_1_68' title="bbox 946 845 1754 890; baseline 0 -12"><span class='ocrx_word' id='word_1_406' title='bbox 946 857 1013 889; x_wconf 90' lang='lat' dir='ltr'>que</span> <span class='ocrx_word' id='word_1_407' title='bbox 1040 847 1121 880; x_wconf 88' lang='lat' dir='ltr'>urbs</span> <span class='ocrx_word' id='word_1_408' title='bbox 1153 858 1228 880; x_wconf 92' lang='lat' dir='ltr'>cum</span> <span class='ocrx_word' id='word_1_409' title='bbox 1260 857 1344 890; x_wconf 81' lang='lat' dir='ltr'>agro</span> <span class='ocrx_word' id='word_1_410' title='bbox 1377 857 1438 880; x_wconf 93' lang='lat' dir='ltr'>suo</span> <span class='ocrx_word' id='word_1_411' title='bbox 1465 845 1605 880; x_wconf 80' lang='lat' dir='ltr'>Achillis</span> <span class='ocrx_word' id='word_1_412' title='bbox 1638 846 1673 878; x_wconf 87' lang='lat' dir='ltr'>in</span> <span class='ocrx_word' id='word_1_413' title='bbox 1698 845 1754 878; x_wconf 85' lang='lat' dir='ltr'>di-</span> 
     </span>
     <span class='ocr_line' id='line_1_69' title="bbox 945 890 1755 933; baseline 0 -9"><span class='ocrx_word' id='word_1_414' title='bbox 945 892 1038 925; x_wconf 91' lang='lat' dir='ltr'>tione</span> <span class='ocrx_word' id='word_1_415' title='bbox 1056 892 1131 926; x_wconf 59' lang='lat' dir='ltr'>tuit</span> <span class='ocrx_word' id='word_1_416' title='bbox 1156 894 1200 926; x_wconf 77' lang='lat' dir='ltr'>ci.</span> <span class='ocrx_word' id='word_1_417' title='bbox 1219 904 1295 927; x_wconf 90' lang='lat' dir='ltr'>ann.</span> <span class='ocrx_word' id='word_1_418' title='bbox 1315 891 1423 933; x_wconf 69' lang='lat' dir='ltr'>adol,</span> <span class='ocrx_word' id='word_1_419' title='bbox 1437 893 1512 927; x_wconf 89' lang='lat'>155.</span> <span class='ocrx_word' id='word_1_420' title='bbox 1533 896 1568 926; x_wconf 85' lang='lat' dir='ltr'>et</span> <span class='ocrx_word' id='word_1_421' title='bbox 1589 890 1755 924; x_wconf 73' lang='lat' dir='ltr'>Phthiam</span> 
     </span>
     <span class='ocr_line' id='line_1_70' title="bbox 945 937 1754 981; baseline 0 -11"><span class='ocrx_word' id='word_1_422' title='bbox 945 938 1080 981; x_wconf 84' lang='lat' dir='ltr'>quidem</span> <span class='ocrx_word' id='word_1_423' title='bbox 1113 939 1205 972; x_wconf 83' lang='lat' dir='ltr'>inter</span> <span class='ocrx_word' id='word_1_424' title='bbox 1240 939 1418 972; x_wconf 87' lang='lat' dir='ltr'>Helladem</span> <span class='ocrx_word' id='word_1_425' title='bbox 1457 945 1494 971; x_wconf 87' lang='lat' dir='ltr'>et</span> <span class='ocrx_word' id='word_1_426' title='bbox 1526 938 1611 971; x_wconf 84' lang='lat' dir='ltr'>Aion</span> <span class='ocrx_word' id='word_1_427' title='bbox 1651 937 1754 971; x_wconf 90' lang='lat' dir='ltr'>sitam</span> 
     </span>
     <span class='ocr_line' id='line_1_71' title="bbox 946 983 1754 1029; baseline 0 -13"><span class='ocrx_word' id='word_1_428' title='bbox 946 983 1064 1026; x_wconf 79' lang='lat' dir='ltr'>fuisse,</span> <span class='ocrx_word' id='word_1_429' title='bbox 1090 997 1109 1018; x_wconf 88' lang='lat' dir='ltr'>e</span> <span class='ocrx_word' id='word_1_430' title='bbox 1134 986 1248 1019; x_wconf 88' lang='lat' dir='ltr'>multis</span> <span class='ocrx_word' id='word_1_431' title='bbox 1271 985 1421 1029; x_wconf 85' lang='lat' dir='ltr'>colligas</span> <span class='ocrx_word' id='word_1_432' title='bbox 1447 988 1484 1017; x_wconf 87' lang='lat' dir='ltr'>at</span> <span class='ocrx_word' id='word_1_433' title='bbox 1510 983 1625 1017; x_wconf 83' lang='lat' dir='ltr'>Phthii</span> <span class='ocrx_word' id='word_1_434' title='bbox 1652 983 1754 1016; x_wconf 81' lang='lat' dir='ltr'>latius</span> 
     </span>
     <span class='ocr_line' id='line_1_72' title="bbox 946 1028 1753 1076; baseline -0.001 -13"><span class='ocrx_word' id='word_1_435' title='bbox 946 1031 1154 1073; x_wconf 84' lang='lat' dir='ltr'>habitarunt,</span> <span class='ocrx_word' id='word_1_436' title='bbox 1180 1036 1218 1066; x_wconf 90' lang='lat' dir='ltr'>ut</span> <span class='ocrx_word' id='word_1_437' title='bbox 1242 1043 1309 1076; x_wconf 92' lang='lat' dir='ltr'>quo</span> <span class='ocrx_word' id='word_1_438' title='bbox 1333 1031 1466 1065; x_wconf 90' lang='lat' dir='ltr'>nomine</span> <span class='ocrx_word' id='word_1_439' title='bbox 1489 1030 1590 1064; x_wconf 81' lang='lat' dir='ltr'>etiam</span> <span class='ocrx_word' id='word_1_440' title='bbox 1614 1028 1663 1062; x_wconf 89' lang='lat' dir='ltr'>illi</span> <span class='ocrx_word' id='word_1_441' title='bbox 1689 1040 1753 1073; x_wconf 89' lang='lat' dir='ltr'>ap-</span> 
     </span>
     <span class='ocr_line' id='line_1_73' title="bbox 945 1075 1752 1122; baseline 0 -13"><span class='ocrx_word' id='word_1_442' title='bbox 945 1077 1137 1121; x_wconf 86' lang='lat' dir='ltr'>pellentur,</span> <span class='ocrx_word' id='word_1_443' title='bbox 1173 1077 1232 1122; x_wconf 87' lang='lat' dir='ltr'>qui</span> <span class='ocrx_word' id='word_1_444' title='bbox 1257 1079 1320 1111; x_wconf 93' lang='lat' dir='ltr'>sub</span> <span class='ocrx_word' id='word_1_445' title='bbox 1346 1077 1539 1111; x_wconf 83' lang='lat' dir='ltr'>Protesilao</span> <span class='ocrx_word' id='word_1_446' title='bbox 1566 1083 1602 1110; x_wconf 84' lang='lat' dir='ltr'>et</span> <span class='ocrx_word' id='word_1_447' title='bbox 1626 1075 1752 1109; x_wconf 89' lang='lat' dir='ltr'>Philo-</span> 
     </span>
     <span class='ocr_line' id='line_1_74' title="bbox 945 1121 1752 1175; baseline -0.001 -19"><span class='ocrx_word' id='word_1_448' title='bbox 945 1128 1038 1157; x_wconf 87' lang='lat' dir='ltr'>ctete</span> <span class='ocrx_word' id='word_1_449' title='bbox 1069 1125 1261 1158; x_wconf 85' lang='lat' dir='ltr'>militabant</span> <span class='ocrx_word' id='word_1_450' title='bbox 1294 1121 1357 1167; x_wconf 92' lang='grc' dir='ltr'><strong><em>(ν,</em></strong></span> <span class='ocrx_word' id='word_1_451' title='bbox 1391 1123 1480 1163; x_wconf 84' lang='grc'><strong><em>686,</em></strong></span> <span class='ocrx_word' id='word_1_452' title='bbox 1514 1123 1603 1164; x_wconf 86' lang='lat'>693,</span> <span class='ocrx_word' id='word_1_453' title='bbox 1629 1121 1752 1175; x_wconf 81' lang='lat'>699.);</span> 
     </span>
     <span class='ocr_line' id='line_1_75' title="bbox 945 1148 1752 1215; baseline -0.002 -13"><span class='ocrx_word' id='word_1_454' title='bbox 945 1170 1092 1203; x_wconf 84' lang='lat' dir='ltr'>fortasse</span> <span class='ocrx_word' id='word_1_455' title='bbox 1137 1177 1173 1204; x_wconf 90' lang='lat' dir='ltr'>et</span> <span class='ocrx_word' id='word_1_456' title='bbox 1211 1170 1402 1215; x_wconf 75' lang='lat' dir='ltr'>Eurypyfi,</span> <span class='ocrx_word' id='word_1_457' title='bbox 1455 1148 1603 1202; x_wconf 83' lang='lat' dir='ltr'>illorum</span> <span class='ocrx_word' id='word_1_458' title='bbox 1630 1167 1752 1208; x_wconf 87' lang='lat' dir='ltr'>vicini,</span> 
     </span>
     <span class='ocr_line' id='line_1_76' title="bbox 946 1195 1755 1296; baseline -0.004 -2"><span class='ocrx_word' id='word_1_459' title='bbox 946 1195 1449 1296; x_wconf 40' lang='lat' dir='ltr'>&amp;gliziyz‘sstesgqtgorbutiiaeb</span> <span class='ocrx_word' id='word_1_460' title='bbox 1460 1214 1755 1294; x_wconf 37' lang='grc' dir='ltr'>ῐὲἰᾶὸφῇεῗξὲθα</span> 
     </span>
     <span class='ocr_line' id='line_1_77' title="bbox 945 1306 1752 1352; baseline -0.006 -10"><span class='ocrx_word' id='word_1_461' title='bbox 945 1309 1267 1352; x_wconf 86' lang='lat' dir='ltr'>comprehenditur,</span> <span class='ocrx_word' id='word_1_462' title='bbox 1307 1307 1467 1352; x_wconf 87' lang='lat' dir='ltr'>opposita</span> <span class='ocrx_word' id='word_1_463' title='bbox 1502 1306 1752 1350; x_wconf 85' lang='lat' dir='ltr'>Peloponneso,</span> 
     </span>
     <span class='ocr_line' id='line_1_78' title="bbox 944 1351 1752 1399; baseline -0.005 -11"><span class='ocrx_word' id='word_1_464' title='bbox 944 1356 1040 1398; x_wconf 86' lang='lat' dir='ltr'>cujus</span> <span class='ocrx_word' id='word_1_465' title='bbox 1074 1355 1206 1399; x_wconf 89' lang='lat' dir='ltr'>pariter</span> <span class='ocrx_word' id='word_1_466' title='bbox 1242 1359 1346 1398; x_wconf 88' lang='lat' dir='ltr'>atque</span> <span class='ocrx_word' id='word_1_467' title='bbox 1377 1353 1471 1386; x_wconf 89' lang='lat' dir='ltr'>illius</span> <span class='ocrx_word' id='word_1_468' title='bbox 1505 1351 1657 1396; x_wconf 82' lang='lat' dir='ltr'>regionis</span> <span class='ocrx_word' id='word_1_469' title='bbox 1679 1362 1752 1384; x_wconf 90' lang='lat' dir='ltr'>ma-</span> 
     </span>
     <span class='ocr_line' id='line_1_79' title="bbox 942 1398 1750 1456; baseline -0.004 -23"><span class='ocrx_word' id='word_1_470' title='bbox 942 1412 1042 1444; x_wconf 84' lang='lat' dir='ltr'>gnam</span> <span class='ocrx_word' id='word_1_471' title='bbox 1076 1407 1209 1450; x_wconf 80' lang='lat' dir='ltr'>partem</span> <span class='ocrx_word' id='word_1_472' title='bbox 1244 1401 1373 1433; x_wconf 89' lang='lat' dir='ltr'>Achaei</span> <span class='ocrx_word' id='word_1_473' title='bbox 1407 1398 1627 1456; x_wconf 83' lang='lat' dir='ltr'>insederant,</span> <span class='ocrx_word' id='word_1_474' title='bbox 1673 1409 1750 1431; x_wconf 90' lang='lat' dir='ltr'>cum</span> 
     </span>
     <span class='ocr_line' id='line_1_80' title="bbox 943 1442 1751 1498; baseline -0.002 -18"><span class='ocrx_word' id='word_1_475' title='bbox 943 1450 1046 1491; x_wconf 74' lang='lat' dir='ltr'>poeta</span> <span class='ocrx_word' id='word_1_476' title='bbox 1071 1447 1155 1480; x_wconf 90' lang='lat' dir='ltr'>dicit</span> <span class='ocrx_word' id='word_1_477' title='bbox 1179 1444 1240 1481; x_wconf 71' lang='grc' dir='ltr'>ἀν’</span> <span class='ocrx_word' id='word_1_478' title='bbox 1265 1443 1419 1481; x_wconf 81' lang='grc' dir='ltr'><strong><em>Ελλάδα</em></strong></span> <span class='ocrx_word' id='word_1_479' title='bbox 1451 1458 1513 1479; x_wconf 81' lang='grc' dir='ltr'>και</span> <span class='ocrx_word' id='word_1_480' title='bbox 1540 1443 1652 1488; x_wconf 77' lang='grc' dir='ltr'><strong><em>μέσον</em></strong></span> <span class='ocrx_word' id='word_1_481' title='bbox 1665 1442 1751 1498; x_wconf 82' lang='grc' dir='ltr'><strong><em>’Ἀρ-</em></strong></span> 
     </span>
     <span class='ocr_line' id='line_1_81' title="bbox 940 1488 1750 1538; baseline -0.005 -10"><span class='ocrx_word' id='word_1_482' title='bbox 940 1507 1005 1538; x_wconf 77' lang='grc' dir='ltr'>γος</span> <span class='ocrx_word' id='word_1_483' title='bbox 1040 1494 1170 1536; x_wconf 79' lang='lat' dir='ltr'>Odyss.</span> <span class='ocrx_word' id='word_1_484' title='bbox 1202 1507 1248 1534; x_wconf 87' lang='grc' dir='ltr'>α,</span> <span class='ocrx_word' id='word_1_485' title='bbox 1274 1493 1364 1534; x_wconf 89' lang='lat'>344,</span> <span class='ocrx_word' id='word_1_486' title='bbox 1392 1490 1436 1534; x_wconf 82' lang='grc' dir='ltr'>δ’,</span> <span class='ocrx_word' id='word_1_487' title='bbox 1465 1493 1545 1532; x_wconf 76' lang='grc'><strong><em>726,</em></strong></span> <span class='ocrx_word' id='word_1_488' title='bbox 1576 1493 1667 1533; x_wconf 82' lang='grc'>816,</span> <span class='ocrx_word' id='word_1_489' title='bbox 1703 1488 1750 1531; x_wconf 80' lang='grc' dir='ltr'>θ’,</span> 
     </span>
     <span class='ocr_line' id='line_1_82' title="bbox 941 1535 1750 1584; baseline -0.005 -9"><span class='ocrx_word' id='word_1_490' title='bbox 941 1543 996 1575; x_wconf 77' lang='lat'>80.</span> <span class='ocrx_word' id='word_1_491' title='bbox 1034 1540 1077 1573; x_wconf 82' lang='lat' dir='ltr'>cf.</span> <span class='ocrx_word' id='word_1_492' title='bbox 1104 1553 1140 1582; x_wconf 85' lang='grc' dir='ltr'>ι,</span> <span class='ocrx_word' id='word_1_493' title='bbox 1166 1540 1254 1581; x_wconf 89' lang='lat'>395,</span> <span class='ocrx_word' id='word_1_494' title='bbox 1281 1539 1437 1584; x_wconf 89' lang='lat' dir='ltr'>Apollon.</span> <span class='ocrx_word' id='word_1_495' title='bbox 1463 1537 1576 1571; x_wconf 89' lang='lat' dir='ltr'>Rhod.</span> <span class='ocrx_word' id='word_1_496' title='bbox 1603 1539 1644 1579; x_wconf 81' lang='lat'>1,</span> <span class='ocrx_word' id='word_1_497' title='bbox 1668 1535 1750 1572; x_wconf 86' lang='lat'>904.</span> 
     </span>
     <span class='ocr_line' id='line_1_83' title="bbox 940 1585 1073 1621; baseline -0.016 -2"><span class='ocrx_word' id='word_1_498' title='bbox 940 1587 994 1619; x_wconf 70' lang='lat' dir='ltr'>Ex</span> <span class='ocrx_word' id='word_1_499' title='bbox 1025 1585 1073 1621; x_wconf 88' lang='grc' dir='ltr'>Η.</span> 
     </span>
    </p>

    <p class='ocr_par' dir='ltr' id='par_1_8' title="bbox 933 1634 1750 2650">
     <span class='ocr_line' id='line_1_84' title="bbox 987 1634 1747 1690; baseline 0.003 -23"><span class='ocrx_word' id='word_1_500' title='bbox 987 1634 1066 1690; x_wconf 88' lang='lat'>684.</span> <span class='ocrx_word' id='word_1_501' title='bbox 1114 1634 1158 1668; x_wconf 87' lang='lat' dir='ltr'>de</span> <span class='ocrx_word' id='word_1_502' title='bbox 1194 1636 1464 1679; x_wconf 80' lang='lat' dir='ltr'>Myrmidonibus</span> <span class='ocrx_word' id='word_1_503' title='bbox 1496 1636 1627 1670; x_wconf 89' lang='lat' dir='ltr'>dictum</span> <span class='ocrx_word' id='word_1_504' title='bbox 1665 1646 1747 1672; x_wconf 86' lang='lat' dir='ltr'>ann.</span> 
     </span>
     <span class='ocr_line' id='line_1_85' title="bbox 940 1679 1750 1728; baseline 0.001 -14"><span class='ocrx_word' id='word_1_505' title='bbox 940 1679 982 1712; x_wconf 85' lang='lat' dir='ltr'>ad</span> <span class='ocrx_word' id='word_1_506' title='bbox 1017 1679 1063 1722; x_wconf 90' lang='grc' dir='ltr'><strong><em>α’,</em></strong></span> <span class='ocrx_word' id='word_1_507' title='bbox 1100 1683 1175 1716; x_wconf 89' lang='lat'>180</span> <span class='ocrx_word' id='word_1_508' title='bbox 1222 1684 1414 1728; x_wconf 79' lang='lat' dir='ltr'>Myrmidon</span> <span class='ocrx_word' id='word_1_509' title='bbox 1450 1683 1494 1717; x_wconf 89' lang='lat' dir='ltr'>ad</span> <span class='ocrx_word' id='word_1_510' title='bbox 1528 1682 1750 1716; x_wconf 78' lang='lat' dir='ltr'>Aeolidarum</span> 
     </span>
     <span class='ocr_line' id='line_1_86' title="bbox 939 1725 1480 1775; baseline 0.011 -18"><span class='ocrx_word' id='word_1_511' title='bbox 939 1725 1081 1771; x_wconf 87' lang='lat' dir='ltr'>stirpem</span> <span class='ocrx_word' id='word_1_512' title='bbox 1128 1728 1292 1762; x_wconf 79' lang='lat' dir='ltr'>refertur.</span> <span class='ocrx_word' id='word_1_513' title='bbox 1352 1742 1372 1763; x_wconf 85' lang='lat' dir='ltr'>a</span> <span class='ocrx_word' id='word_1_514' title='bbox 1413 1741 1480 1775; x_wconf 90' lang='lat' dir='ltr'>quo</span> 
     </span>
     <span class='ocr_line' id='line_1_87' title="bbox 940 1773 1748 1820; baseline 0.002 -14"><span class='ocrx_word' id='word_1_515' title='bbox 940 1773 1007 1807; x_wconf 81' lang='lat' dir='ltr'>orti</span> <span class='ocrx_word' id='word_1_516' title='bbox 1041 1785 1083 1807; x_wconf 87' lang='lat' dir='ltr'>ex</span> <span class='ocrx_word' id='word_1_517' title='bbox 1117 1774 1250 1817; x_wconf 85' lang='lat' dir='ltr'>Aegina</span> <span class='ocrx_word' id='word_1_518' title='bbox 1281 1776 1343 1809; x_wconf 87' lang='lat' dir='ltr'>ins.</span> <span class='ocrx_word' id='word_1_519' title='bbox 1410 1787 1510 1820; x_wconf 82' lang='lat' dir='ltr'>quam</span> <span class='ocrx_word' id='word_1_520' title='bbox 1551 1775 1748 1808; x_wconf 87' lang='lat' dir='ltr'>incolebant</span> 
     </span>
     <span class='ocr_line' id='line_1_88' title="bbox 940 1800 1747 1865; baseline 0.003 -13"><span class='ocrx_word' id='word_1_521' title='bbox 940 1820 1074 1862; x_wconf 70' lang='lat' dir='ltr'>(strab.</span> <span class='ocrx_word' id='word_1_522' title='bbox 1101 1822 1133 1855; x_wconf 84' lang='grc'>8.</span> <span class='ocrx_word' id='word_1_523' title='bbox 1159 1832 1191 1864; x_wconf 86' lang='lat' dir='ltr'>p.</span> <span class='ocrx_word' id='word_1_524' title='bbox 1211 1822 1335 1865; x_wconf 86' lang='lat'>576.‚)</span> <span class='ocrx_word' id='word_1_525' title='bbox 1358 1800 1499 1856; x_wconf 79' lang='lat' dir='ltr'>&#39;Peleum</span> <span class='ocrx_word' id='word_1_526' title='bbox 1519 1821 1628 1855; x_wconf 86' lang='lat' dir='ltr'>secuti</span> <span class='ocrx_word' id='word_1_527' title='bbox 1655 1827 1747 1862; x_wconf 87' lang='lat' dir='ltr'>sunt,</span> 
     </span>
     <span class='ocr_line' id='line_1_89' title="bbox 939 1865 1749 1912; baseline 0.002 -13"><span class='ocrx_word' id='word_1_528' title='bbox 939 1877 1012 1899; x_wconf 89' lang='lat' dir='ltr'>cum</span> <span class='ocrx_word' id='word_1_529' title='bbox 1050 1865 1209 1900; x_wconf 85' lang='lat' dir='ltr'>Phthiam</span> <span class='ocrx_word' id='word_1_530' title='bbox 1251 1869 1388 1911; x_wconf 83' lang='lat' dir='ltr'>fugeret</span> <span class='ocrx_word' id='word_1_531' title='bbox 1434 1868 1479 1901; x_wconf 92' lang='lat' dir='ltr'>ad</span> <span class='ocrx_word' id='word_1_532' title='bbox 1521 1867 1749 1912; x_wconf 79' lang='lat' dir='ltr'>Eurytionem</span> 
     </span>
     <span class='ocr_line' id='line_1_90' title="bbox 941 1911 1748 1965; baseline 0.004 -22"><span class='ocrx_word' id='word_1_533' title='bbox 941 1911 1117 1965; x_wconf 83' lang='lat' dir='ltr'>(Apollod.</span> <span class='ocrx_word' id='word_1_534' title='bbox 1137 1913 1171 1952; x_wconf 87' lang='lat'>3,</span> <span class='ocrx_word' id='word_1_535' title='bbox 1194 1915 1247 1954; x_wconf 81' lang='lat'>13,</span> <span class='ocrx_word' id='word_1_536' title='bbox 1274 1916 1345 1958; x_wconf 82' lang='lat'>1.)3</span> <span class='ocrx_word' id='word_1_537' title='bbox 1372 1919 1562 1959; x_wconf 84' lang='lat' dir='ltr'>posteaque</span> <span class='ocrx_word' id='word_1_538' title='bbox 1585 1925 1748 1947; x_wconf 86' lang='lat' dir='ltr'>annume-</span> 
     </span>
     <span class='ocr_line' id='line_1_91' title="bbox 938 1958 1750 2004; baseline 0.002 -14"><span class='ocrx_word' id='word_1_539' title='bbox 938 1959 1004 1991; x_wconf 89' lang='lat' dir='ltr'>rati</span> <span class='ocrx_word' id='word_1_540' title='bbox 1026 1958 1184 1999; x_wconf 78' lang='lat' dir='ltr'>Achaeis,</span> <span class='ocrx_word' id='word_1_541' title='bbox 1209 1961 1333 2003; x_wconf 85' lang='lat' dir='ltr'>quibus</span> <span class='ocrx_word' id='word_1_542' title='bbox 1353 1972 1390 1993; x_wconf 89' lang='lat' dir='ltr'>se</span> <span class='ocrx_word' id='word_1_543' title='bbox 1415 1961 1664 2004; x_wconf 75' lang='lat' dir='ltr'>adjunxerant3</span> <span class='ocrx_word' id='word_1_544' title='bbox 1688 1959 1750 1993; x_wconf 78' lang='lat' dir='ltr'>iti-</span> 
     </span>
     <span class='ocr_line' id='line_1_92' title="bbox 938 2004 1748 2048; baseline 0.004 -12"><span class='ocrx_word' id='word_1_545' title='bbox 938 2004 1084 2048; x_wconf 87' lang='lat' dir='ltr'>demque</span> <span class='ocrx_word' id='word_1_546' title='bbox 1109 2005 1271 2039; x_wconf 68' lang='lat' dir='ltr'>Hellenos</span> <span class='ocrx_word' id='word_1_547' title='bbox 1308 2006 1392 2040; x_wconf 90' lang='lat' dir='ltr'>dicti</span> <span class='ocrx_word' id='word_1_548' title='bbox 1422 2007 1465 2040; x_wconf 90' lang='lat' dir='ltr'>ab</span> <span class='ocrx_word' id='word_1_549' title='bbox 1488 2006 1654 2047; x_wconf 87' lang='lat' dir='ltr'>Hellene,</span> <span class='ocrx_word' id='word_1_550' title='bbox 1686 2017 1748 2039; x_wconf 89' lang='lat' dir='ltr'>cu-</span> 
     </span>
     <span class='ocr_line' id='line_1_93' title="bbox 933 2050 1745 2096; baseline 0.004 -14"><span class='ocrx_word' id='word_1_551' title='bbox 933 2050 990 2094; x_wconf 87' lang='lat' dir='ltr'>jus</span> <span class='ocrx_word' id='word_1_552' title='bbox 1033 2050 1082 2083; x_wconf 89' lang='lat' dir='ltr'>fil.</span> <span class='ocrx_word' id='word_1_553' title='bbox 1125 2058 1199 2084; x_wconf 88' lang='lat' dir='ltr'>erat</span> <span class='ocrx_word' id='word_1_554' title='bbox 1241 2053 1394 2094; x_wconf 90' lang='lat' dir='ltr'>Aeolus,</span> <span class='ocrx_word' id='word_1_555' title='bbox 1439 2051 1559 2096; x_wconf 87' lang='lat' dir='ltr'>stirpis</span> <span class='ocrx_word' id='word_1_556' title='bbox 1600 2056 1745 2093; x_wconf 81' lang='lat' dir='ltr'>auctor3</span> 
     </span>
     <span class='ocr_line' id='line_1_94' title="bbox 937 2095 1747 2142; baseline 0.005 -14"><span class='ocrx_word' id='word_1_557' title='bbox 937 2095 1026 2140; x_wconf 89' lang='lat' dir='ltr'>quod</span> <span class='ocrx_word' id='word_1_558' title='bbox 1060 2108 1177 2130; x_wconf 91' lang='lat' dir='ltr'>nomen</span> <span class='ocrx_word' id='word_1_559' title='bbox 1215 2099 1258 2131; x_wconf 95' lang='lat' dir='ltr'>ob</span> <span class='ocrx_word' id='word_1_560' title='bbox 1295 2098 1520 2142; x_wconf 85' lang='lat' dir='ltr'>principatum</span> <span class='ocrx_word' id='word_1_561' title='bbox 1557 2098 1747 2132; x_wconf 82' lang='lat' dir='ltr'>auctorita-</span> 
     </span>
     <span class='ocr_line' id='line_1_95' title="bbox 936 2143 1745 2188; baseline 0.004 -14"><span class='ocrx_word' id='word_1_562' title='bbox 936 2147 1072 2186; x_wconf 88' lang='lat' dir='ltr'>temque</span> <span class='ocrx_word' id='word_1_563' title='bbox 1105 2143 1307 2178; x_wconf 87' lang='lat' dir='ltr'>Hellenicae</span> <span class='ocrx_word' id='word_1_564' title='bbox 1340 2145 1453 2188; x_wconf 87' lang='lat' dir='ltr'>gentis</span> <span class='ocrx_word' id='word_1_565' title='bbox 1485 2145 1529 2178; x_wconf 85' lang='lat' dir='ltr'>ad</span> <span class='ocrx_word' id='word_1_566' title='bbox 1564 2144 1745 2178; x_wconf 86' lang='lat' dir='ltr'>universos</span> 
     </span>
     <span class='ocr_line' id='line_1_96' title="bbox 937 2187 1745 2234; baseline 0.004 -15"><span class='ocrx_word' id='word_1_567' title='bbox 937 2187 1095 2221; x_wconf 85' lang='lat' dir='ltr'>Graecos</span> <span class='ocrx_word' id='word_1_568' title='bbox 1129 2189 1228 2233; x_wconf 90' lang='lat' dir='ltr'>primi</span> <span class='ocrx_word' id='word_1_569' title='bbox 1258 2190 1465 2234; x_wconf 87' lang='lat' dir='ltr'>scriptorum</span> <span class='ocrx_word' id='word_1_570' title='bbox 1491 2189 1665 2224; x_wconf 86' lang='lat' dir='ltr'>Hesiodus</span> <span class='ocrx_word' id='word_1_571' title='bbox 1690 2194 1745 2223; x_wconf 87' lang='lat' dir='ltr'>at-</span> 
     </span>
     <span class='ocr_line' id='line_1_97' title="bbox 937 2234 1745 2277; baseline 0.006 -12"><span class='ocrx_word' id='word_1_572' title='bbox 937 2245 1003 2277; x_wconf 92' lang='lat' dir='ltr'>que</span> <span class='ocrx_word' id='word_1_573' title='bbox 1028 2234 1250 2268; x_wconf 91' lang='lat' dir='ltr'>Archilochus</span> <span class='ocrx_word' id='word_1_574' title='bbox 1286 2238 1513 2276; x_wconf 85' lang='lat' dir='ltr'>transtulere,</span> <span class='ocrx_word' id='word_1_575' title='bbox 1549 2241 1587 2270; x_wconf 83' lang='lat' dir='ltr'>ut</span> <span class='ocrx_word' id='word_1_576' title='bbox 1609 2235 1745 2271; x_wconf 83' lang='lat' dir='ltr'>notavit</span> 
     </span>
     <span class='ocr_line' id='line_1_98' title="bbox 935 2279 1745 2327; baseline 0.005 -15"><span class='ocrx_word' id='word_1_577' title='bbox 935 2279 1093 2324; x_wconf 90' lang='lat' dir='ltr'>Apollod.</span> <span class='ocrx_word' id='word_1_578' title='bbox 1119 2292 1174 2326; x_wconf 89' lang='lat' dir='ltr'>ap.</span> <span class='ocrx_word' id='word_1_579' title='bbox 1193 2282 1310 2316; x_wconf 87' lang='lat' dir='ltr'>Strab.</span> <span class='ocrx_word' id='word_1_580' title='bbox 1331 2284 1364 2317; x_wconf 91' lang='lat'>8.</span> <span class='ocrx_word' id='word_1_581' title='bbox 1393 2295 1424 2327; x_wconf 89' lang='lat' dir='ltr'>p.</span> <span class='ocrx_word' id='word_1_582' title='bbox 1446 2285 1526 2324; x_wconf 87' lang='lat'>568,</span> <span class='ocrx_word' id='word_1_583' title='bbox 1548 2283 1589 2316; x_wconf 89' lang='lat' dir='ltr'>C.</span> <span class='ocrx_word' id='word_1_584' title='bbox 1631 2283 1745 2317; x_wconf 88' lang='lat' dir='ltr'>incre-</span> 
     </span>
     <span class='ocr_line' id='line_1_99' title="bbox 936 2308 1743 2372; baseline 0.006 -14"><span class='ocrx_word' id='word_1_585' title='bbox 936 2325 1010 2359; x_wconf 90' lang='lat' dir='ltr'>buit</span> <span class='ocrx_word' id='word_1_586' title='bbox 1039 2327 1125 2359; x_wconf 90' lang='lat' dir='ltr'>enim</span> <span class='ocrx_word' id='word_1_587' title='bbox 1168 2328 1330 2372; x_wconf 86' lang='lat' dir='ltr'>paulatim</span> <span class='ocrx_word' id='word_1_588' title='bbox 1363 2341 1484 2363; x_wconf 91' lang='lat' dir='ltr'>nomen</span> <span class='ocrx_word' id='word_1_589' title='bbox 1515 2308 1743 2371; x_wconf 82' lang='lat' dir='ltr'>&#39;Hellenicum,</span> 
     </span>
     <span class='ocr_line' id='line_1_100' title="bbox 936 2371 1743 2420; baseline 0.006 -16"><span class='ocrx_word' id='word_1_590' title='bbox 936 2371 1082 2416; x_wconf 89' lang='lat' dir='ltr'>posteris</span> <span class='ocrx_word' id='word_1_591' title='bbox 1105 2373 1259 2408; x_wconf 88' lang='lat' dir='ltr'>Hellenis</span> <span class='ocrx_word' id='word_1_592' title='bbox 1291 2375 1326 2408; x_wconf 92' lang='lat' dir='ltr'>in</span> <span class='ocrx_word' id='word_1_593' title='bbox 1351 2375 1475 2409; x_wconf 87' lang='lat' dir='ltr'>multas</span> <span class='ocrx_word' id='word_1_594' title='bbox 1499 2376 1624 2415; x_wconf 83' lang='lat' dir='ltr'>urbes,</span> <span class='ocrx_word' id='word_1_595' title='bbox 1655 2386 1743 2420; x_wconf 86' lang='lat' dir='ltr'>quas</span> 
     </span>
     <span class='ocr_line' id='line_1_101' title="bbox 935 2417 1742 2466; baseline 0.006 -16"><span class='ocrx_word' id='word_1_596' title='bbox 935 2417 1073 2462; x_wconf 84' lang='lat' dir='ltr'>Pelasgi</span> <span class='ocrx_word' id='word_1_597' title='bbox 1090 2421 1267 2460; x_wconf 83' lang='lat' dir='ltr'>tenebant,</span> <span class='ocrx_word' id='word_1_598' title='bbox 1279 2421 1422 2455; x_wconf 87' lang='lat' dir='ltr'>civitate</span> <span class='ocrx_word' id='word_1_599' title='bbox 1441 2421 1590 2466; x_wconf 88' lang='lat' dir='ltr'>receptis</span> <span class='ocrx_word' id='word_1_600' title='bbox 1609 2422 1742 2465; x_wconf 86' lang='lat' dir='ltr'>(Thuc.</span> 
     </span>
     <span class='ocr_line' id='line_1_102' title="bbox 936 2465 1741 2513; baseline 0.004 -15"><span class='ocrx_word' id='word_1_601' title='bbox 936 2466 968 2505; x_wconf 91' lang='lat'>1,</span> <span class='ocrx_word' id='word_1_602' title='bbox 993 2465 1066 2507; x_wconf 86' lang='lat'>3.);</span> <span class='ocrx_word' id='word_1_603' title='bbox 1104 2470 1175 2499; x_wconf 89' lang='lat' dir='ltr'>tum</span> <span class='ocrx_word' id='word_1_604' title='bbox 1209 2466 1376 2501; x_wconf 85' lang='lat' dir='ltr'>institutis</span> <span class='ocrx_word' id='word_1_605' title='bbox 1411 2467 1503 2501; x_wconf 82' lang='lat' dir='ltr'>ludis</span> <span class='ocrx_word' id='word_1_606' title='bbox 1537 2467 1741 2513; x_wconf 86' lang='lat' dir='ltr'>Olympicis,</span> 
     </span>
     <span class='ocr_line' id='line_1_103' title="bbox 935 2510 1741 2554; baseline 0.004 -10"><span class='ocrx_word' id='word_1_607' title='bbox 935 2510 978 2544; x_wconf 88' lang='lat' dir='ltr'>ad</span> <span class='ocrx_word' id='word_1_608' title='bbox 1004 2521 1088 2554; x_wconf 91' lang='lat' dir='ltr'>quos</span> <span class='ocrx_word' id='word_1_609' title='bbox 1119 2512 1183 2544; x_wconf 91' lang='lat' dir='ltr'>soli</span> <span class='ocrx_word' id='word_1_610' title='bbox 1207 2513 1369 2547; x_wconf 86' lang='lat' dir='ltr'>Hellenes</span> <span class='ocrx_word' id='word_1_611' title='bbox 1403 2511 1563 2554; x_wconf 81' lang='lat' dir='ltr'>admissi,</span> <span class='ocrx_word' id='word_1_612' title='bbox 1598 2518 1633 2547; x_wconf 90' lang='lat' dir='ltr'>et</span> <span class='ocrx_word' id='word_1_613' title='bbox 1658 2525 1741 2547; x_wconf 93' lang='lat' dir='ltr'>con-</span> 
     </span>
     <span class='ocr_line' id='line_1_104' title="bbox 935 2540 1741 2605; baseline 0.005 -16"><span class='ocrx_word' id='word_1_614' title='bbox 935 2557 1013 2590; x_wconf 91' lang='lat' dir='ltr'>cilio</span> <span class='ocrx_word' id='word_1_615' title='bbox 1031 2558 1328 2602; x_wconf 79' lang='lat' dir='ltr'>Amphictyonum.</span> <span class='ocrx_word' id='word_1_616' title='bbox 1364 2559 1510 2604; x_wconf 89' lang='lat' dir='ltr'>denique</span> <span class='ocrx_word' id='word_1_617' title='bbox 1528 2540 1661 2593; x_wconf 80' lang='lat' dir='ltr'>Achaei</span> <span class='ocrx_word' id='word_1_618' title='bbox 1683 2571 1741 2605; x_wconf 88' lang='lat' dir='ltr'>ap.</span> 
     </span>
     <span class='ocr_line' id='line_1_105' title="bbox 935 2603 1742 2650; baseline 0.005 -15"><span class='ocrx_word' id='word_1_619' title='bbox 935 2603 1033 2636; x_wconf 88' lang='lat' dir='ltr'>Hom.</span> <span class='ocrx_word' id='word_1_620' title='bbox 1062 2614 1211 2638; x_wconf 86' lang='lat' dir='ltr'>summae</span> <span class='ocrx_word' id='word_1_621' title='bbox 1236 2617 1347 2638; x_wconf 87' lang='lat' dir='ltr'>rerum</span> <span class='ocrx_word' id='word_1_622' title='bbox 1372 2609 1538 2650; x_wconf 87' lang='lat' dir='ltr'>praesunt</span> <span class='ocrx_word' id='word_1_623' title='bbox 1566 2607 1599 2639; x_wconf 89' lang='lat' dir='ltr'>in</span> <span class='ocrx_word' id='word_1_624' title='bbox 1623 2605 1742 2639; x_wconf 62' lang='grc'>’11155-</span> 
     </span>
    </p>
   </div>
   <div class='ocr_carea' id='block_1_7' title="bbox 933 2649 1790 2740">
    <p class='ocr_par' dir='ltr' id='par_1_9' title="bbox 933 2649 1790 2740">
     <span class='ocr_line' id='line_1_106' title="bbox 933 2649 1790 2704; baseline 0.004 -21"><span class='ocrx_word' id='word_1_625' title='bbox 933 2649 1020 2683; x_wconf 85' lang='lat' dir='ltr'>salia</span> <span class='ocrx_word' id='word_1_626' title='bbox 1046 2656 1081 2682; x_wconf 90' lang='lat' dir='ltr'>et</span> <span class='ocrx_word' id='word_1_627' title='bbox 1105 2650 1361 2704; x_wconf 82' lang='lat' dir='ltr'>Peloponneso,</span> <span class='ocrx_word' id='word_1_628' title='bbox 1394 2651 1577 2684; x_wconf 88' lang='lat' dir='ltr'>Graeciam</span> <span class='ocrx_word' id='word_1_629' title='bbox 1602 2651 1741 2696; x_wconf 87' lang='lat' dir='ltr'>proprie</span> <span class='ocrx_word' id='word_1_630' title='bbox 1786 2660 1790 2703; x_wconf 64' lang='grc' dir='ltr'>ξ</span> 
     </span>
     <span class='ocr_line' id='line_1_107' title="bbox 935 2696 1788 2740; baseline 0.005 -11"><span class='ocrx_word' id='word_1_631' title='bbox 935 2696 1082 2736; x_wconf 83' lang='lat' dir='ltr'>dictam,</span> <span class='ocrx_word' id='word_1_632' title='bbox 1112 2696 1186 2729; x_wconf 88' lang='lat' dir='ltr'>sive</span> <span class='ocrx_word' id='word_1_633' title='bbox 1206 2698 1379 2740; x_wconf 83' lang='lat' dir='ltr'>regionem</span> <span class='ocrx_word' id='word_1_634' title='bbox 1402 2697 1492 2731; x_wconf 92' lang='lat' dir='ltr'>inter</span> <span class='ocrx_word' id='word_1_635' title='bbox 1514 2697 1679 2731; x_wconf 74' lang='lat' dir='ltr'>isthmum</span> <span class='ocrx_word' id='word_1_636' title='bbox 1704 2701 1741 2732; x_wconf 88' lang='lat' dir='ltr'>et</span> <span class='ocrx_word' id='word_1_637' title='bbox 1785 2714 1788 2739; x_wconf 69' lang='lat'>,¹</span> 
     </span>
    </p>
   </div>
   <div class='ocr_carea' id='block_1_8' title="bbox 934 2742 1740 2835">
    <p class='ocr_par' dir='ltr' id='par_1_10' title="bbox 934 2742 1740 2835">
     <span class='ocr_line' id='line_1_108' title="bbox 935 2742 1740 2788; baseline 0.002 -13"><span class='ocrx_word' id='word_1_638' title='bbox 935 2743 1070 2782; x_wconf 81' lang='lat' dir='ltr'>Oetam,</span> <span class='ocrx_word' id='word_1_639' title='bbox 1095 2742 1321 2776; x_wconf 86' lang='lat' dir='ltr'>incolentibus</span> <span class='ocrx_word' id='word_1_640' title='bbox 1341 2743 1471 2777; x_wconf 78' lang='lat' dir='ltr'>Aeolici</span> <span class='ocrx_word' id='word_1_641' title='bbox 1490 2742 1610 2777; x_wconf 85' lang='lat' dir='ltr'>Dorici</span> <span class='ocrx_word' id='word_1_642' title='bbox 1634 2748 1740 2788; x_wconf 84' lang='lat' dir='ltr'>atque</span> 
     </span>
     <span class='ocr_line' id='line_1_109' title="bbox 934 2787 1740 2835; baseline 0 -13"><span class='ocrx_word' id='word_1_643' title='bbox 934 2787 1043 2822; x_wconf 87' lang='lat' dir='ltr'>lonici</span> <span class='ocrx_word' id='word_1_644' title='bbox 1059 2788 1197 2831; x_wconf 75' lang='lat' dir='ltr'>geneiis</span> <span class='ocrx_word' id='word_1_645' title='bbox 1216 2789 1363 2833; x_wconf 85' lang='lat' dir='ltr'>populis.</span> <span class='ocrx_word' id='word_1_646' title='bbox 1414 2790 1472 2835; x_wconf 82' lang='lat' dir='ltr'>qui</span> <span class='ocrx_word' id='word_1_647' title='bbox 1496 2801 1578 2823; x_wconf 77' lang='lat' dir='ltr'>vero</span> <span class='ocrx_word' id='word_1_648' title='bbox 1598 2789 1653 2822; x_wconf 83' lang='lat' dir='ltr'>hic</span> <span class='ocrx_word' id='word_1_649' title='bbox 1668 2801 1740 2823; x_wconf 83' lang='lat' dir='ltr'>me-</span> 
     </span>
    </p>
   </div>
   <div class='ocr_carea' id='block_1_9' title="bbox 934 2835 1785 2879">
    <p class='ocr_par' dir='ltr' id='par_1_11' title="bbox 934 2835 1785 2879">
     <span class='ocr_line' id='line_1_110' title="bbox 934 2835 1785 2879; baseline -0.002 -11"><span class='ocrx_word' id='word_1_650' title='bbox 934 2842 1108 2868; x_wconf 81' lang='lat' dir='ltr'>morantur</span> <span class='ocrx_word' id='word_1_651' title='bbox 1130 2835 1269 2874; x_wconf 82' lang='lat' dir='ltr'>Achaei,</span> <span class='ocrx_word' id='word_1_652' title='bbox 1298 2847 1364 2868; x_wconf 92' lang='lat' dir='ltr'>non</span> <span class='ocrx_word' id='word_1_653' title='bbox 1381 2847 1496 2869; x_wconf 86' lang='lat' dir='ltr'>omnes</span> <span class='ocrx_word' id='word_1_654' title='bbox 1520 2835 1739 2879; x_wconf 83' lang='lat' dir='ltr'>intelligendi</span> <span class='ocrx_word' id='word_1_655' title='bbox 1783 2862 1785 2866; x_wconf 88' lang='lat'>.</span> 
     </span>
    </p>
   </div>
   <div class='ocr_carea' id='block_1_10' title="bbox 934 2879 1740 3066">
    <p class='ocr_par' dir='ltr' id='par_1_12' title="bbox 934 2879 1740 3066">
     <span class='ocr_line' id='line_1_111' title="bbox 934 2879 1738 2923; baseline 0 -9"><span class='ocrx_word' id='word_1_656' title='bbox 934 2884 1031 2921; x_wconf 84' lang='lat' dir='ltr'>sunt,</span> <span class='ocrx_word' id='word_1_657' title='bbox 1064 2879 1125 2913; x_wconf 91' lang='lat' dir='ltr'>sed</span> <span class='ocrx_word' id='word_1_658' title='bbox 1164 2881 1308 2914; x_wconf 80' lang='lat' dir='ltr'>Phthiae</span> <span class='ocrx_word' id='word_1_659' title='bbox 1340 2886 1375 2914; x_wconf 91' lang='lat' dir='ltr'>et</span> <span class='ocrx_word' id='word_1_660' title='bbox 1407 2881 1564 2915; x_wconf 89' lang='lat' dir='ltr'>Helladis</span> <span class='ocrx_word' id='word_1_661' title='bbox 1594 2881 1738 2923; x_wconf 79' lang='lat' dir='ltr'>incolae,</span> 
     </span>
     <span class='ocr_line' id='line_1_112' title="bbox 935 2927 1739 2973; baseline -0.002 -11"><span class='ocrx_word' id='word_1_662' title='bbox 935 2931 1034 2973; x_wconf 83' lang='lat' dir='ltr'>post,</span> <span class='ocrx_word' id='word_1_663' title='bbox 1060 2933 1227 2970; x_wconf 87' lang='lat' dir='ltr'>occupata</span> <span class='ocrx_word' id='word_1_664' title='bbox 1251 2927 1468 2968; x_wconf 88' lang='lat' dir='ltr'>Phthiotide,</span> <span class='ocrx_word' id='word_1_665' title='bbox 1504 2927 1668 2972; x_wconf 86' lang='lat' dir='ltr'>appellati</span> <span class='ocrx_word' id='word_1_666' title='bbox 1692 2929 1739 2960; x_wconf 82' lang='lat' dir='ltr'><em>A·</em></span> 
     </span>
     <span class='ocr_line' id='line_1_113' title="bbox 934 2972 1740 3018; baseline -0.001 -10"><span class='ocrx_word' id='word_1_667' title='bbox 934 2972 1032 3008; x_wconf 82' lang='lat' dir='ltr'>chaei</span> <span class='ocrx_word' id='word_1_668' title='bbox 1057 2973 1260 3014; x_wconf 81' lang='lat' dir='ltr'>Phthiotae3</span> <span class='ocrx_word' id='word_1_669' title='bbox 1293 2973 1352 3018; x_wconf 90' lang='lat' dir='ltr'>qui</span> <span class='ocrx_word' id='word_1_670' title='bbox 1376 2974 1418 3007; x_wconf 90' lang='lat' dir='ltr'>ad</span> <span class='ocrx_word' id='word_1_671' title='bbox 1444 2973 1612 3007; x_wconf 88' lang='lat' dir='ltr'>Herodoti</span> <span class='ocrx_word' id='word_1_672' title='bbox 1637 2973 1740 3006; x_wconf 85' lang='lat' dir='ltr'>Thu-</span> 
     </span>
     <span class='ocr_line' id='line_1_114' title="bbox 935 3019 1738 3066; baseline -0.001 -12"><span class='ocrx_word' id='word_1_673' title='bbox 935 3019 1136 3066; x_wconf 87' lang='lat' dir='ltr'>cydidisque</span> <span class='ocrx_word' id='word_1_674' title='bbox 1159 3024 1306 3054; x_wconf 87' lang='lat' dir='ltr'>aetatem</span> <span class='ocrx_word' id='word_1_675' title='bbox 1329 3020 1562 3064; x_wconf 88' lang='lat' dir='ltr'>duraverunt,</span> <span class='ocrx_word' id='word_1_676' title='bbox 1600 3019 1738 3054; x_wconf 84' lang='lat' dir='ltr'>ultimo·</span> 
     </span>
    </p>
   </div>
   <div class='ocr_carea' id='block_1_11' title="bbox 1517 1728 1811 1777">
    <p class='ocr_par' dir='ltr' id='par_1_13' title="bbox 1517 1728 1811 1777">
     <span class='ocr_line' id='line_1_115' title="bbox 1517 1728 1811 1777; baseline -0.003 -15"><span class='ocrx_word' id='word_1_677' title='bbox 1517 1728 1749 1773; x_wconf 83' lang='lat' dir='ltr'>Myrmidones</span> <span class='ocrx_word' id='word_1_678' title='bbox 1810 1768 1811 1777; x_wconf 13' lang='grc' dir='ltr'>ἵ</span> 
     </span>
    </p>
   </div>
   <div class='ocr_carea' id='block_1_12' title="bbox 1780 1775 1811 3269">
    <p class='ocr_par' dir='ltr' id='par_1_14' title="bbox 1780 1775 1811 3269">
     <span class='ocr_line' id='line_1_116' title="bbox 1780 1775 1811 3269; baseline -0.839 -171"><span class='ocrx_word' id='word_1_679' title='bbox 1780 1775 1811 3269; x_wconf 95' lang='lat' dir='ltr'>    </span> 
     </span>
    </p>
   </div>
   <div class='ocr_carea' id='block_1_13' title="bbox 1777 2895 1783 3015">
    <p class='ocr_par' dir='ltr' id='par_1_15' title="bbox 1777 2895 1783 3015">
     <span class='ocr_line' id='line_1_117' title="bbox 1777 2895 1783 3015; baseline 0 0"><span class='ocrx_word' id='word_1_680' title='bbox 1777 2895 1783 3015; x_wconf 75' lang='lat'>1</span> 
     </span>
    </p>
   </div>
   <div class='ocr_carea' id='block_1_14' title="bbox 1774 3025 1780 3130">
    <p class='ocr_par' dir='ltr' id='par_1_16' title="bbox 1774 3025 1780 3130">
     <span class='ocr_line' id='line_1_118' title="bbox 1774 3025 1780 3088; baseline 0 0"><span class='ocrx_word' id='word_1_681' title='bbox 1774 3025 1780 3088; x_wconf 71' lang='lat' dir='ltr'>l</span> 
     </span>
     <span class='ocr_line' id='line_1_119' title="bbox 1774 3092 1778 3130; baseline 0 -4"><span class='ocrx_word' id='word_1_682' title='bbox 1774 3092 1778 3130; x_wconf 71' lang='grc'>1</span> 
     </span>
    </p>
   </div>
   <div class='ocr_carea' id='block_1_15' title="bbox 1771 3179 1775 3266">
    <p class='ocr_par' dir='ltr' id='par_1_17' title="bbox 1771 3179 1775 3266">
     <span class='ocr_line' id='line_1_120' title="bbox 1771 3179 1775 3266; baseline 0 -80"><span class='ocrx_word' id='word_1_683' title='bbox 1771 3179 1775 3266; x_wconf 49' lang='lat' dir='ltr'>j</span> 
     </span>
    </p>
   </div>
  </div>
 </body>
</html>
