1811 3269
82 193 167 233 244

725 188 1125 230 ΟΜΗΡΟΥ

139 300 222 345 450
252 298 362 341 ἔνθα
391 296 434 341 δ’
466 295 545 354 ἅμ’
583 295 752 369 οἰμωγή
782 312 826 340 τε
855 297 928 341 καὶ
960 294 1144 370 εὐχηωλή
1162 297 1290 342 πέλεν
1321 297 1498 369 ἀνδρῶν

254 353 481 424 ὀλλύντων
511 370 554 397 τε
584 354 657 397 καὶ
690 352 960 410 ὀλλυμένων·
995 355 1064 408 ῥέε
1099 353 1144 397 6’
1175 357 1323 410 αι’ματι
1351 361 1466 411 γαῖα

253 410 312 462 ὠς
343 409 389 454 δ’
421 411 491 454 ὅτε
521 411 748 466 χείμαῤῥοι
777 412 966 466 ποταμοὶ
995 408 1094 453 κατ’
1125 409 1278 466 ὄρεσφι
1311 414 1485 468 ῥέοντες

252 468 296 519 ἐς
325 467 610 523 μισγάγκειαν
641 452 930 522 ξυμβάλλετόν
960 467 1148 521 ὄβριμον
1176 469 1297 521 ὕδωρ

251 529 453 577 κρουνῶν
483 524 530 567 ἐκ
561 523 760 593 μεγάλων
792 527 941 595 κοίλης
969 523 1147 566 ἔντοσθε
1177 525 1412 596 χαράδρης.

138 583 220 627 455
253 585 340 623 τῶν
371 580 417 623 δέ
447 596 491 623 τε
520 581 673 651 τηλόσε
703 582 873 650 δοῦπον
903 581 950 623 έν
983 579 1161 633 οὔρεσιν
1192 581 1313 625 ἔκλυε
1343 582 1519 640 ποιμήν,

255 637 313 687 ὡς
344 641 434 679 τῶν
463 637 737 709 μισγομένων
767 637 913 693 γένετο
944 635 1043 691 ἰαχή
1073 652 1118 679 τε
1149 636 1291 693 φόβος
1319 654 1376 681 τε.

334 697 519 747 Πρῶτος
556 693 595 737 δ’
623 692 867 762 Ἀντίλοχος
905 693 1072 747 Τρώων
1102 693 1197 736 ε’λεν
1229 694 1370 747 άνδρα
1399 696 1634 754 κορυστην,

250 747 411 793 εσθλὸν
445 750 509 793 ἐνὶ
538 750 821 806 προμάχοισι,
856 750 1137 805 Θαλυσιάδην
1163 749 1425 805 Ἐχέπωλον·

253 807 331 848 τόν
364 805 406 861 ῥ’
439 807 563 877 ἔβαλε
592 812 765 862 πρῶτος
794 806 990 861 κόρυθος
1007 807 1179 878 φάλον
1196 809 1494 882 ἱπποδασείης,

139 866 223 909 460
255 862 302 904 ἐν
333 864 378 906 δὲ
408 862 589 920 μετώπῳ
623 866 752 919 πῆξε,
785 864 943 918 πέρησε
974 862 1017 907 δ’
1050 862 1125 917 ἄρ’
1156 862 1311 907 ὀστέον
1341 866 1442 908 είσω

255 918 386 988 αἰχμη
414 923 608 991 χαλκείη
640 921 719 963 τὸν
749 921 795 963 δὲ
827 919 981 971 σκότος
1015 919 1116 963 ὄσσε
1145 919 1360 971 κάλυψεν·

252 975 384 1044 ἤριπε
415 975 459 1019 δ’
495 994 552 1026 ως
581 976 653 1020 ὅτε
683 975 855 1032 πύργος
882 976 945 1019 ἐνὶ
975 994 1164 1033 κρατερη
1195 977 1371 1034 ὑσμίνῃ.

250 1032 330 1075 τὸν
361 1032 407 1076 δε
438 1032 628 1076 πεσόντα
658 1035 811 1077 ποδῶν
842 1033 966 1103 ε’λαβε
997 1035 1156 1087 κρείων
1179 1034 1432 1090 Ἐλεφήνωρ

253 1090 677 1161 Χαλκωδοντιάδης,
709 1089 978 1146 μεγαθύμων
1009 1090 1139 1146 ἀρχὸς
1163 1089 1397 1161 Ἀβάντων,

137 1148 220 1190 465
251 1145 345 1188 ἕλκε
377 1144 419 1189 δ’
455 1144 533 1189 ὕπ’
566 1147 612 1190 ἐκ
643 1147 824 1203 βελέων,
855 1148 1126 1204 λελιημένος,
1158 1147 1278 1202 ὄφρα
1307 1149 1484 1204 τάχιστα

250 1202 401 1257 τεύχεα
432 1203 645 1275 συλήσειε.

707 1206 902 1259 μίνυνθα
931 1206 977 1248 δέ
1010 1207 1053 1249 οἱ
1080 1205 1227 1259 γένεθ’
1260 1205 1399 1278 ὁρμή·

251 1258 410 1313 νεκρὸν
439 1259 523 1315 γάρ
555 1260 601 1314 ρ’
632 1260 818 1313 ἐρύοντα
848 1260 957 1303 ἰδών
986 1263 1240 1334 μεγάθυμος
1264 1261 1459 1316 Ἀγήνωρ

250 1316 440 1369 πλευρὰ,
472 1317 525 1359 τά
557 1319 600 1360 οἱ
628 1317 820 1368 κύψαντι
850 1317 957 1372 παρ’
990 1317 1173 1369 ἀσπίδος
1205 1318 1467 1375 ἐξεφαάνθη,

252 1371 408 1429 οὔτησε
439 1374 581 1431 ξυστῷ
611 1373 838 1430 χαλκήρεϊ,
867 1379 972 1418 λῦσε
1000 1375 1046 1418 δὲ
1076 1380 1193 1431 γυῖα

125 1461 206 1497 451.
256 1459 348 1498 ὄλλ.
383 1475 429 1498 τε
460 1463 537 1499 και
576 1462 895 1510 όλλ.11)15ΐε1·011-

80 1517 255 1554 proteron,
282 1510 371 1553 quod
399 1511 559 1554 congruit
583 1513 717 1545 turbae.
766 1512 896 1566 alioqui

80 1555 234 1599 proclixe
267 1563 343 1590 erat
376 1560 500 1600 poetae
534 1557 652 1591 dicere
685 1557 894 1616 ὀλλυμένων

79 1613 118 1635 τε
142 1601 204 1635 καὶ
231 1598 428 1637 ὀλλύντων.
452 1621 497 1626 -
522 1603 625 1637 Sch.:
650 1603 772 1647 ῥέεν.
811 1604 894 1638 αντὶ

79 1649 149 1682 τοῦ
174 1646 300 1691 ἐχεῖτο.
330 1648 371 1688 Ε,
394 1659 492 1692 quem
518 1649 551 1682 H
577 1649 620 1682 ad
647 1656 764 1704 partes
789 1662 895 1684 voca-

81 1693 150 1727 vit:
191 1713 226 1717 —-
267 1693 523 1738 ἐνεργητικῶς,
560 1694 653 1738 πρὸς
689 1693 894 1740 ὁμοιότητα

79 1741 149 1775 τοῦ
175 1738 311 1783 ἒῤῥεε
350 1741 587 1783 δακρύοις
621 1740 891 1786 ὀφθαλμός,

82 1783 172 1828 ὅπερ
198 1785 237 1821 ἐν
262 1789 312 1830 τῷ
335 1787 418 1830 περὶ
435 1791 621 1842 προνοίας
646 1789 761 1832 φησὶν
790 1791 891 1824 Aim-

81 1832 183 1873 ανός.
219 1831 255 1876 ἔχ
260 1847 288 1868 ει
315 1832 354 1868 δέ
372 1847 408 1868 τι
432 1830 564 1877 ὅμοιον
589 1837 701 1869 τοῦτο
724 1836 784 1870 καὶ
801 1834 894 1879 πρὸς

80 1879 124 1914 τὸ
158 1878 272 1923 λέγειν
308 1878 710 1933 ἀνακεχωρηκότα
742 1882 893 1918 τόπον

80 1925 147 1961 τόν
174 1925 310 1970 ἔρημον
334 1927 397 1961 καὶ
424 1923 581 1982 ἥσυχον·
608 1925 659 1967 ὡς
686 1942 755 1972 γαρ
780 1927 893 1986 τόπος

81 1970 285 2016 αναχωρεῖν
319 1972 476 2017 λέγεται,
512 1971 609 2007 ου’τω
642 1975 703 2008 καὶ
728 1976 774 2019 γῆ
799 1974 893 2016 ῥέειν

81 2025 146 2053 etc.
183 2019 226 2052 cf.
254 2020 371 2052 Schol.
397 2019 565 2064 Apollonii
593 2019 634 2053 ad
663 2023 826 2062 1‚1146.

127 2065 216 2105 452,
241 2066 275 2099 3.
323 2078 434 2108 χειμ.
478 2066 513 2100 οἱ
545 2067 722 2122 χειμῶνος
749 2066 895 2110 ῥέοντες

79 2111 265 2152 ποτααοὶ,
301 2113 362 2147 καὶ
398 2110 646 2166 πληρούμενοι
679 2111 752 2148 απὸ
778 2112 894 2171 μεγά-

80 2161 153 2192 λων
179 2157 338 2213 ὄμβρων.
368 2159 419 2201 (v.
430 2158 457 2192 λ’
463 2160 565 2200 ,492.
581 2171 678 2203 seqq.
699 2160 762 2204 K.)
786 2158 890 2194 κατ’

81 2203 148 2246 ὄρ.
185 2203 280 2239 κατὰ
306 2204 380 2238 τῶν
408 2203 518 2248 ὀρῶν.
547 2204 590 2246 ἐς
614 2217 738 2248 μισγ.
773 2205 894 2249 (ἅπαξ

79 2250 170 2294 λεγ)
207 2252 257 2290 εἰς
282 2254 406 2285 κοῖλον
429 2251 557 2292 τόπον,
583 2251 710 2287 ἔνθα
695 2254 790 2295 ομοῦ
803 2265 894 2296 συμ-

80 2299 247 2341 μίσγεται
262 2297 302 2331 τὸ
326 2296 427 2341 ὕδωρ
447 2296 519 2333 ἀπὸ
540 2297 734 2342 διαφόρων
752 2300 893 2334 τόπων.

82 2344 212 2388 συμβ.
236 2342 496 2389 συμβάλλουσι,
517 2347 793 2389 συμμίσγουσιν.
811 2346 893 2388 (imo

81 2390 225 2434 pluralis
250 2391 408 2434 ποταμοὶ
436 2391 547 2423 dictus
573 2397 626 2424 est
652 2404 713 2436 pro
738 2392 843 2432 duali,
857 2397 895 2425 ut

81 2447 186 2479 saepe
212 2436 305 2469 alias
357 2444 601 2481 comparantur
626 2437 692 2471 duo
723 2443 894 2471 torrentes

81 2482 214 2515 duobus
240 2483 459 2516 exercitibus.
496 2494 530 2516 v.
557 2485 601 2515 W
628 2489 664 2516 et
688 2484 754 2528 U.)
795 2481 893 2529 ὅβρ.

82 2527 336 2570 πολυχρονον,
362 2530 398 2572 (ἳ
411 2529 562 2562 voluitne
588 2528 844 2574 πολύκρουνον
855 2532 893 2575 2)

83 2571 107 2618 ἢ
134 2573 296 2616 ἰσχυρόν.
322 2575 404 2608 Sch.

129 2619 211 2653 454.
258 2620 460 2663 κρουνοὶ
480 2621 712 2674 (scatebrae)
747 2622 786 2656 αἱ
819 2635 893 2656 των

81 2665 291 2722 χειμάρρων
315 2665 447 2711 ἀρχαὶ,
469 2664 592 2708 ω’σπερ
621 2668 735 2711 πηγαὶ
762 2668 800 2703 αἱ
820 2670 894 2703 τῶν

84 2709 264 2747 αεννάων.
310 2731 355 2736 -
396 2713 624 2757 χαράδρα
665 2715 799 2758 κυρίως
833 2714 892 2751 ἐπὶ

83 2757 305 2816 χειμάῤῥου,
341 2755 380 2798 ὃς
414 2759 508 2803 ῥέων
537 2759 708 2815 χαράττει
734 2761 892 2807 δραστη-

84 2805 172 2848 ρίως
195 2804 262 2848 τήν
301 2806 390 2848 γῆν·
439 2804 497 2840 επὶ
531 2805 571 2840 ὁε
605 2803 765 2843 άεννοὶου
806 2811 893 2848 ι’σως

86 2850 131 2885 οὐ
152 2849 252 2885 πάνυ
277 2850 658 2896 κυριολεκτηθήσεται.
681 2854 736 2887 Ex
759 2854 803 2889 E.
839 2855 891 2888 si-

84 2897 210 2930 militer
246 2897 326 2930 Sch.
357 2903 394 2931 et
431 2901 492 2941 Ap.
530 2909 563 2932 v.
597 2898 782 2945 χαράδραι
821 2900 891 2944 (π’,

84 2943 202 2986 39o.‚)
227 2943 285 2976 ubi
308 2954 340 2976 v.
359 2942 516 2997 interpp.

131 2987 211 3024 456.
259 2987 368 3034 ἰαχή
404 3002 452 3024 τε
479 2988 629 3044 φοβος
653 3002 711 3026 τε
747 2990 892 3025 hendia-

86 3033 164 3078 dyS.
191 3040 433 3080 comparantur
464 3047 539 3070 cum
572 3036 667 3072 hisce
703 3036 892 3082 Virgiliana

942 1467 1026 1500 Aen.
1048 1467 1088 1508 2,
1115 1467 1194 1502 305.
1221 1469 1256 1500 et
1281 1468 1344 1506 12,
1367 1467 1468 1507 523.,
1492 1469 1528 1499 et
1550 1465 1750 1511 Klopstock.

942 1515 1047 1548 Mess.
1073 1515 1117 1555 8,
1144 1515 1220 1548 139.
1245 1525 1277 1545 v.
1306 1513 1340 1545 H
1365 1517 1398 1546 et
1426 1512 1549 1546 Eichh.

988 1558 1067 1593 457.
1115 1572 1208 1602 κορ.
1233 1558 1454 1603 πολεμιστὴν
1473 1563 1539 1592 etc.
1565 1559 1648 1594 Sch.
1679 1570 1750 1604 ga-

941 1606 1090 1647 leatum,
1115 1606 1338 1645 bellatorem,
1371 1616 1392 1638 a
1417 1609 1518 1649 parte
1543 1611 1749 1640 armaturae.

985 1653 1065 1685 457.
1119 1652 1189 1695 jam
1220 1652 1329 1685 refert
1367 1651 1575 1695 singulorum
1610 1651 1750 1686 fortiter

940 1703 1061 1740 gesta3
1094 1709 1193 1741 quam
1226 1698 1459 1731 narrationem
1490 1696 1525 1730 in
1559 1709 1629 1732 rem
1652 1709 1749 1732 suam

940 1743 1152 1777 convertisse
1186 1743 1447 1788 Xenophontem
1480 1743 1616 1777 Hellen.
1645 1741 1686 1787 4,
1712 1745 1748 1786 3,

942 1791 1106 1823 10-12,
1136 1795 1172 1823 et
1199 1790 1391 1834 Cyrop.‘7‚
1419 1793 1434 1824 1
1451 1815 1460 1830 ‚
1486 1790 1531 1825 33
1548 1790 1653 1825 -38.
1682 1801 1747 1834 pu-

938 1836 1037 1868 tabat
1053 1836 1276 1879 Ruhkopfius.
1296 1855 1340 1859 —
1363 1836 1565 1869 Antilochus
1584 1841 1620 1869 et
1636 1836 1748 1869 Ἰῆνα-

939 1882 1091 1924 symedes
1111 1882 1270 1915 Nestoris
1299 1881 1444 1915 filiorum
1465 1881 1633 1916 notissimi
1656 1885 1748 1924 sunt,

940 1938 1080 1969 quorum
1106 1927 1329 1968 Antilochus,
1354 1927 1430 1961 olim
1457 1932 1492 1961 et
1521 1928 1598 1972 ipse
1625 1939 1749 1972 procus

939 1973 1092 2006 Helenae
1115 1978 1149 2006 et
1174 1974 1387 2007 Graecorum
1420 1974 1512 2007 inter
1544 1973 1749 2008 fortissimos
1810 1993 1811 1997 =

941 2025 1138 2052 numeratus
1162 2031 1227 2052 non
1262 2020 1382 2064 paucis
1419 2020 1577 2054 hostibus
1610 2020 1747 2062 occisis,

942 2065 1020 2098 dum
1052 2072 1184 2109 patrem
1223 2066 1379 2099 defendit
1421 2071 1539 2100 contra
1574 2066 1748 2108 Paridem,

940 2111 1016 2155 ipse
1045 2111 1215 2144 Memnoni
1244 2112 1391 2155 (Odyss.
1414 2111 1458 2153 δ’,
1489 2112 1586 2155 188.)
1623 2122 1747 2146 succu-

941 2158 1025 2190 buit.
1059 2157 1102 2190 de
1135 2169 1200 2201 quo
1231 2157 1424 2212 Xenophon
1447 2158 1642 2214 Cyneg.l‚
1669 2157 1746 2193 14.

939 2200 1135 2246 Ἀντίλοχος
1163 2204 1231 2237 τοῦ
1270 2201 1410 2245 πατρὸς
1441 2201 1748 2246 ὑπεραποθανων

939 2248 1122 2293 τοσαύτης
1147 2248 1270 2292 ἔτυχεν
1294 2247 1478 2290 εὐκλείας,
1513 2261 1605 2284 ωστε
1625 2249 1748 2307 μόνος

942 2295 1158 2338 φιλοπάτωρ
1185 2294 1287 2337 παροὶ
1322 2299 1399 2336 τοῖς
1417 2293 1590 2341 ’Ἑλλησιν
1609 2293 1746 2342 οἷναγο-

940 2344 1135 2386 ρευθῆναι.
1184 2343 1318 2375 celebre
1351 2353 1471 2376 nomen
1504 2344 1578 2387 ejus
1610 2347 1664 2378 est
1690 2355 1746 2388 ap.

941 2389 1042 2422 Hom.
1076 2395 1257 2433 praeterea
1292 2399 1325 2420 v.
1359 2388 1458 2421 Pind.
1498 2390 1600 2434 Pyth.
1629 2391 1673 2430 6,
1700 2391 1746 2424 28

940 2446 1059 2479 seqq.‚
1083 2435 1201 2479 ibique
1222 2434 1311 2474 Th.,
1339 2434 1383 2475 Q.
1407 2434 1526 2468 Calah.
1542 2437 1577 2476 2,
1602 2435 1672 2477 43.,
1701 2437 1746 2470 Α-

940 2481 1108 2526 pollodori
1129 2481 1279 2524 interpp
1306 2482 1348 2519 1,
1373 2482 1417 2520 9,
1443 2482 1476 2515 9.
1501 2481 1665 2526 aliosque.

985 2527 1073 2568 458,
1097 2529 1130 2562 9.
1183 2528 1285 2562 Θαλ.
1323 2528 1510 2562 Θαλυσίον
1524 2530 1652 2562 παῖδα.
1663 2527 1746 2562 Sch.

941 2574 1112 2607 Anchisae
1128 2573 1173 2606 fil
1195 2573 1388 2628 Echepolus
1402 2579 1681 2608 commemoratur
1691 2575 1746 2618 ψ’,

939 2620 1021 2654 296.
1047 2639 1092 2644 --
1116 2619 1210 2653 ἱππ.
1243 2617 1285 2662 γ’,
1305 2620 1388 2674 3369.

985 2666 1066 2700 462.
1114 2662 1167 2710 ἥρ
1148 2677 1266 2708 ριπε.
1301 2663 1438 2700 ἔ.πεσεν
1456 2663 1745 2712 8ο11.31>ἕρίπω,

939 2709 1081 2754 ἕρείπω.
1117 2712 1255 2745 verbum
1276 2712 1439 2757 frequens
1458 2724 1514 2757 ap.
1535 2712 1635 2746 Hom.

984 2759 1073 2798 465,
1098 2760 1131 2793 6.
1179 2756 1225 2792 ἐκ
1250 2759 1361 2804 βελ.,
1387 2763 1485 2792 extra
1501 2759 1592 2797 tela,
1616 2758 1743 2803 vulgo·

939 2816 1004 2838 aus
1022 2806 1099 2838 dem
1112 2805 1403 2849 Handgemenge.
1427 2806 1529 2839 Sch.:
1553 2807 1637 2840 λελ.
1656 2817 1746 2860 προ-

938 2850 1198 2894 θυμούμενος,
1224 2849 1470 2891 ἐσπουδακως.
1499 2870 1543 2876 —-
1572 2853 1662 2896 μίν
1688 2846 1744 2886 ἐπ’

940 2896 1076 2940 ολίγον.

984 2945 1064 2984 468,
1089 2945 1121 2979 9.
1171 2939 1290 2986 ἐξεφ.
1314 2941 1486 2987 ἐξεφάνη.
1506 2943 1743 2987 -ξυστῷ,

937 2990 1121 3047 ἐξεσμένῳ
1133 2988 1274 3033 δόρατι.
1295 2990 1354 3032 (λ’,
1378 2991 1458 3030 262,
1477 2988 1547 3025 564
1563 2989 1740 3033 etc.)Sch.

937 3037 1052 3072 λῦσε
1076 3034 1125 3071 δε
1149 3049 1182 3081 γ.
1215 3041 1250 3071 et
1276 3037 1416 3070 resolvit
1444 3037 1617 3077 membra,
1652 3035 1687 3069 11.
1710 3046 1741 3069 e.
