1811 3269
52 155 135 195 206

389 150 787 193 OMHPOY
853 149 1282 190 ΙΛΙΑΔΟΣ
1337 149 1381 188 Γ.

275 265 324 299 ita
349 263 510 311 praemiis
531 262 618 296 deae
641 263 811 296 fruentem
835 261 1069 296 adversarium
1094 262 1225 295 frustra
1251 259 1424 305 quaeritat
1412 258 1600 296 Menelaus.
1627 259 1718 304 Aga-

195 322 349 345 memnon
372 311 510 357 publice
533 308 663 355 repetit
686 313 820 353 pactum
845 309 987 352 pretium
1012 308 1190 341 victoriae.

299 378 515 433 Ἀτρείδης
545 375 590 420 δ’
620 374 689 419 av'
721 376 877 448 ὅμιλον
908 376 1063 431 ἐφοίτα
1091 376 1196 431 θηρὶ
1229 375 1398 426 ἐοικώς,

114 438 196 481 450
227 437 267 479 εἴ
294 451 382 478 που
413 432 700 489 ἐσαθρήσειεν
727 432 1008 486 Ἀλέξανδρον
1036 433 1256 475 θεοειδέα·

227 491 326 536 ἀλλ’
360 490 480 542 οὔτις
513 490 674 534 δύνατο
712 490 874 544 Τρώων
904 492 1086 533 κλειτων
1115 487 1157 530 τ’
1189 488 1436 544 ἐπικούρων

230 550 365 601 δεῖξαι
389 546 676 601 Ἀλέξανδρον
705 546 801 590 τότ’
828 547 1062 601 Ἀρηϊφίλῳ
1095 546 1320 619 Μενελάῳ.

230 604 285 649 οὐ
317 605 413 674 μὲν
425 605 509 661 γὰρ
542 604 741 660 φιλότητί
769 603 816 674 γ’
851 602 1116 654 ἐκεύθανον,
1149 603 1189 644 εἴ
1214 619 1278 653 τις
1308 604 1472 645 ἰ’δοιτο·

230 661 328 705 ἴσον
356 660 440 717 γάρ
472 674 579 718 σφιν
607 665 740 705 πᾶσιν
774 659 992 715 ἀπήχθετο
1021 660 1119 715 κηρὶ
1144 661 1347 729 μελαίνῃ.

118 721 200 764 455
230 724 342 762 τοῖσι
374 720 421 761 δὲ
450 720 524 762 καὶ
553 718 769 774 μετέειπεν
800 717 908 768 ἅναξ
939 716 1116 768 ἀνδρων
1144 714 1443 787 Ἀγαμέμνων

310 775 529 829 ,,Κέκλυτέ
560 792 659 831 μευ,
697 778 844 827 Τρῶες
873 774 943 817 καὶ
974 772 1204 826 Δάρδανοι
1235 771 1307 828 ἠδ’
1342 773 1593 826 ἐπίκουροι]

231 834 334 903 νίκη
369 833 449 903 μὲν
478 832 530 888 δὴ
563 831 735 902 φαίνετ’

770 830 943 887 Ἀρηϊφί
948 834 1026 872 λου
1059 829 1312 872 Μενελάου·

231 889 355 944 ὑμεῖς
385 888 427 933 δ’
456 888 652 944 Ἀργείην
676 887 852 959 Ελένην
881 888 954 930 καὶ
983 885 1178 941 κτημαθ’
1212 885 1286 941 ἅμ’
1320 885 1432 943 αὐτῆ

232 946 402 998 ε’κδοτε,
432 947 506 990 καὶ
535 945 666 1001 τιμὴν
698 943 978 1017 ἀποτινέμεν,
1008 942 1153 1011 ηντιν’
1185 943 1340 995 εὀικεν,

119 1003 320 1073 460*ἥτε
347 1003 420 1046 καὶ
451 1002 723 1057 ἐσσομένοισι
753 1000 848 1055 μετ’
882 999 1162 1054 ανθρωποισι
1191 1001 1383 1071 πέληται.
1390 1005 1417 1024 “

293 1059 378 1110 Ὠς
408 1058 532 1114 ε”φατ
563 1058 797 1115 Ἀτρείδης·
830 1058 898 1103 ἐπὶ
930 1056 971 1101 6⁷
1004 1057 1139 1114 ᾔνεον
1170 1057 1295 1100 ἄλλοι
1322 1055 1496 1112 Ἀχαιοί.

62 1162 150 1203 720,
177 1162 307 1218 Odyss.
332 1161 379 1205 α’,
403 1160 494 1219 440,
517 1161 560 1207 γ’,
585 1164 652 1197 399
674 1166 740 1196 etc.
773 1162 875 1196 Sch.:

60 1207 349 1253 τετρυπημένοις
372 1208 465 1253 πρὸς
498 1209 566 1255 τήν
600 1210 675 1243 τῶν
702 1210 876 1253 σχοινίων

63 1254 175 1290 δέσιν.
223 1255 360 1309 ,τρέω,
402 1268 480 1299 τερε
465 1255 535 1298 ε’,ω
573 1257 768 1297 τιτραίνω,
803 1266 877 1288 curn

62 1302 204 1345 proprie
236 1301 282 1334 sit
315 1302 478 1346 perforo,
522 1302 713 1335 dubitatum
749 1306 802 1333 est
835 1301 878 1334 de

61 1358 163 1380 sensu
190 1347 290 1390 hujus
317 1347 485 1382 vocabuli.
536 1359 556 1381 a
580 1348 751 1391 plerisque
769 1347 879 1380 reser-

61 1396 120 1426 tur
145 1392 188 1427 ad
214 1394 400 1434 foramina,
435 1405 498 1438 per
523 1405 612 1438 quae
643 1394 734 1431 lora,
771 1392 878 1436 ἱμάν-

62 1451 143 1481 τες,
181 1439 400 1482 trajiciuntur
424 1440 466 1473 ad
492 1440 715 1473 continendas
738 1445 875 1482 stragu-

64 1485 114 1519 las
141 1490 267 1518 vestes.
327 1486 388 1519 sed
423 1489 540 1528 τερεῖν
564 1486 697 1520 omnino
724 1491 777 1519 est
802 1492 876 1518 tor-

63 1543 160 1574 nare,
184 1531 354 1576 sculpere,
380 1532 565 1573 fabricari,
600 1531 718 1577 itaque
742 1530 877 1576 τρητὸν

63 1576 166 1622 λέχος
199 1577 284 1611 nihil
315 1578 408 1611 aliud
441 1578 616 1622 significat
641 1589 741 1623 quarn
767 1580 877 1613 δινω-

63 1623 131 1659 τὸν
146 1620 254 1681 λέχος
272 1625 374 1658 391“
399 1630 466 1658 etc.
493 1625 545 1657 Ex
562 1624 607 1656 Η

109 1669 190 1705 450.
237 1667 398 1715 ἐσαθρ.
423 1671 528 1704 semel
553 1670 654 1704 dixit.
682 1689 724 1694 —
758 1672 876 1705 θεο-

65 1715 198 1752 ειδέα
230 1721 382 1750 extremo
408 1727 531 1758 vers-u,
573 1720 613 1750 ut
638 1715 879 1752 Πολυδεύκεα

109 1809 191 1844 451.
238 1808 456 1843 κλειτῶν.
482 1806 654 1850 ἐνδόξων.
670 1809 785 1843 Schol.
797 1820 877 1850 vox,

65 1855 186 1900 quales
210 1855 314 1895 δῖος,
337 1857 446 1894 θεῖος
470 1860 536 1888 etc.
570 1867 603 1888 v.
630 1865 706 1887 ann.
733 1853 779 1895 α’,
808 1854 841 1888 4.

112 1900 204 1958 453,
229 1899 261 1936 4·
313 1914 357 1936 ου
385 1901 456 1945 γὰρ
482 1914 527 1934 αν
553 1899 616 1935 δια
651 1903 779 1944 φιλίαν
812 1899 878 1934 αι’-

66 1946 134 1983 τὸν
160 1946 355 1990 ε’κρυπτον.
419 1952 529 1982 ἱσον
553 1966 593 1970 -
618 1951 706 1988 μελ.
743 1945 880 1987 πάντες

66 1991 137 2050 γὰρ
175 1994 289 2036 (male
312 1993 412 2026 libri:
438 1994 511 2028 καί.
525 1994 542 2037 )
578 1990 698 2027 αὐτὸν
728 1992 879 2037 ἐμίσουν

68 2053 119 2081 ως
142 2038 211 2084 τήν
234 2037 509 2119 θανατηφόρον
531 2043 677 2083 μοῖραν.
740 2040 878 2084 (simili-

68 2089 142 2128 ter,
166 2091 352 2120 annotante
378 2086 434 2128 Η,
487 2087 622 2127 ‚.:312
651 2085 787 2130 ἐχθρὸς
809 2085 878 2130 ’γάρ

68 2145 133 2177 μοι
157 2136 277 2172 κεῖνος
301 2131 402 2176 ὁμῶς
424 2100 539 2168 οἷ’ίιδαο
563 2131 753 2178 πύλῃσιν)
776 2134 857 2167 Sch.

116 2178 194 2214 456.
244 2184 342 2213 notat
367 2179 492 2212 snabo
523 2176 577 2212 14.
604 2190 636 2223 p.
653 2181 721 2215 977
746 2180 797 2222 B„
826 2179 880 2212 di-

68 2229 161 2259 ctum
198 2236 274 2258 esse
307 2225 407 2259 metri
440 2223 554 2269 gratia
591 2224 783 2267 Δάρδανοι
817 2237 879 2270 pro

72 2269 301 2315 Δαρδάνιοι,
347 2271 437 2315 quod
471 2270 597 2314 legitur
629 2273 706 2308 819
743 2273 880 2305 diversa

70 2317 188 2352 horum
212 2322 249 2352 et
271 2318 506 2361 Trojancrum
529 2327 636 2361 regna
659 2319 799 2353 fuerunt.
817 2317 881 2364 (β’,

922 1161 1010 1202 816,
1049 1161 1174 1204 819),
1220 1161 1415 1205 dudumque
1446 1159 1623 1193 Damania
1657 1165 1731 1194 erat

924 1207 1080 1249 condita,
1117 1218 1189 1240 cum
1222 1208 1319 1240 Ilium
1352 1211 1387 1240 et
1419 1206 1648 1249 Trojanorum
1674 1218 1731 1239 re-

924 1265 1024 1297 gnum
1058 1258 1167 1286 ortum
1204 1253 1326 1286 habuit
1361 1253 1395 1286 in
1428 1253 1501 1295 ejus
1527 1252 1661 1287 finibus.
1697 1264 1731 1287 v.

925 1311 1001 1332 ann.
1026 1299 1069 1332 ad
1091 1298 1248 1343 Apollod.
1272 1300 1315 1340 3,
1343 1299 1396 1333 12.
1423 1299 1478 1332 Ex
1497 1299 1541 1330 H.
1575 1298 1732 1332 similiter

927 1343 970 1387 o'‚
995 1344 1096 1379 425:
1137 1346 1262 1386 Τρῶες
1292 1345 1355 1380 καὶ
1387 1344 1521 1379 Λύκιοι
1545 1345 1606 1379 καὶ
1633 1345 1732 1387 Δάρ-

926 1393 1035 1426 δανοι
1072 1387 1317 1436 ἀγχιμαχηταὶ
1350 1396 1385 1425 et
1415 1390 1615 1432 Δάρδανος
1640 1389 1733 1436 α’νὴρ

922 1436 969 1483 β’,
996 1439 1089 1478 701.,
1116 1449 1171 1482 ap.
1197 1438 1338 1472 Latinos
1348 1442 1459 1472 autem
1473 1439 1621 1472 Romula
1634 1450 1733 1484 gens,

922 1486 1046 1517 heroas
1063 1495 1181 1518 sensus
1205 1490 1271 1518 etc.

968 1529 1048 1565 457.
1098 1543 1125 1574 φ
1140 1543 1164 1563 α
1179 1532 1191 1563 ί
1202 1529 1291 1565 νετ’
1318 1535 1354 1564 et
1366 1533 1520 1574 <pulvera
1538 1531 1610 1566 sive
1628 1531 1733 1576 ἐφαί-

922 1588 1005 1611 νετο
1038 1575 1183 1620 intelligi
1218 1582 1355 1622 potest,
1389 1583 1423 1611 et
1449 1580 1642 1623 φαίνετοῃι
1669 1591 1733 1623 ap-

921 1623 1070 1667 parebat
1095 1623 1215 1665 modo,
1255 1624 1311 1657 vel
1346 1631 1508 1668 apparet,
1546 1627 1735 1669 manifesta

925 1674 996 1709 est,
1031 1672 1070 1700 ut
1102 1669 1176 1702 fere
1207 1649 1305 1703 'docti
1331 1670 1626 1716 interpretantur,
1657 1684 1733 1706 cum

924 1714 1022 1749 elisio
1047 1716 1117 1749 τοῦ
1140 1728 1180 1749 αι
1204 1715 1339 1750 minime
1363 1717 1409 1750 sit
1432 1718 1608 1752 inusitata.

970 1761 1097 1795 458—
1120 1760 1200 1796 460.
1256 1762 1411 1806 loquitur
1454 1763 1552 1808 quasi
1588 1776 1627 1798 re
1667 1775 1734 1799 uon

926 1812 1156 1840 controversa.
1206 1812 1242 1840 at
1267 1809 1353 1842 enim
1379 1810 1464 1842 haec
1497 1810 1564 1844 fuit
1587 1810 1735 1846 ἀντινο-

925 1855 1012 1897 μίας
1038 1854 1143 1897 δίκη,
1178 1860 1218 1886 ut
1252 1855 1302 1887 ait
1330 1855 1362 1887 E
1399 1866 1431 1900 p.
1458 1855 1537 1890 434.
1571 1862 1734 1898 extrema,

927 1911 989 1933 nec
1023 1911 1140 1944 pugna
1173 1900 1299 1933 exitum
1341 1901 1462 1934 habuit
1502 1903 1630 1937 Paride
1669 1915 1736 1937 non

927 1956 1047 1985 caeso,
1074 1957 1163 1990 quae
1187 1946 1337 1980 conditio
1363 1948 1526 1991 primaria
1551 1955 1628 1984 erat
1658 1952 1735 1992 101,

925 1992 1005 2026 281.
1017 2003 1027 2031 ;
1046 2003 1119 2045 quo
1137 1992 1289 2036 pertinet
1312 1993 1412 2027 etiarn
1430 1993 1629 2040 τόνικῆσαι
1654 1999 1735 2032 309.

925 2042 1021 2071 recte
1045 2038 1152 2082 igitur
1176 2038 1241 2077 hic,
1269 2039 1483 2074 Graecorum
1507 2043 1660 2076 exercitu
1677 2054 1735 2076 ac-

927 2084 1106 2127 clamante,
1132 2089 1284 2117 mussant
1303 2086 1470 2129 Trojani3
1500 2093 1534 2121 et
1558 2089 1733 2122 infraHe-

930 2137 1005 2163 ctor
1029 2128 1073 2173 η’,
1100 2131 1174 2165 69.-
1204 2129 1310 2173 ὅρκια
1334 2143 1422 2173 μεν,
1446 2132 1575 2178 inquit,
1603 2135 1735 2177 Κρονί-

928 2177 996 2230 δης
1018 2174 1199 2220 ὑ-’ψιζυὶοσ
1225 2190 1292 2211 ουκ
1317 2174 1507 2213 ἐτέλεσσεν.
1559 2182 1604 2213 cs.
1629 2181 1738 2226 inpri-

927 2223 989 2256 mis
1013 2224 1228 2257 280-287-

974 2269 1052 2303 461.
1103 2267 1181 2303 ε’πι
1219 2265 1255 2303 6
1284 2267 1434 2326 ῄνεον.
1465 2269 1651 2317 ἐπῄνουν,
1676 2272 1738 2308 καὶ

927 2316 1232 2360 συγκατετίθεντο
1257 2319 1304 2363 τῇ
1325 2329 1450 2363 γνωμη
1479 2321 1610 2356 αὐτοῦ.
1633 2320 1714 2355 Sch.
