1811 3269
90 149 174 187 128

727 148 1129 191 ΟΜΗΡΟΤ

265 255 418 312 Βῆσοέν
445 274 513 310 τε,
545 256 766 326 Σκάρφην
794 274 864 312 τε,
895 259 971 304 καὶ
1001 258 1191 329 Αὐγειάς
1220 258 1459 313 ἐρατεινὰς,

265 315 455 386 Toe'oqmv
482 330 548 365 τε,
583 313 779 368 Θρόνιόν
807 333 872 367 τε,
902 319 1130 372 Βοαγρίου
1161 315 1275 373 οὲμφὶ
1306 317 1488 371 ῥέεθρα·

258 376 320 430 τῷ
351 370 394 415 6'
429 372 519 427 ἅμα
548 373 875 426 τεσσαράκοντα
905 374 1108 431 μέλαιναι
1137 377 1238 427 νῆες
1270 374 1429 418 ἕποντο

143 431 227 475 535
257 418 468 480 Λόκρῶν,
500 430 544 471 οὶ
572 430 749 473 ναίουσι
779 430 918 486 πέρην
948 434 1066 486 ἷερης
1095 428 1306 486 Εὐβοίης.

340 489 395 528 Οἱ
425 484 467 529 δ’
498 485 704 538 Εὔβοιαν
734 486 832 542 ἕχον
862 488 995 543 μένεα
1024 488 1246 538 πνείοντες
1264 488 1487 560 Ἄβαντες,

258 544 456 586 Χαλκίδα
488 539 529 585 τ’
532 574 545 594 ,
578 543 814 598 Εἰρέτριάν
842 561 909 598 τε,
940 543 1291 600 πολυστάφυλόν
1318 543 1370 589 θ’
1396 544 1618 597 Ἱστίαιαν,

84 645 228 690 amplius
253 645 412 680 habitata
436 646 521 688 fuit,
546 658 582 692 Ρ.
610 648 678 683 652
708 648 750 683 B.
776 648 898 692 (quod

83 692 247 736 oppidum
283 692 602 738 Epicnemidiorum
642 693 764 727 ditioni
795 694 899 727 attri—

83 738 158 771 buit
185 738 578 784 Cellar 1.p1.120.)
604 741 659 773 Ex
678 741 726 773 H.

128 785 209 819 532.
260 786 436 829 Βῆσαν.
460 785 511 819 ita
535 797 616 831 pars
639 785 807 827 codicum,
827 797 898 819 mo-

82 841 121 863 re
146 830 282 875 prisco;
308 843 390 877 pars
415 831 586 876 Βῆσσαν,
620 839 659 866 ut
684 832 814 866 variari
839 843 897 865 so-

81 875 132 909 let
155 877 190 910 in
223 878 290 910 hoc
322 889 462 922 genere.
510 879 614 913 Sch..
652 875 772 920 οὕτως
800 874 895 913 ωνό-

81 934 220 966 μασται
244 920 308 959 δια
331 923 372 959 τὸ
399 936 595 969 σνμφντον
628 929 726 959 εἰναι
756 924 798 959 τό
810 938 896 981 χω-

82 971 177 1013 ρίον.
225 969 362 1012 πάντες
384 970 471 1027 γὰρ
482 971 518 1006 οἱ
538 971 757 1015 σύνδενδροι
773 968 895 1013 τόποι,

80 1016 144 1050 καὶ
169 1015 330 1059 μάλιστα
354 1020 428 1052 τῶν
453 1015 572 1060 ὅρων,
605 1019 740 1064 βῆσσαι
773 1018 896 1063 λέγον-

82 1075 158 1096 ται.
177 1063 305 1098 Strabo
325 1065 358 1103 9,
370 1063 446 1110 4.p
451 1066 579 1100 &293
604 1066 812 1109 Καλλίαρος
828 1064 896 1110 μὲν

83 1108 209 1144 οὐκέτι
237 1111 416 1145 οἰκεῖται·
424 1077 526 1155 Ρεξῆς
550 1109 591 1145 δὲ
617 1110 746 1156 Βῆσσοὶ
771 1126 806 1147 τι
829 1125 894 1147 πε-

82 1157 167 1191 δίον
192 1161 258 1190 etc.
281 1176 327 1181 —
351 1158 561 1201 Σκάρφη
587 1158 688 1192 etiam
699 1157 896 1203 Σκάρφεια

82 1208 250 1243 vocatur,
285 1209 321 1237 et
353 1215 409 1248 ap.
444 1204 587 1238 Latinos
621 1205 800 1249 Scarphea
832 1217 895 1239 seu

79 1249 269 1293 Scarphia.
332 1261 365 1283 v.
401 1249 529 1284 Cellar.
564 1253 596 1286 1.
642 1263 674 1295 p.
711 1253 823 1294 1118,
859 1253 893 1286 9.

83 1295 232 1339 Steph.:
286 1295 507 1340 Σκάρφεια,
550 1295 657 1337 πόλις
697 1299 894 1340 Λοκρίδος,

81 1342 157 1375 τῶν
195 1342 445 1385 Θερμοπυλῶν
478 1341 595 1399 ἐγγύς.
644 1344 818 1377 Strabol.
843 1355 872 1376 c.

82 1384 302 1431 Σκάρφεια,
345 1390 513 1429 σταδίοις
551 1387 792 1434 υπερκειμένη
830 1390 897 1434 τῆς

81 1436 282 1490 θαλάσσης
301 1433 410 1477 δέκα,
436 1434 611 1480 διέχουσα
635 1435 675 1470 δε
696 1437 765 1471 τοῦ
793 1437 895 1480 Θρο-

80 1483 166 1516 νίου
198 1479 410 1524 τριάκοντα.
460 1483 506 1515 cf.
540 1494 619 1517 ann.
655 1482 699 1516 ad
734 1484 815 1518 497.
848 1501 896 1507 —-

82 1529 180 1562 sch:
205 1527 309 1571 Av'y.
333 1549 380 1554 -—-
405 1526 530 1563 ον’κέτι
554 1530 723 1564 οἰκεῖται.
747 1529 800 1562 H:
823 1529 895 1569 „de

80 1575 211 1630 Augiis
222 1575 306 1608 nihil
327 1579 544 1615 memoratur,
561 1575 627 1607 nisi
648 1575 740 1619 quod
754 1580 790 1608 et
809 1576 896 1607 alte-

80 1632 141 1654 rae
152 1618 303 1665 Αὕγειαὶ
315 1621 507 1655 Laconicae
526 1621 623 1654 fuere
637 1621 769 1664 (583.,)
782 1621 895 1654 serius

79 1665 240 1711 Αὐγαῖαι
255 1667 390 1709 dictae3
411 1672 447 1701 at
458 1667 682 1700 Locrensium
699 1667 782 1700 urbs
794 1678 895 1711 pror-

79 1725 137 1747 sus
162 1713 358 1748 interierat.
401 1714 451 1747 ita
473 1713 695 1758 accipiendus
714 1713 842 1746 Strabo
862 1714 895 1747 8.

80 1772 116 1819 Ρ.
141 1762 211 1796 560
244 1761 285 1794 B.
337 1761 382 1794 cf.
419 1761 524 1793 Paus.
549 1761 592 1802 3,
631 1761 687 1794 21.
726 1771 761 1818 Ρ.
786 1759 895 1793 264.⁶‘

81 1806 207 1865 ε’ρατ.
242 1805 492 1850 ἐπεράστους,
516 1803 653 1847 καλὰς,
676 1806 737 1840 καὶ
762 1803 897 1840 ἐπιθυ-

78 1854 169 1897 μίας
191 1851 308 1896 ἀξίας.
335 1853 418 1887 Sch.
442 1864 619 1886 amoenas,

126 1901 207 1935 533.
256 1897 278 1944 ἡ
314 1897 355 1933 δὲ
393 1899 570 1943 Τάρφη
604 1900 723 1933 κεῖται
755 1895 815 1943 ἐφ’
847 1895 895 1932 ν’-

79 1953 201 1990 ψους,
228 1945 403 1989 διέχουσα
438 1946 614 1984 σταδίους
648 1945 786 1988 εἴκοσι,
819 1942 895 1988 χώ-

80 2005 152 2036 ραν
184 1990 226 2028 δ’
262 1992 451 2037 εὔκαρπον
483 1993 545 2026 καὶ
578 1987 777 2032 εὔδενδρον
802 1990 894 2035 ἔχει·

79 2039 155 2095 ἤδη
179 2038 248 2084 γὰρ
272 2040 334 2074 καὶ
360 2038 456 2084 αὕτη
485 2035 559 2073 ἀπὸ
587 2039 656 2073 τοῦ
680 2037 819 2079 δάσους
846 2036 894 2071 ώ-

79 2086 276 2143 νόμασται.
300 2087 417 2130 (Seli-2
445 2084 565 2125 οὕτως
590 2083 805 2129 ωνόμασται
828 2082 893 2119 δια

81 2131 148 2178 τὴν
173 2131 365 2178 δασύτητα
392 2133 458 2177 τῆς
491 2128 594 2176 ὕλης.
643 2130 788 2175 τάρφεα
823 2144 893 2175 γαρ

81 2180 129 2215 τοὶ
165 2181 310 2237 συνεχῆ.
344 2199 385 2203 -
419 2179 467 2214 τοὶ
498 2191 643 2220 πυκνα,
676 2177 789 2222 inquit
821 2178 893 2220 Ε.)

82 2229 248 2262 καλεῖται
273 2224 313 2261 δε
346 2227 416 2261 νῦν
447 2224 637 2269 Φαρύγαι·
672 2225 821 2265 ι’δρυται
852 2223 891 2257 δ’

82 2271 227 2309 αυτόθι
249 2270 368 2317 Ἠρας
403 2274 618 2328 Φαρυγαίας
655 2271 782 2315 ἱερὸν,
818 2267 892 2304 απὸ

80 2321 148 2365 τῆς
173 2319 211 2355 ἐν
240 2319 430 2364 Φαρύγαις
453 2321 520 2363 τῆς
541 2315 708 2376 Ἀργείας,
754 2316 817 2352 καὶ
845 2316 892 2361 δὴ

80 2369 144 2402 καὶ
170 2363 324 2402 ἄποικοί
347 2377 462 2411 φασιν
480 2370 577 2400 εἰναι
589 2365 768 2421 Ἀργείων.
794 2363 895 2397 Stra-

80 2415 125 2448 bo
151 2426 186 2459 Ρ.
213 2416 292 2449 652.
318 2419 354 2447 et
377 2414 446 2447 ib.:
480 2411 573 2456 μετα
598 2409 639 2446 δε
663 2412 778 2446 εἴκοσι
802 2421 892 2444 στα-

80 2462 188 2500 δίους
212 2458 288 2494 ἀπὸ
317 2459 517 2504 Ιζνημίδων
547 2457 676 2502 λιμὴν,
716 2456 810 2500 νπὲρ
846 2468 892 2491 ου

80 2510 199 2541 κεῖται
223 2506 265 2542 τὸ
305 2507 519 2563 Θρόνιον
552 2504 591 2540 ἐν
623 2506 788 2543 σταδίοις
813 2507 895 2543 τοῖς

80 2553 176 2594 ἴσοις
199 2566 295 2588 κατα
319 2552 387 2597 τὴν
410 2551 625 2597 μεσόγαιαν.
653 2551 774 2591 (etiam
793 2562 812 2583 e
830 2550 892 2583 Li—

81 2599 137 2632 vio
176 2605 304 2633 notum.
361 2599 505 2633 alterum
531 2598 722 2632 'Ihronium
757 2601 834 2630 erat
856 2596 892 2629 in

83 2645 191 2690 Epiro
225 2657 244 2679 a
279 2645 401 2679 Locris
426 2645 536 2689 Troja
561 2643 785 2677 redeuntibus
811 2654 892 2675 con-

81 2691 202 2724 ditum.
251 2691 358 2725 Paus.
382 2693 425 2731 5,
448 2693 506 2726 22.
532 2691 576 2724 Η.
628 2690 816 2723 Locrorum
842 2689 894 2721 Ε-

81 2737 227 2792 pionem.
252 2737 466 2794 metropolis.
498 2736 619 2793 Eurip.
641 2736 715 2781 Iph.
738 2738 778 2769 A.
792 2736 893 2770 221*

81 2783 236 2838 Λοκρας
253 2783 294 2818 δὲ
319 2780 441 2819 τοῖσδ’
458 2781 559 2822 ’Ίσας
584 2794 685 2826 αγων
708 2782 803 2821 ναῦς
815 2780 895 2815 Ὀϊ-

81 2830 171 2870 λέως
194 2827 326 2869 τόκος,
361 2829 496 2864 κλυταν
523 2826 711 2872 Θρονιάδ’
739 2826 895 2862 ἐκλιπών

80 2877 228 2920 πόλιν.)
264 2873 346 2911 εἷθ’
382 2873 401 2909 6
439 2876 687 2930 Βοοῖγριος
721 2872 896 2917 ποταμός

80 2922 300 2964 ἐκδίδωσιν
334 2917 354 2957 ὁ
388 2921 610 2966 παραρρέων
643 2919 684 2956 τὸ
712 2919 894 2975 Θρόνιον·

82 2969 222 3014 Μάνην
246 2966 287 3004 δ’
315 2967 614 3026 ἐπονομάζουσιν
646 2965 771 3002 αὐτόν.
822 2966 897 3001 ε’στι

83 3017 123 3051 δε
149 3014 395 3062 χειμαρῤονς,
432 3013 520 3050 ὥστ’
559 3012 735 3060 ἅβρόχοις
767 3012 896 3060 ἐμβαί-

944 661 1022 683 νειν
1045 651 1126 688 τοῖς
1148 646 1279 688 ποσὶν,
1317 645 1446 684 ἄλλοτε
1480 646 1521 684 δε
1556 649 1762 690 δίπλεθρον

945 695 1060 740 ἴσχειν
1084 692 1238 734 πλάτος.
1272 694 1351 728 Liv.
1369 697 1427 736 36,
1451 696 1527 729 26:
1555 696 1670 729 decem
1691 707 1759 728 na-

943 754 1000 776 ves
1020 742 1143 786 regiae
1164 741 1211 774 ad
1236 740 1424 774 Thronium
1451 742 1488 774 in
1505 742 1584 774 sinu
1603 742 1758 775 Maliaco

942 789 1095 823 stabant.
1144 788 1188 822 cf.
1214 787 1344 821 Cellar.
1371 789 1403 822 1.
1428 798 1463 831 p.
1494 789 1621 829 1119.‚
1654 787 1758 821 Man-

942 840 1031 869 nert.
1056 836 1089 869 8.
1113 845 1150 879 Ρ.
1176 834 1254 868 128.

989 882 1069 916 535.
1117 879 1271 923 πέρην
1297 876 1539 925 Εὐβοίης,
1563 891 1604 913 ex
1629 879 1757 913 adver*-
1810 894 1811 904 π

943 939 980 960 so
1009 928 1084 960 sive
1118 937 1136 959 e
1155 927 1310 982 regione
1344 926 1517 960 Euboeae.
1566 926 1618 960 sic
1652 926 1756 961 Paus.

945 976 1012 1015 10,
1037 974 1089 1010 8.:
1115 971 1301 1016 πέμπουσι
1326 970 1365 1007 δε
1389 973 1451 1007 καὶ
1477 971 1635 1032 Λοκροὶ,
1660 973 1756 1007 οἵτε

942 1019 1168 1064 καλούμενοι
1186 1017 1363 1061 Ὀζόλαι,
1387 1020 1449 1053 καὶ
1475 1019 1511 1053 οἱ
1536 1019 1654 1061 πέραν
1680 1017 1757 1053 Ευ-

943 1068 1071 1113 βοιάς,
1095 1065 1161 1101 ε’να
1184 1078 1372 1108 εκατεροι,
1409 1065 1468 1110 qui
1493 1066 1642 1110 scriptor
1665 1066 1756 1099 hunc

943 1125 1040 1146 usum
1065 1114 1134 1147 τοῦ
1156 1111 1274 1155 πέραν
1297 1113 1520 1157 frequentat,
1545 1117 1584 1145 ut
1604 1111 1756 1145 ostendit

942 1160 1139 1193 Buttmann.
1169 1159 1279 1194 Lexil.
1303 1158 1357 1199 ΙΙ,
1392 1159 1449 1193 69.
1504 1157 1663 1202 Aeschyl.
1688 1159 1755 1202 Ag.

944 1207 1042 1241 172:
1077 1207 1264 1246 Χαλκίδος
1295 1204 1413 1247 πέραν
1446 1203 1537 1249 ἔχων
1573 1203 1758 1249 Παλιῤῥό-

941 1254 1030 1292 θοις
1054 1249 1093 1286 ἐν
1118 1249 1276 1291 Αὐλίδος
1300 1249 1431 1291 τόποις
1454 1256 1521 1283 etc.
1581 1251 1668 1284 male
1700 1251 1756 1284 in-

942 1303 1097 1343 terpres:
1126 1298 1370 1338 Locrensium,
1395 1297 1454 1342 qui
1477 1296 1641 1330 habitant
1659 1298 1755 1332 ultra

941 1356 1079 1377 sacram
1100 1345 1289 1377 Euboeam.

988 1392 1070 1448 536.
1119 1391 1162 1423 de
1197 1391 1366 1432 Euboea,
1411 1389 1514 1434 νήσῳ
1545 1387 1682 1444 μεγάλῃ
1715 1401 1755 1425 τε

941 1437 1004 1471 καὶ
1030 1436 1245 1478 εὐδαίμονι,
1280 1435 1349 1471 οὐκ
1379 1435 1548 1471 ἐλάσσονι
1581 1435 1754 1482 Κύπρον,

942 1489 982 1516 ut
1007 1485 1058 1517 ait
1081 1484 1302 1527 Aristagoras
1327 1494 1383 1527 ap.
1409 1483 1539 1517 Herod.
1565 1484 1599 1524 5,
1624 1484 1693 1524 31.,
1717 1495 1753 1517 v-

941 1530 1068 1563 Strabo
1096 1533 1159 1571 10,
1196 1535 1227 1565 1.
1262 1534 1297 1562 et
1331 1529 1545 1575 geographi3
1580 1529 1624 1563 de
1658 1530 1753 1564 cultu

941 1581 1053 1609 autem
1080 1576 1128 1609 ibi
1152 1575 1320 1620 Apollinis
1335 1600 1344 1616 ,
1377 1575 1512 1609 Dianae
1537 1582 1572 1609 et
1596 1576 1753 1620 Neptuni

942 1628 1083 1666 praeter
1126 1622 1261 1655 eosdem
1299 1621 1339 1654 C.
1373 1622 1418 1654 O.
1454 1622 1593 1655 Mouet.
1630 1623 1752 1656 Gesch.

943 1669 1022 1702 hell.
1049 1670 1100 1703 St.
1125 1670 1159 1703 2.
1185 1680 1217 1713 p.
1240 1670 1331 1710 263„
1356 1668 1436 1702 369.
1455 1672 1492 1701 et
1511 1669 1753 1702 Wachsmuth.

944 1715 1038 1749 Hell.
1057 1715 1204 1748 Alterth.
1228 1716 1262 1754 2,
1286 1715 1318 1747 2.
1344 1733 1390 1737 —
1413 1714 1565 1757 μένεα
1589 1728 1670 1758 πν.,
1693 1727 1754 1748 ro-

944 1762 1008 1794 bur
1024 1762 1218 1805 spirantes,
1244 1761 1385 1793 strenui.
1422 1761 1466 1794 cf.
1493 1760 1538 1805 γ’,
1565 1762 1598 1801 8,
1623 1760 1665 1803 λ’,
1682 1763 1752 1798 508

945 1813 1012 1843 etc.
1023 1827 1069 1832 —
1086 1809 1131 1841 H.
1145 1819 1153 1840 z
1174 1807 1312 1848 „Fuere
1326 1807 1479 1841 Abantes
1493 1806 1625 1851 origine
1637 1808 1753 1842 Thra-

944 1853 1039 1894 cica,
1073 1854 1116 1887 ab
1145 1853 1230 1887 Abis
1259 1852 1422 1886 Phocidis
1449 1853 1621 1898 profecti,
1647 1859 1686 1887 ut
1710 1865 1754 1889 ex

943 1899 1131 1933 Aristotele
1155 1899 1272 1944 pradit
1296 1899 1423 1932 Strabo
1446 1903 1499 1935 10.
1519 1900 1629 1943 princ.
1647 1901 1753 1945 (pau-

942 1945 975 1977 lo
1001 1945 1103 1979 aliter
1127 1945 1276 1986 Strabo,
1313 1945 1409 1988 cujus
1442 1946 1528 1980 haec
1560 1951 1640 1979 sunt
1670 1957 1753 1980 ver-

941 1992 1007 2024 ba:
1027 1990 1208 2048 Εὔβοιαν
1225 1992 1323 2047 γοῦν,
1342 1989 1495 2026 εἰπών
1478 2007 1498 2028 o
1518 2004 1556 2026 π.
1579 2005 1669 2034 τους
1689 1990 1753 2028 ἀπ’

939 2035 1061 2094 αὐτῆς
1084 2037 1254 2084 Εὐβοέας
1280 2036 1460 2073 ονδέποτε
1476 2039 1640 2096 εἴρηκεν,
1667 2038 1749 2074 αλλ’

930 2081 1102 2143 ’Ἄβαντες
1126 2087 1196 2119 ἀεί.
1229 2104 1274 2110 ——-
1316 2085 1407 2129 φησι
1444 2083 1485 2119 δ’
1508 2083 1753 2143 Ἀριστοτέλης

941 2130 979 2174 εξ
1004 2130 1120 2190 ’Ἄβας
1147 2131 1213 2176 τῆς
1250 2133 1420 2175 Φωκικῆς
1453 2133 1602 2177 Θρᾷκας
1630 2131 1752 2192 ὁρμη-

941 2177 1079 2218 θέντας
1103 2177 1297 2234 ἐποικῆσαι
1321 2176 1394 2232 τήν
1412 2179 1548 2221 νῆσον,
1578 2192 1640 2214 και
1661 2179 1751 2215 εἷπο-

940 2223 1106 2268 νομάσαι
1121 2221 1303 2279 ’Ἄβαντας
1327 2236 1417 2264 τους
1442 2224 1592 2269 εχοντας
1613 2223 1751 2271 αντήν·

942 2284 977 2305 οι
1005 2269 1046 2305 δ’
1070 2271 1148 2305 απὸ
1184 2268 1309 2314 ἥρωός
1342 2282 1456 2314 φασι,
1489 2271 1663 2316 καθάπερ
1688 2272 1751 2308 καὶ

942 2316 1112 2364 Εὔβοιαν
1145 2316 1219 2352 ἀπὸ
1248 2315 1423 2361 ἡρωίνης.
1458 2319 1622 2364 Editor.)
1656 2319 1754 2353 insu-
1810 2354 1811 2362 ¹

941 2363 1007 2397 lam
1031 2371 1145 2398 tamen
1169 2364 1370 2397 insederant
1395 2363 1453 2397 alii
1481 2377 1619 2419 quoque
1643 2366 1751 2400 adve-

940 2421 1006 2443 nae
1030 2410 1235 2454 Pelasgicae
1259 2410 1401 2455 stirpis,
1434 2411 1470 2444 in
1505 2411 1558 2445 his
1589 2412 1751 2466 Dryopes

941 2457 1062 2500 (Paus.
1087 2456 1121 2497 4,
1146 2456 1203 2491 34.
1229 2468 1262 2501 Ρ.
1283 2458 1360 2492 366.
1366 2459 1394 2500 )‚
1416 2457 1485 2501 qui
1497 2458 1623 2502 Styra3
1648 2458 1750 2492 etiam

940 2503 1092 2541 Arabes,
1127 2503 1248 2536 Cadmi
1282 2503 1424 2536 comites
1456 2503 1680 2546 (Strab.10.
1713 2515 1736 2549 Ρ

939 2607 992 2628 am
1011 2595 1174 2629 Hellenes
1195 2595 1407 2628 diversarum
1427 2595 1605 2640 stirpium,
1630 2596 1750 2629 Aeoli-

941 2653 1002 2675 cae
1037 2641 1192 2685 inprimis
1226 2647 1260 2674 et
1293 2641 1452 2682 Ionicae,
1495 2641 1596 2685 hujus
1635 2646 1750 2677 tamen

940 2687 1178 2733 potissimum3
1205 2699 1348 2731 cumque
1366 2687 1506 2720 Ionibus
1524 2688 1574 2721 ita
1588 2688 1751 2732 permixti
1810 2725 1811 2728 Ἰ

941 2739 1022 2767 sunt
1045 2735 1216 2774 Abantes,
1241 2740 1280 2766 ut
1304 2735 1421 2766 horum
1447 2744 1566 2767 nomen
1589 2734 1750 2768 exoleve-

941 2780 998 2813 rit.
1046 2780 1188 2824 colligas
1212 2781 1297 2812 haec
1322 2791 1364 2812 ex
1389 2778 1454 2821 iis,
1480 2791 1569 2824 quae
1593 2791 1649 2824 ap.
1675 2780 1750 2815 He-
1805 2807 1810 2814 .

942 2827 1017 2860 rod.
1043 2828 1084 2865 1,
1118 2827 1197 2861 146.
1222 2827 1397 2869 leguntur.
1453 2826 1572 2870 itaque
1595 2827 1749 2860 Abantes

942 2873 1111 2906 habentur
1146 2871 1238 2905 inter
1273 2871 1417 2915 populos
1441 2871 1586 2910 Ionicae
1615 2872 1748 2917 stirpis,
1798 2895 1810 2924 ¹»

943 2918 1004 2963 qui
1028 2918 1143 2951 Ionum
1168 2918 1302 2951 nomine
1326 2928 1392 2950 non
1411 2919 1596 2952 utuntur.“
1808 2923 1810 2926 ’

989 2965 1068 2999 537.
1101 2963 1224 3009 Steph.
1246 2965 1449 3003 v.X0d.m'9:
1473 2963 1635 2999 Χαλκίδ’
1652 2961 1750 3007 Ἐρὲ-
1809 2959 1811 2978 ³

941 3009 1067 3055 τρειάν
1089 3022 1139 3045 τε.
1179 3021 1246 3052 „ex
1270 3009 1413 3043 urbibus
1437 3010 1600 3045 Euboeae
1624 3011 1750 3046 clario-
1807 3054 1811 3058 Ι

1153 2555 1274 2594 postea
1296 2549 1533 2593 immigrarunt
1556 2549 1590 2582 in
1610 2550 1751 2584 Euboe-
1809 2576 1811 2583 2
