1811 3269
593 138 1022 183 ΙΛΙΑΔΟΣ
1075 139 1131 178 A.

1637 139 1698 181 ⁴25

213 250 371 299 αὐτίκα
411 248 683 306 κερτομίοισι
716 248 809 292 Δία
836 249 1076 302 Κρονίωνα
1110 243 1364 317 προσηύδα·

101 313 185 358 540

297 306 406 361 „Tcg
435 305 480 349 δ’
511 307 569 349 αὐ
597 322 687 354 τοι,
718 307 962 375 δολομῆτα,
991 308 1111 348 θεῶν
1139 302 1454 372 ξυμφράσσοιτο
1484 303 1668 361 βουλὰς;

214 365 299 409 αἰεί
330 375 401 407 σοι
430 364 565 417 φίλον
594 361 712 405 ἐστὶν
749 362 852 416 ἐμεῦ
881 359 1137 416 ἀπονόσφιν
1164 359 1306 410 ἐόντα,

211 418 458 489 κρυπτάδια
486 419 735 474 φρονέοντα
764 417 1009 473 δικαζέμεν,
1039 417 1144 461 οὐδέ
1173 418 1216 460 τί
1244 414 1316 459 ami
1347 431 1424 472 μοι

211 476 431 546 πρόφρων
450 477 682 548 τέτληκας
700 477 835 519 εἰπεῖν
870 474 997 525 ε’πος,
1037 473 1131 518 ὅττι
1158 472 1368 530 νοήσῃς*6

298 534 388 590 Τὴν
416 531 461 576 δ’
491 529 682 603 ημείβετ’
715 532 860 576 ἔπειτα
887 531 1027 602 πατὴρ
1059 529 1238 601 ἀνδρῶν
1269 545 1315 573 τε
1343 531 1463 574 θεῶν
1489 544 1562 575 τε·

100 593 184 638 545
212 590 368 646 ,,Ηρη,
396 589 453 645 μή
485 589 537 646 δὴ
566 588 732 640 πάντας
760 587 906 659 ἐμούς
932 587 1129 631 ἐπιέλπεο
1166 586 1342 642 μύθους

217 648 425 719 εἰδήσειν·
456 647 645 717 χαλεποί
664 662 733 707 τρι
761 643 920 715 ἔσοντ’,
959 643 1104 715 Ιἀλόχῳ
1133 659 1213 713 περ
1243 643 1395 715 ἐούσῃ.

214 702 313 749 ἀλλ’
355 703 410 746 ὃν
437 721 467 759 μ

221 760 322 804 οὔτε
347 764 468 804 θεῶν
555 759 708 812 ότερος
745 757 868 814 τόνγ’

551 720 579 747 κ
628 719 809 753 ἓπιδικὲς
838 717 1072 756 ακθυδμέν,
1111 698 1235 750 Οὖτις
1265 700 1410 743 ἒπειτα

905 760 1064 801 εἴσεται
1075 790 1086 809 ,
1131 756 1227 800 οὔτ’
1258 755 1535 811 ανθρώπων·

218 818 270 862 ὃν
302 817 348 861 δέ
377 815 418 860 κ’
463 816 576 872 {ysam
617 815 840 860 απάνευθε
877 819 997 859 θεῶν
1034 814 1230 869 ἐθέλοιμι
1258 817 1430 868 νοῆσαι,

106 878 190 921 550
219 893 276 932 μη
253 873 322 931 η’τι
352 874 407 916 συ
432 877 572 917 ταῦτα
603 872 762 916 ἕκαστα
789 873 968 928 διείρεο,
1008 871 1115 927 μηδὲ
1146 869 1303 924 μετάλλ

302 928 393 974 Τόν
423 928 466 974 δ’
505 928 694 987 ἠμείβετ’
725 930 871 975 ἔπειτα
899 933 1067 987 βοῶπις
1095 927 1255 972 πότνια
1365 941 1409 983 η·

46 1057 185 1102 tiones)
228 1068 395 1091 revocare
438 1056 550 1091 solent
583 1056 732 1111 interpp
747 1081 758 1098 ,
791 1056 859 1090 etsi

48 1110 164 1138 notum
188 1108 262 1142 est,
301 1104 355 1137 vel
380 1103 480 1137 nudis
505 1103 684 1148 pedibus
676 1114 769 1136 moes
772 1103 859 1137 sisse

49 1151 263 1183 Graecorum
287 1149 466 1190 mulieres,
499 1161 564 1193 quo
591 1144 744 1193 pertinet
768 1150 858 1182 Bac-

48 1197 189 1229 charum
213 1194 343 1230 λευκὸν
365 1198 485 1230 κῶλον
503 1207 558 1240 ap.
579 1196 704 1240 Eurip.
729 1195 857 1229 Bacch.

49 1243 143 1283 560„
176 1242 234 1276 ubi
266 1254 299 1276 v.
335 1253 435 1283 ann.,
469 1241 524 1275 vel
549 1241 652 1275 soleis
673 1253 751 1276 usas
775 1253 859 1275 con-

49 1288 248 1333 spiciendos
279 1300 404 1332 magna
440 1299 483 1321 ex
510 1294 609 1331 parte
633 1288 770 1321 dedisse
799 1299 860 1332 pe-

51 1335 113 1368 des
138 1333 322 1375 candidos,
349 1335 626 1378 quemadmodum
648 1336 691 1367 de
715 1334 862 1374 Creusa,

51 1379 145 1424 regis
185 1380 439 1414 Corinthiorum
481 1380 573 1419 filia,
617 1380 740 1435 Eurip.

52 1425 147 1460 Med.
181 1428 301 1461 1107.

778 1379 864 1412 dicit

338 1425 522 1469 διέρχεται
553 1423 713 1470 Στέγας,
746 1423 864 1471 αβρὸν

52 1474 236 1527 βαίνουσα
266 1470 457 1515 παλλεύκῳ
490 1473 592 1506 ποδί.
628 1472 700 1505 sola
738 1472 864 1505 Thetis

51 1515 284 1562 ἀργυρόπεζα
307 1524 451 1552 vocatur
474 1529 530 1562 ap.
561 1518 767 1558 Homerum,
794 1519 865 1551 Ve-

52 1576 117 1598 nus
142 1576 196 1608 ap.
221 1565 407 1598 Pindarum
431 1564 536 1608 Pyth.
561 1565 595 1604 9,
625 1564 687 1604 [6.,
714 1570 865 1608 utraque

53 1623 75 1646 a
99 1611 215 1645 colore
239 1610 365 1653 maris,
399 1609 435 1642 iu
458 1621 525 1653 quo
551 1609 648 1653 degit
672 1610 804 1650 altera,
831 1615 866 1643 et

54 1669 98 1691 ex
131 1668 198 1701 quo
224 1656 335 1690 altera
368 1661 445 1689 orta
467 1655 621 1699 fingitur.
657 1656 707 1690 sic
731 1657 868 1701 Neptu-

53 1714 117 1737 nus
141 1702 337 1748 appellatur
360 1704 608 1746 κυανοχαίτης
640 1704 692 1746 (ν.
720 1715 798 1738 ann.
823 1702 868 1736 ad

53 1749 178 1793 528),
209 1748 331 1802 Apollo
366 1751 524 1794 φοῖβος,
557 1750 695 1783 Nereus
720 1760 822 1783 senex
848 1761 869 1783 a

56 1796 173 1830 colore
202 1795 327 1836 maris,
360 1795 420 1840 qui
456 1795 546 1829 idem
579 1800 633 1828 est
655 1807 783 1829 senum.
809 1807 870 1829 ne·-

57 1854 124 1887 que
167 1842 233 1875 hae
274 1845 356 1874 sunt
398 1841 625 1886 appellandae
667 1842 867 1886 allegoriae,

57 1887 149 1932 quod
183 1897 292 1931 genus
318 1886 558 1932 philosophiae
593 1895 776 1930 cognatum
802 1894 868 1929 est,

59 1933 120 1967 sed
153 1933 262 1978 ipsius
296 1940 441 1967 naturae
481 1945 544 1980 pro
570 1943 676 1979 captu
700 1935 869 1968 hominum

57 1979 234 2013 rudiorum
258 1979 439 2022 imagines.

104 2026 186 2060 539-
212 2030 367 2059 naturam
395 2025 496 2059 Hom.
523 2025 690 2070 sequitur,
714 2038 780 2060 non
809 2027 871 2060 de-

59 2083 196 2113 corum,
220 2075 259 2104 ut
282 2071 452 2112 seriores,
477 2084 588 2116 neque
613 2073 720 2116 igitur
744 2072 870 2107 miran-

59 2118 138 2151 dum
171 2122 246 2160 est,
281 2117 444 2151 altercari
475 2130 549 2152 eum
581 2119 669 2152 Jove
692 2109 870 2159 Junonem,

59 2175 82 2199 a
105 2163 255 2197 Graecis
287 2163 508 2207 sentientem,
543 2170 690 2210 propter
725 2166 872 2210 promis-

59 2221 131 2245 sam
150 2208 292 2244 Thetidi
314 2209 500 2244 vindictam
518 2211 672 2247 Achillis,
688 2230 731 2236 —
746 2225 766 2246 κ
781 2224 868 2255 ερτ.

61 2259 143 2296 τοῖς
166 2255 209 2291 τὸ
234 2255 344 2300 κέαρ,
377 2253 397 2291 ὅ
432 2254 508 2291 ἐστι
539 2257 607 2302 τήν
631 2256 777 2302 ψυχήν,
810 2256 870 2293 τέ-

61 2314 195 2348 μνουσι
215 2303 279 2338 καὶ
303 2303 461 2338 λυποῦσι
479 2302 612 2358 λόγοις.
637 2305 707 2339 νῦν
731 2303 772 2339 δὲ
795 2304 872 2348 ἐρε-

62 2353 270 2389 ιθεστικοῖς,
293 2352 553 2394 χλευαστικοῖς.
580 2350 649 2396 (ita
673 2351 760 2385 haec
785 2350 873 2385 scri-

62 2396 175 2430 benda
194 2399 282 2430 sunt.
301 2407 478 2440 perperam
499 2397 597 2431 libri:
623 2410 740 2441 κερτ.
761 2396 859 2439 ἐρεθ.
852 2421 874 2438 .,

63 2446 229 2488 χλευαστ.
254 2443 325 2476 νῦν
349 2442 390 2477 δὲ
413 2447 492 2484 τοῖς
511 2463 557 2468 —-
579 2442 733 2500 λόγοις.)
758 2444 840 2477 Sch.

109 2487 191 2524 540.
223 2501 272 2528 ως
302 2487 477 2530 πολλάκις
507 2504 563 2531 τις
600 2488 664 2525 δια
687 2503 722 2525 τι
746 2489 876 2530 πάθος

65 2536 188 2580 ψυχῆς
224 2534 342 2591 ἐρωτᾷ
366 2537 428 2571 καὶ
453 2537 537 2580 περὶ
563 2532 609 2572 οὗ
636 2536 796 2596 ἀκριβῶς
821 2535 877 2572 οἶ-

66 2583 140 2617 δεν.
165 2601 211 2607 —-
237 2579 377 2617 οὔκουν
392 2597 449 2619 αει
474 2582 538 2617 διὰ
562 2583 733 2629 μάθησιν
758 2584 878 2630 ἐρωτᾷ

65 2642 142 2670 τις,
175 2623 258 2663 ἀλλ’
284 2625 374 2664 ουδὲ
399 2628 463 2665 δια
487 2630 606 2687 μόνην
629 2632 878 2688 παραμυθίαν

66 2676 133 2710 τοῦ
158 2672 416 2719 ἐρωτωμένου,
440 2674 491 2717 ὠς
517 2674 540 2720 ἡ
569 2676 676 2719 Θέτις
698 2677 764 2714 τὸν
791 2676 878 2713 υιόν

67 2718 220 2777 Ἀχιλλέα
248 2720 445 2779 ἠρώτησεν
478 2724 618 2768 (362m)
655 2724 730 2759 εστι
753 2722 793 2759 δε
817 2722 878 2759 ὅτε

69 2768 133 2803 καὶ
156 2765 220 2802 διοὶ
233 2767 390 2823 ε’λεγχον
413 2769 476 2805 και
500 2770 565 2806 δια
587 2770 727 2816 θυμόν.
762 2771 818 2804 Ex
838 2771 879 2806 E.

72 2815 165 2849 δολ.
198 2811 306 2849 δόλια
346 2816 602 2875 βουλευόμενε.
639 2819 722 2852 Sch.
756 2817 880 2852 similia

71 2859 347 2914 ποικιλομήτης,
371 2861 639 2910 ἀγκυλομήτης,
662 2863 881 2910 πολύμητις,

73 2906 154 2942 alia.
179 2917 212 2940 v.
236 2906 304 2942 Th.
323 2920 358 2954 p.
380 2912 461 2946 270

119 2951 201 2987 541.
226 2948 360 2990 εἷπον.
384 2956 519 3014 νόσφι,
544 2957 666 3002 χωρίς.

119 2998 201 3035 542.
227 2998 317 3036 δικ.
351 3002 524 3048 δικάζειν
548 3005 632 3039 Sch.
656 3001 817 3047 δικάζειν
841 3001 882 3040 δὲ

903 1057 996 1103 λέγει
1019 1054 1061 1092 τὸ
1088 1067 1227 1099 σεμνως
1258 1057 1321 1090 και
1345 1055 1542 1111 βασιλικῶς
1563 1056 1715 1090 οἰκονο-

903 1108 988 1148 μεῖν
1022 1102 1086 1138 καὶ
1118 1102 1328 1147 ἐπικρίνειν.
1356 1103 1398 1136 Ε.
1421 1100 1482 1145 θ’,
1516 1101 1618 1137 43οα
1641 1106 1715 1137 κεῖ-

904 1164 970 1191 νος
993 1168 1036 1176 -
1057 1150 1189 1206 Τρωσί
1225 1161 1264 1183 τε
1296 1148 1357 1183 καὶ
1396 1151 1582 1184 Δαναοῖσι
1611 1149 1716 1184 δικα-

906 1198 1013 1241 ζέτω,
1038 1210 1089 1237 ως
1111 1194 1275 1236 ἐπιεικές.
1300 1195 1332 1228 Ε
1356 1195 1400 1231 Κ,

951 1254 1029 1291 543.
1062 1269 1089 1290 π
1101 1269 1121 1299 ρ
1134 1253 1154 1290 ό
1169 1267 1197 1299 φ
1207 1267 1228 1296 ρ
1241 1265 1312 1289 ων.
1344 1250 1566 1298 προθύμως.
1589 1254 1672 1290 Sch.

953 1313 1034 1349 545.
1060 1311 1312 1353 ἐπιέλπεο,
1337 1322 1441 1356 spera
1462 1317 1604 1356 praeter
1629 1312 1716 1354 alia,

908 1371 998 1404 quae
1017 1359 1097 1401 scis,
1124 1363 1160 1393 et
1178 1370 1270 1403 quae
1289 1363 1324 1392 te
1345 1358 1441 1392 scire
1465 1360 1518 1392 sas
1537 1363 1603 1393 est.
1629 1360 1717 1392 haec

910 1410 964 1439 est
982 1405 1034 1438 vis
1052 1404 1330 1450 praepositionis,
1355 1404 1442 1438 male
1465 1405 1566 1438 Sch..
1591 1403 1719 1451 ἔλπιζε

957 1463 1038 1497 546.
1070 1476 1089 1506 χ
1100 1467 1149 1497 αλ
1163 1475 1215 1497 επ
1228 1476 1246 1497 ο
1262 1463 1287 1497 ί.
1328 1462 1514 1517 βλαβεροί.
1547 1462 1721 1508 (propter

911 1508 1035 1549 odium,
1058 1509 1151 1554 quod
1175 1513 1363 1554 propterea
1385 1509 1558 1550 incurris,
1582 1509 1721 1553 meum.)

913 1556 1087 1636 86547.“
1062 1597 1087 1636 ὁ
1097 1614 1119 1635 ν
1150 1614 1235 1645 μεν
1268 1613 1316 1636 κε
1339 1595 1364 1646 ᾖ
1386 1599 1540 1642 ἐπιεικες
1561 1605 1630 1636 etc.

961 1648 1042 1683 549.
1068 1646 1227 1692 ἐθέλωμι
1261 1648 1309 1679 ἲν
1333 1652 1368 1681 et
1400 1648 1469 1681 Th.
1501 1651 1534 1690 §.
1554 1647 1643 1687 344,
1665 1649 1721 1683 10.

916 1694 977 1728 sed
1001 1706 1034 1728 v.
1054 1695 1182 1729 Matth.
1207 1697 1240 1738 §-
1265 1695 1347 1728 527.
1373 1705 1452 1728 auu.
1472 1696 1504 1728 1.
1526 1699 1561 1728 et
1585 1697 1618 1736 §-
1641 1692 1722 1729 514.

960 1753 1040 1787 550.
1087 1752 1283 1795 διείρεο.
1326 1748 1505 1794 οἶνερωτα.
1539 1753 1621 1786 Sch.
1653 1764 1725 1796 με-

914 1799 1092 1857 takukdv
1134 1796 1174 1833 δὲ
1222 1796 1264 1833 τὸ
1294 1802 1637 1854 πολυπραγμονεῖν
1668 1797 1727 1834 ἀει

914 1843 1008 1889 παρ’
1030 1843 1202 1902 Ομήρςο,
1227 1841 1304 1889 ἐφ’
1328 1846 1373 1880 οὐ
1393 1846 1454 1880 καὶ
1477 1845 1539 1881 ἐπὶ
1557 1847 1632 1881 τῶν
1651 1842 1725 1880 ὑπὸ

914 1894 982 1936 γῆν
1027 1890 1068 1928 τὸ
1097 1890 1342 1941 μεταλλεύειν
1375 1892 1538 1936 εἴρηται,
1577 1906 1640 1927 και
1679 1890 1727 1926 τοὶ

913 1938 1059 1974 ἐκεῖθεν
1085 1935 1363 1983 ἆνορυττόμενα
1379 1939 1538 1984 μέταλλα
1560 1938 1729 1985 λέγονται

916 1990 982 2020 etc.
1009 1987 1054 2019 E.

964 2033 1041 2067 551.
1068 2032 1267 2076 βοῶπις.
1286 2030 1610 2077 μεγαλόφθαλμος.
1632 2028 1728 2086 ἢμε-

917 2076 1036 2132 γάλως
1061 2077 1255 2134 ἐφορωσα,
1286 2078 1363 2114 ἐπει
1387 2080 1450 2114 καὶ
1475 2079 1540 2116 τὸν
1567 2081 1642 2114 Δια
1667 2074 1729 2114 εὕ-

917 2123 1042 2169 ρύοπα
1078 2125 1181 2169 λέγει.
1217 2127 1282 2170 Ap.
1339 2126 1383 2159 de
1424 2127 1488 2160 hoc
1527 2126 1727 2160 Villoison.·

917 2197 942 2214 ‚,
932 2171 1110 2216 ,egregius
1134 2183 1216 2204 sane
1240 2183 1379 2211 sensus,
1405 2173 1463 2238 q‘ui
1489 2173 1619 2217 optime
1644 2172 1729 2205 deo-

916 2230 991 2253 rum
1027 2218 1170 2267 reginae
1199 2218 1413 2252 conveniat.
1462 2219 1524 2253 sed
1546 2224 1663 2264 aptum
1686 2216 1728 2254 τὸ

918 2262 1086 2307 ευρύοπα
1123 2268 1218 2299 εἰναι
1250 2264 1352 2306 Jovi‚
1384 2277 1450 2298 non
1484 2267 1564 2299 item
1592 2264 1729 2307 Junoui,

918 2322 1030 2355 neque
1063 2311 1137 2355 ejus
1172 2311 1269 2344 verbi
1309 2311 1517 2356 significatio
1551 2312 1644 2345 inest
1675 2312 1730 2357 τῷ

919 2356 1211 2411 {3003n1g.magni
1249 2362 1329 2390 sunt
1363 2359 1454 2391 oculi
1489 2359 1611 2398 boum,
1636 2369 1730 2390 cum-

922 2415 991 2448 que
1022 2404 1057 2436 in
1092 2404 1193 2436 laude
1233 2404 1280 2437 sit
1314 2405 1488 2438 oculorum
1512 2403 1728 2449 magnitudo,

920 2454 1015 2484 recte
1039 2461 1095 2494 ap.
1124 2450 1223 2483 Hom.
1256 2453 1292 2483 et
1315 2451 1403 2484 Juno
1427 2450 1555 2484 dicitur
1577 2450 1732 2495 βοῶπις,

914 2497 1171 2541 sarrenazigig,
1197 2500 1236 2530 ut
1258 2496 1412 2531 reddidit
1430 2497 1618 2540 Burgerus,
1644 2496 1732 2530 male

922 2542 1125 2576 fastidiente
1159 2543 1306 2585 vossio,
1339 2548 1375 2576 et
1411 2543 1471 2588 cl)
1471 2555 1574 2576 mene
1608 2542 1734 2577 ancilla

923 2589 1078 2623 Helenae
1106 2586 1146 2633 γ’
1155 2614 1166 2630 ,
1193 2588 1295 2624 144.-
1284 2613 1295 2630 ‚
1338 2589 1439 2623 etiam
1455 2557 1734 2630 >Philomedusa,

924 2641 1034 2669 mater
1058 2635 1266 2674 Menesthii,
1299 2635 1363 2669 hoc
1395 2635 1552 2679 epitheto
1577 2636 1734 2669 celebra-

924 2686 982 2715 tur
1006 2679 1060 2725 η’,
1087 2685 1140 2716 10
1167 2686 1203 2715 et
1234 2682 1361 2715 Nereis
1396 2681 1499 2715 Halie
1525 2680 1552 2716 σ’
1563 2705 1575 2723 ,
1611 2680 1666 2715 40.
1687 2680 1735 2713 cf.

924 2727 1068 2761 Hesiod.
1101 2728 1240 2772 Theog.
1272 2729 1352 2763 355.
1377 2731 1413 2761 et
1447 2727 1548 2761 Pind.
1573 2727 1674 2771 Pyth.
1698 2727 1734 2766 3,

928 2776 1023 2816 162„
1047 2785 1136 2818 quae
1159 2740 1240 2807 locga
1254 2773 1495 2827 suppeditavit
1514 2774 1560 2806 U.
1586 2773 1629 2805 de
1649 2767 1736 2817 βου,

925 2820 1099 2866 particula
1138 2819 1309 2864 augendi,
1344 2831 1376 2853 v.
1423 2820 1563 2853 Weller.
1599 2828 1651 2862 gr.
1682 2828 1736 2861 gr.

928 2871 963 2901 et
987 2866 1145 2901 Fischeri
1170 2847 1350 2900 Animadv.
1385 2878 1420 2910 p.
1443 2868 1539 2906 290,
1564 2874 1650 2908 quos
1674 2874 1737 2897 au-

928 2918 1044 2947 ctores
1076 2911 1200 2946 citavit
1231 2912 1532 2955 Schaufelberger.
1566 2910 1602 2943 in
1634 2908 1737 2942 Clavi

928 2961 964 2994 1ι.
987 2971 1022 2994 v.
1048 2963 1084 2993 et
1106 2970 1182 2993 eum
1205 2963 1345 2994 secutus
1368 2957 1506 2993 Gailius
1529 2955 1564 2990 in
1592 2955 1674 2999 Cles
1690 2953 1735 2991 d‘

930 3006 1081 3041 Homere
1103 3017 1139 3052 p.
1168 3005 1248 3042 113.
