<?xml version="1.0" encoding="UTF-8"?>
<!DOCTYPE html PUBLIC "-//W3C//DTD XHTML 1.0 Transitional//EN"
    "http://www.w3.org/TR/xhtml1/DTD/xhtml1-transitional.dtd">
<html xmlns="http://www.w3.org/1999/xhtml" xml:lang="en" lang="en">
 <head>
  <title>
</title>
<meta http-equiv="Content-Type" content="text/html;charset=utf-8" />
  <meta name='ocr-system' content='tesseract 3.04.00' />
  <meta name='ocr-capabilities' content='ocr_page ocr_carea ocr_par ocr_line ocrx_word'/>
</head>
<body>
  <div class='ocr_page' id='page_1' title='image "./carmina01home/carmina01home_0206.png"; bbox 0 0 1811 3269; ppageno 0'>
   <div class='ocr_carea' id='block_1_1' title="bbox 86 143 1441 442">
    <p class='ocr_par' dir='ltr' id='par_1_1' title="bbox 86 143 1441 441">
     <span class='ocr_line' id='line_1_1' title="bbox 86 143 1127 190; baseline -0.005 0"><span class='ocrx_word' id='word_1_1' title='bbox 86 150 168 190; x_wconf 83' lang='lat'><strong><em>192</em></strong></span> <span class='ocrx_word' id='word_1_2' title='bbox 723 144 759 185; x_wconf 93' lang='grc' dir='ltr'>Ο</span> <span class='ocrx_word' id='word_1_3' title='bbox 789 144 846 184; x_wconf 94' lang='grc' dir='ltr'>Μ</span> <span class='ocrx_word' id='word_1_4' title='bbox 870 143 921 184; x_wconf 91' lang='grc' dir='ltr'>Η</span> <span class='ocrx_word' id='word_1_5' title='bbox 945 144 984 184; x_wconf 95' lang='grc' dir='ltr'><strong><em>Ρ</em></strong></span> <span class='ocrx_word' id='word_1_6' title='bbox 1018 143 1054 186; x_wconf 92' lang='grc' dir='ltr'>Ο</span> <span class='ocrx_word' id='word_1_7' title='bbox 1088 145 1127 185; x_wconf 73' lang='grc' dir='ltr'><strong><em>Τ</em></strong></span> 
     </span>
     <span class='ocr_line' id='line_1_2' title="bbox 253 254 1130 330; baseline -0.006 -27"><span class='ocrx_word' id='word_1_8' title='bbox 253 257 392 330; x_wconf 84' lang='grc' dir='ltr'><strong><em>κήρυξ</em></strong></span> <span class='ocrx_word' id='word_1_9' title='bbox 416 255 573 307; x_wconf 85' lang='grc' dir='ltr'><strong><em>Ἰδαῖος</em></strong></span> <span class='ocrx_word' id='word_1_10' title='bbox 601 254 678 312; x_wconf 80' lang='grc' dir='ltr'><strong><em>ἠδὲ</em></strong></span> <span class='ocrx_word' id='word_1_11' title='bbox 706 254 886 311; x_wconf 83' lang='grc' dir='ltr'><strong><em>χρύσεια</em></strong></span> <span class='ocrx_word' id='word_1_12' title='bbox 915 254 1130 299; x_wconf 79' lang='grc' dir='ltr'><strong><em>κύπελλα·</em></strong></span> 
     </span>
     <span class='ocr_line' id='line_1_3' title="bbox 257 311 1342 382; baseline -0.006 -22"><span class='ocrx_word' id='word_1_13' title='bbox 257 315 450 371; x_wconf 78' lang='grc' dir='ltr'><strong><em>ὤτρυνεν</em></strong></span> <span class='ocrx_word' id='word_1_14' title='bbox 481 315 527 358; x_wconf 78' lang='grc' dir='ltr'><strong><em>δὲ</em></strong></span> <span class='ocrx_word' id='word_1_15' title='bbox 556 313 745 369; x_wconf 81' lang='grc' dir='ltr'><strong><em>γέροντα</em></strong></span> <span class='ocrx_word' id='word_1_16' title='bbox 773 314 1099 382; x_wconf 79' lang='grc' dir='ltr'><strong><em>παριστάμενος</em></strong></span> <span class='ocrx_word' id='word_1_17' title='bbox 1126 311 1342 355; x_wconf 83' lang='grc' dir='ltr'><strong><em>ἐπέεσσιν·</em></strong></span> 
     </span>
     <span class='ocr_line' id='line_1_4' title="bbox 143 368 1441 442; baseline -0.004 -25"><span class='ocrx_word' id='word_1_18' title='bbox 143 378 226 418; x_wconf 76' lang='grc'><strong><em>250</em></strong></span> <span class='ocrx_word' id='word_1_19' title='bbox 340 372 544 442; x_wconf 85' lang='grc' dir='ltr'><strong><em>,,Ὀρσεο,</em></strong></span> <span class='ocrx_word' id='word_1_20' title='bbox 577 369 960 442; x_wconf 66' lang='grc' dir='ltr'><strong><em>Λαομεδοντιάδη]</em></strong></span> <span class='ocrx_word' id='word_1_21' title='bbox 998 368 1232 412; x_wconf 80' lang='grc' dir='ltr'><strong><em>καλέουσιν</em></strong></span> <span class='ocrx_word' id='word_1_22' title='bbox 1270 369 1441 423; x_wconf 82' lang='grc' dir='ltr'><strong><em>ἄριστοι</em></strong></span> 
     </span>
    </p>
   </div>
   <div class='ocr_carea' id='block_1_2' title="bbox 145 426 1635 1165">
    <p class='ocr_par' dir='ltr' id='par_1_2' title="bbox 145 426 1635 1165">
     <span class='ocr_line' id='line_1_5' title="bbox 262 426 1467 494; baseline -0.002 -22"><span class='ocrx_word' id='word_1_23' title='bbox 262 429 428 484; x_wconf 78' lang='grc' dir='ltr'><strong><em>Τρώων</em></strong></span> <span class='ocrx_word' id='word_1_24' title='bbox 457 426 505 471; x_wconf 78' lang='grc' dir='ltr'><strong><em>θ’</em></strong></span> <span class='ocrx_word' id='word_1_25' title='bbox 537 426 800 481; x_wconf 81' lang='grc' dir='ltr'><strong><em>ἱπποδάμων</em></strong></span> <span class='ocrx_word' id='word_1_26' title='bbox 830 444 901 470; x_wconf 85' lang='grc' dir='ltr'><strong><em>και</em></strong></span> <span class='ocrx_word' id='word_1_27' title='bbox 933 429 1110 481; x_wconf 78' lang='grc' dir='ltr'><strong><em>Αχαιῶν</em></strong></span> <span class='ocrx_word' id='word_1_28' title='bbox 1139 426 1467 494; x_wconf 80' lang='grc' dir='ltr'><strong><em>χαλκοχιτώνων</em></strong></span> 
     </span>
     <span class='ocr_line' id='line_1_6' title="bbox 255 481 1386 553; baseline -0.003 -23"><span class='ocrx_word' id='word_1_29' title='bbox 255 487 298 537; x_wconf 78' lang='grc' dir='ltr'><strong><em>ἐς</em></strong></span> <span class='ocrx_word' id='word_1_30' title='bbox 327 487 478 529; x_wconf 84' lang='grc' dir='ltr'><strong><em>πεδίον</em></strong></span> <span class='ocrx_word' id='word_1_31' title='bbox 505 488 771 540; x_wconf 82' lang='grc' dir='ltr'><strong><em>καταβῆναι,</em></strong></span> <span class='ocrx_word' id='word_1_32' title='bbox 801 482 858 527; x_wconf 78' lang='grc' dir='ltr'><strong><em>ἵν’</em></strong></span> <span class='ocrx_word' id='word_1_33' title='bbox 893 483 1022 538; x_wconf 83' lang='grc' dir='ltr'><strong><em>ὅρκια</em></strong></span> <span class='ocrx_word' id='word_1_34' title='bbox 1051 481 1182 525; x_wconf 77' lang='grc' dir='ltr'><strong><em>πιστοὶ</em></strong></span> <span class='ocrx_word' id='word_1_35' title='bbox 1212 483 1386 553; x_wconf 82' lang='grc' dir='ltr'><strong><em>τάμητε,</em></strong></span> 
     </span>
     <span class='ocr_line' id='line_1_7' title="bbox 260 538 1349 613; baseline -0.004 -27"><span class='ocrx_word' id='word_1_36' title='bbox 260 541 402 596; x_wconf 83' lang='grc' dir='ltr'><strong><em>αὐτὰρ</em></strong></span> <span class='ocrx_word' id='word_1_37' title='bbox 432 540 713 596; x_wconf 80' lang='grc' dir='ltr'><strong><em>Ἀλέξανδρος</em></strong></span> <span class='ocrx_word' id='word_1_38' title='bbox 742 541 817 585; x_wconf 87' lang='grc' dir='ltr'><strong><em>καὶ</em></strong></span> <span class='ocrx_word' id='word_1_39' title='bbox 843 540 1091 613; x_wconf 83' lang='grc' dir='ltr'><strong><em>Ἀρηίφιλος</em></strong></span> <span class='ocrx_word' id='word_1_40' title='bbox 1123 538 1349 591; x_wconf 79' lang='grc' dir='ltr'><strong><em>Μενέλαος</em></strong></span> 
     </span>
     <span class='ocr_line' id='line_1_8' title="bbox 259 595 1272 669; baseline -0.005 -27"><span class='ocrx_word' id='word_1_41' title='bbox 259 604 428 655; x_wconf 78' lang='grc' dir='ltr'><strong><em>μακρῃς</em></strong></span> <span class='ocrx_word' id='word_1_42' title='bbox 459 599 642 669; x_wconf 82' lang='grc' dir='ltr'><strong><em>ἐγχείῃσι</em></strong></span> <span class='ocrx_word' id='word_1_43' title='bbox 672 597 908 666; x_wconf 86' lang='grc' dir='ltr'><strong><em>μαχήσοντ’</em></strong></span> <span class='ocrx_word' id='word_1_44' title='bbox 941 595 1054 651; x_wconf 79' lang='grc' dir='ltr'><strong><em>ἀμφὶ</em></strong></span> <span class='ocrx_word' id='word_1_45' title='bbox 1083 597 1272 650; x_wconf 79' lang='grc' dir='ltr'><strong><em>γυναικὶ,</em></strong></span> 
     </span>
     <span class='ocr_line' id='line_1_9' title="bbox 145 651 1401 721; baseline -0.006 -20"><span class='ocrx_word' id='word_1_46' title='bbox 145 659 228 702; x_wconf 84' lang='grc'><strong><em>255</em></strong></span> <span class='ocrx_word' id='word_1_47' title='bbox 258 660 318 712; x_wconf 81' lang='grc' dir='ltr'><strong><em>τῷ</em></strong></span> <span class='ocrx_word' id='word_1_48' title='bbox 350 658 396 699; x_wconf 78' lang='grc' dir='ltr'><strong><em>δέ</em></strong></span> <span class='ocrx_word' id='word_1_49' title='bbox 427 672 474 699; x_wconf 85' lang='grc' dir='ltr'><strong><em>κε</em></strong></span> <span class='ocrx_word' id='word_1_50' title='bbox 503 654 733 711; x_wconf 82' lang='grc' dir='ltr'><strong><em>νικήσαντι</em></strong></span> <span class='ocrx_word' id='word_1_51' title='bbox 762 654 874 710; x_wconf 78' lang='grc' dir='ltr'><strong><em>γυνή</em></strong></span> <span class='ocrx_word' id='word_1_52' title='bbox 906 654 980 697; x_wconf 82' lang='grc' dir='ltr'><strong><em>καὶ</em></strong></span> <span class='ocrx_word' id='word_1_53' title='bbox 1009 651 1201 721; x_wconf 77' lang='grc' dir='ltr'><strong><em>κτήμαθ’</em></strong></span> <span class='ocrx_word' id='word_1_54' title='bbox 1236 652 1401 706; x_wconf 79' lang='grc' dir='ltr'><strong><em>ἕποιτο,</em></strong></span> 
     </span>
     <span class='ocr_line' id='line_1_10' title="bbox 258 708 1441 781; baseline -0.005 -24"><span class='ocrx_word' id='word_1_55' title='bbox 258 715 302 757; x_wconf 85' lang='grc' dir='ltr'><strong><em>οἱ</em></strong></span> <span class='ocrx_word' id='word_1_56' title='bbox 332 710 376 756; x_wconf 84' lang='grc' dir='ltr'><strong><em>δ’</em></strong></span> <span class='ocrx_word' id='word_1_57' title='bbox 407 712 534 757; x_wconf 77' lang='grc' dir='ltr'><strong><em>ἄλλοι</em></strong></span> <span class='ocrx_word' id='word_1_58' title='bbox 564 712 776 768; x_wconf 86' lang='grc' dir='ltr'><strong><em>φιλότητα</em></strong></span> <span class='ocrx_word' id='word_1_59' title='bbox 806 712 879 754; x_wconf 87' lang='grc' dir='ltr'><strong><em>καὶ</em></strong></span> <span class='ocrx_word' id='word_1_60' title='bbox 909 711 1055 781; x_wconf 83' lang='grc' dir='ltr'><strong><em>ὅρκια</em></strong></span> <span class='ocrx_word' id='word_1_61' title='bbox 1068 708 1199 752; x_wconf 88' lang='grc' dir='ltr'><strong><em>πιστα</em></strong></span> <span class='ocrx_word' id='word_1_62' title='bbox 1230 709 1441 765; x_wconf 83' lang='grc' dir='ltr'><strong><em>ταμόντες</em></strong></span> 
     </span>
     <span class='ocr_line' id='line_1_11' title="bbox 260 765 1354 839; baseline -0.003 -26"><span class='ocrx_word' id='word_1_63' title='bbox 260 771 461 826; x_wconf 87' lang='grc' dir='ltr'><strong><em>ναίοιμεν</em></strong></span> <span class='ocrx_word' id='word_1_64' title='bbox 497 772 660 839; x_wconf 83' lang='grc' dir='ltr'><strong><em>Τροίην</em></strong></span> <span class='ocrx_word' id='word_1_65' title='bbox 693 769 964 824; x_wconf 77' lang='grc' dir='ltr'><strong><em>ἐριβώλακα,</em></strong></span> <span class='ocrx_word' id='word_1_66' title='bbox 992 766 1061 809; x_wconf 86' lang='grc' dir='ltr'><strong><em>τοὶ</em></strong></span> <span class='ocrx_word' id='word_1_67' title='bbox 1090 766 1137 809; x_wconf 80' lang='grc' dir='ltr'><strong><em>δὲ</em></strong></span> <span class='ocrx_word' id='word_1_68' title='bbox 1167 765 1354 810; x_wconf 85' lang='grc' dir='ltr'><strong><em>νέωνται</em></strong></span> 
     </span>
     <span class='ocr_line' id='line_1_12' title="bbox 248 811 1464 898; baseline -0.005 -26.945"><span class='ocrx_word' id='word_1_69' title='bbox 248 811 404 881; x_wconf 79' lang='grc' dir='ltr'><strong><em>”Αργος</em></strong></span> <span class='ocrx_word' id='word_1_70' title='bbox 436 827 478 878; x_wconf 80' lang='grc' dir='ltr'><strong><em>ἐς</em></strong></span> <span class='ocrx_word' id='word_1_71' title='bbox 497 825 753 898; x_wconf 80' lang='grc' dir='ltr'><strong><em>ἱππόβοτον</em></strong></span> <span class='ocrx_word' id='word_1_72' title='bbox 784 826 858 869; x_wconf 84' lang='grc' dir='ltr'><strong><em>καὶ</em></strong></span> <span class='ocrx_word' id='word_1_73' title='bbox 885 825 1075 880; x_wconf 78' lang='grc' dir='ltr'><strong><em>Ἀχαιΐδα</em></strong></span> <span class='ocrx_word' id='word_1_74' title='bbox 1105 822 1464 878; x_wconf 56' lang='lat' dir='ltr'><strong><em>uaaaayv&#39;vama“</em></strong></span> 
     </span>
     <span class='ocr_line' id='line_1_13' title="bbox 328 879 1635 952; baseline -0.002 -24.975"><span class='ocrx_word' id='word_1_75' title='bbox 328 883 412 935; x_wconf 80' lang='grc' dir='ltr'><strong><em>Ὼς</em></strong></span> <span class='ocrx_word' id='word_1_76' title='bbox 442 884 577 939; x_wconf 87' lang='grc' dir='ltr'><strong><em>φάτο·</em></strong></span> <span class='ocrx_word' id='word_1_77' title='bbox 612 885 787 939; x_wconf 80' lang='grc' dir='ltr'><strong><em>ρίγησεν</em></strong></span> <span class='ocrx_word' id='word_1_78' title='bbox 818 880 918 925; x_wconf 83' lang='grc' dir='ltr'><strong><em>δ’ὁ</em></strong></span> <span class='ocrx_word' id='word_1_79' title='bbox 949 881 1114 952; x_wconf 80' lang='grc' dir='ltr'><strong><em>γέρων,</em></strong></span> <span class='ocrx_word' id='word_1_80' title='bbox 1147 880 1342 924; x_wconf 83' lang='grc' dir='ltr'><strong><em>ἐκέλευσε</em></strong></span> <span class='ocrx_word' id='word_1_81' title='bbox 1373 879 1415 924; x_wconf 88' lang='grc' dir='ltr'><strong><em>δ’</em></strong></span> <span class='ocrx_word' id='word_1_82' title='bbox 1447 879 1635 936; x_wconf 88' lang='grc' dir='ltr'><strong><em>εταίροις</em></strong></span> 
     </span>
     <span class='ocr_line' id='line_1_14' title="bbox 145 937 1444 1011; baseline -0.003 -27"><span class='ocrx_word' id='word_1_83' title='bbox 145 946 230 985; x_wconf 85' lang='grc'><strong><em>260</em></strong></span> <span class='ocrx_word' id='word_1_84' title='bbox 261 941 423 991; x_wconf 75' lang='grc' dir='ltr'><strong><em>ἵππους</em></strong></span> <span class='ocrx_word' id='word_1_85' title='bbox 455 940 762 1011; x_wconf 82' lang='grc' dir='ltr'><strong><em>ζευγνύμεναι·</em></strong></span> <span class='ocrx_word' id='word_1_86' title='bbox 798 940 865 983; x_wconf 86' lang='grc' dir='ltr'><strong><em>τοὶ</em></strong></span> <span class='ocrx_word' id='word_1_87' title='bbox 900 937 940 982; x_wconf 88' lang='lat'><strong><em>6&#39;</em></strong></span> <span class='ocrx_word' id='word_1_88' title='bbox 974 937 1193 991; x_wconf 80' lang='grc' dir='ltr'><strong><em>ὀτραλέως</em></strong></span> <span class='ocrx_word' id='word_1_89' title='bbox 1221 938 1444 981; x_wconf 76' lang='grc' dir='ltr'><strong><em>ἐπίθοντο.</em></strong></span> 
     </span>
     <span class='ocr_line' id='line_1_15' title="bbox 259 993 1593 1068; baseline -0.002 -28"><span class='ocrx_word' id='word_1_90' title='bbox 259 998 316 1040; x_wconf 75' lang='grc' dir='ltr'><strong><em>ἂν</em></strong></span> <span class='ocrx_word' id='word_1_91' title='bbox 347 996 391 1040; x_wconf 85' lang='grc' dir='ltr'><strong><em>δ’</em></strong></span> <span class='ocrx_word' id='word_1_92' title='bbox 422 996 495 1052; x_wconf 82' lang='grc' dir='ltr'><strong><em>ἄρ’</em></strong></span> <span class='ocrx_word' id='word_1_93' title='bbox 528 998 602 1068; x_wconf 89' lang='grc' dir='ltr'><strong><em>ε’βη</em></strong></span> <span class='ocrx_word' id='word_1_94' title='bbox 637 998 858 1052; x_wconf 86' lang='grc' dir='ltr'><strong><em>Πρίαμος,</em></strong></span> <span class='ocrx_word' id='word_1_95' title='bbox 888 1012 997 1039; x_wconf 85' lang='grc' dir='ltr'><strong><em>κατα</em></strong></span> <span class='ocrx_word' id='word_1_96' title='bbox 1030 993 1074 1038; x_wconf 82' lang='grc' dir='ltr'><strong><em>δ’</em></strong></span> <span class='ocrx_word' id='word_1_97' title='bbox 1103 993 1204 1050; x_wconf 74' lang='grc' dir='ltr'><strong><em>ἡνία</em></strong></span> <span class='ocrx_word' id='word_1_98' title='bbox 1233 999 1372 1038; x_wconf 84' lang='grc' dir='ltr'><strong><em>τεῖνεν</em></strong></span> <span class='ocrx_word' id='word_1_99' title='bbox 1403 994 1593 1038; x_wconf 84' lang='grc' dir='ltr'><strong><em>ὀπίσσω·</em></strong></span> 
     </span>
     <span class='ocr_line' id='line_1_16' title="bbox 260 1052 1452 1123; baseline -0.003 -26"><span class='ocrx_word' id='word_1_100' title='bbox 260 1070 350 1108; x_wconf 88' lang='grc' dir='ltr'><strong><em>παρ</em></strong></span> <span class='ocrx_word' id='word_1_101' title='bbox 382 1054 428 1098; x_wconf 86' lang='grc' dir='ltr'><strong><em>δέ</em></strong></span> <span class='ocrx_word' id='word_1_102' title='bbox 460 1056 504 1097; x_wconf 83' lang='grc' dir='ltr'><strong><em>οἱ</em></strong></span> <span class='ocrx_word' id='word_1_103' title='bbox 529 1053 748 1109; x_wconf 84' lang='grc' dir='ltr'><strong><em>Ἀντήνωρ</em></strong></span> <span class='ocrx_word' id='word_1_104' title='bbox 779 1052 1036 1123; x_wconf 83' lang='grc' dir='ltr'><strong><em>περικαλλέα</em></strong></span> <span class='ocrx_word' id='word_1_105' title='bbox 1066 1052 1230 1122; x_wconf 89' lang='grc' dir='ltr'><strong><em>βήσατο</em></strong></span> <span class='ocrx_word' id='word_1_106' title='bbox 1262 1054 1452 1107; x_wconf 84' lang='grc' dir='ltr'><strong><em>δίφρον</em></strong></span> 
     </span>
     <span class='ocr_line' id='line_1_17' title="bbox 231 1093 1445 1165; baseline -0.003 -10"><span class='ocrx_word' id='word_1_107' title='bbox 231 1111 325 1155; x_wconf 89' lang='grc' dir='ltr'><strong><em>*τω</em></strong></span> <span class='ocrx_word' id='word_1_108' title='bbox 358 1111 404 1154; x_wconf 80' lang='grc' dir='ltr'><strong><em>δὲ</em></strong></span> <span class='ocrx_word' id='word_1_109' title='bbox 434 1111 508 1155; x_wconf 83' lang='grc' dir='ltr'><strong><em>διοὶ</em></strong></span> <span class='ocrx_word' id='word_1_110' title='bbox 534 1115 717 1155; x_wconf 79' lang='grc' dir='ltr'><strong><em>Σκαιῶν</em></strong></span> <span class='ocrx_word' id='word_1_111' title='bbox 745 1093 944 1154; x_wconf 82' lang='grc' dir='ltr'><strong><em>πεδίονδ’</em></strong></span> <span class='ocrx_word' id='word_1_112' title='bbox 976 1110 1076 1165; x_wconf 80' lang='grc' dir='ltr'><strong><em>ἕχον</em></strong></span> <span class='ocrx_word' id='word_1_113' title='bbox 1105 1108 1242 1160; x_wconf 81' lang='grc' dir='ltr'><strong><em>ω’κέας</em></strong></span> <span class='ocrx_word' id='word_1_114' title='bbox 1272 1110 1445 1160; x_wconf 82' lang='grc' dir='ltr'><strong><em>ἴ.ππους</em></strong></span> 
     </span>
    </p>
   </div>
   <div class='ocr_carea' id='block_1_3' title="bbox 89 1236 906 1699">
    <p class='ocr_par' dir='ltr' id='par_1_3' title="bbox 89 1236 904 1699">
     <span class='ocr_line' id='line_1_18' title="bbox 89 1236 904 1337; baseline 0 -20"><span class='ocrx_word' id='word_1_115' title='bbox 89 1237 228 1337; x_wconf 51' lang='lat' dir='ltr'><strong><em>¹3⁶3}ss</em></strong></span> <span class='ocrx_word' id='word_1_116' title='bbox 247 1242 432 1325; x_wconf 46' lang='grc' dir='ltr'><strong><em>ἕῆἒᾞ</em></strong></span> <span class='ocrx_word' id='word_1_117' title='bbox 454 1236 596 1324; x_wconf 59' lang='grc' dir='ltr'><strong><em>ῗῗῖῗέῗ</em></strong></span> <span class='ocrx_word' id='word_1_118' title='bbox 629 1236 904 1327; x_wconf 61' lang='lat' dir='ltr'><strong>3‘.?3..¹&#39;I⁰2¹}³2‘3</strong></span> 
     </span>
     <span class='ocr_line' id='line_1_19' title="bbox 90 1327 903 1373; baseline -0.001 -10"><span class='ocrx_word' id='word_1_119' title='bbox 90 1333 126 1363; x_wconf 88' lang='lat' dir='ltr'><strong><em>et</em></strong></span> <span class='ocrx_word' id='word_1_120' title='bbox 150 1327 189 1372; x_wconf 82' lang='grc' dir='ltr'><strong><em>ε’,</em></strong></span> <span class='ocrx_word' id='word_1_121' title='bbox 212 1331 281 1365; x_wconf 88' lang='lat'><strong><em>265</em></strong></span> <span class='ocrx_word' id='word_1_122' title='bbox 314 1329 431 1363; x_wconf 87' lang='lat' dir='ltr'>itidem</span> <span class='ocrx_word' id='word_1_123' title='bbox 463 1329 706 1373; x_wconf 85' lang='lat' dir='ltr'>intelligendus</span> <span class='ocrx_word' id='word_1_124' title='bbox 741 1341 816 1363; x_wconf 88' lang='lat' dir='ltr'>esse</span> <span class='ocrx_word' id='word_1_125' title='bbox 850 1329 903 1362; x_wconf 86' lang='lat' dir='ltr'><strong><em>vi-</em></strong></span> 
     </span>
     <span class='ocr_line' id='line_1_20' title="bbox 89 1355 904 1419; baseline -0.002 -10"><span class='ocrx_word' id='word_1_126' title='bbox 89 1355 196 1410; x_wconf 76' lang='lat' dir='ltr'>detul·</span> <span class='ocrx_word' id='word_1_127' title='bbox 219 1374 333 1416; x_wconf 78' lang='grc' dir='ltr'><strong><em>ἀσκὸς</em></strong></span> <span class='ocrx_word' id='word_1_128' title='bbox 358 1375 517 1418; x_wconf 77' lang='grc' dir='ltr'><strong><em>αἶ’,γειος</em></strong></span> <span class='ocrx_word' id='word_1_129' title='bbox 553 1381 630 1409; x_wconf 86' lang='lat' dir='ltr'>uter</span> <span class='ocrx_word' id='word_1_130' title='bbox 653 1377 838 1419; x_wconf 81' lang='lat' dir='ltr'><strong><em>caprinus,</em></strong></span> <span class='ocrx_word' id='word_1_131' title='bbox 869 1375 904 1408; x_wconf 86' lang='lat' dir='ltr'><strong><em>in</em></strong></span> 
     </span>
     <span class='ocr_line' id='line_1_21' title="bbox 89 1421 903 1466; baseline 0 -12"><span class='ocrx_word' id='word_1_132' title='bbox 89 1433 157 1466; x_wconf 89' lang='lat' dir='ltr'><strong><em>quo</em></strong></span> <span class='ocrx_word' id='word_1_133' title='bbox 182 1422 296 1456; x_wconf 89' lang='lat' dir='ltr'>vinum</span> <span class='ocrx_word' id='word_1_134' title='bbox 322 1423 452 1455; x_wconf 84' lang='lat' dir='ltr'>habere</span> <span class='ocrx_word' id='word_1_135' title='bbox 485 1421 568 1456; x_wconf 76' lang='lat' dir='ltr'>hodi</span> <span class='ocrx_word' id='word_1_136' title='bbox 557 1434 661 1465; x_wconf 84' lang='lat' dir='ltr'>eque</span> <span class='ocrx_word' id='word_1_137' title='bbox 693 1422 804 1456; x_wconf 85' lang='lat' dir='ltr'>solent</span> <span class='ocrx_word' id='word_1_138' title='bbox 839 1421 903 1455; x_wconf 91' lang='lat' dir='ltr'><strong><em>Hi-</em></strong></span> 
     </span>
     <span class='ocr_line' id='line_1_22' title="bbox 90 1468 904 1522; baseline 0 -21"><span class='ocrx_word' id='word_1_139' title='bbox 90 1468 188 1512; x_wconf 88' lang='lat' dir='ltr'>spani</span> <span class='ocrx_word' id='word_1_140' title='bbox 213 1469 368 1522; x_wconf 80' lang='lat' dir='ltr'>aliaeque</span> <span class='ocrx_word' id='word_1_141' title='bbox 393 1475 517 1514; x_wconf 85' lang='lat' dir='ltr'><strong>gentes</strong></span> <span class='ocrx_word' id='word_1_142' title='bbox 542 1468 732 1508; x_wconf 84' lang='lat' dir='ltr'>finitimae,</span> <span class='ocrx_word' id='word_1_143' title='bbox 761 1474 799 1502; x_wconf 80' lang='lat' dir='ltr'><strong><em>ut</em></strong></span> <span class='ocrx_word' id='word_1_144' title='bbox 823 1468 904 1501; x_wconf 86' lang='lat' dir='ltr'>Fei-</span> 
     </span>
     <span class='ocr_line' id='line_1_23' title="bbox 90 1514 905 1559; baseline -0.003 -11"><span class='ocrx_word' id='word_1_145' title='bbox 90 1515 184 1548; x_wconf 86' lang='lat' dir='ltr'>thius</span> <span class='ocrx_word' id='word_1_146' title='bbox 201 1515 390 1549; x_wconf 82' lang='lat' dir='ltr'>annotavit.</span> <span class='ocrx_word' id='word_1_147' title='bbox 415 1534 454 1539; x_wconf 81' lang='lat'><em>-</em></span> <span class='ocrx_word' id='word_1_148' title='bbox 486 1527 611 1559; x_wconf 89' lang='grc' dir='ltr'><strong><em>κρητ.</em></strong></span> <span class='ocrx_word' id='word_1_149' title='bbox 639 1527 686 1557; x_wconf 87' lang='grc' dir='ltr'><strong><em>α,</em></strong></span> <span class='ocrx_word' id='word_1_150' title='bbox 707 1515 788 1549; x_wconf 87' lang='grc'><strong><em>470.</em></strong></span> <span class='ocrx_word' id='word_1_151' title='bbox 811 1514 905 1547; x_wconf 52' lang='lat' dir='ltr'><strong><em>Scha</em></strong></span> 
     </span>
     <span class='ocr_line' id='line_1_24' title="bbox 93 1540 906 1617; baseline -0.003 -22"><span class='ocrx_word' id='word_1_152' title='bbox 93 1559 326 1617; x_wconf 85' lang='grc' dir='ltr'><strong><em>φαεινόν.</em></strong></span> <span class='ocrx_word' id='word_1_153' title='bbox 351 1558 542 1605; x_wconf 78' lang='grc' dir='ltr'><strong><em>οἷργυροῦν</em></strong></span> <span class='ocrx_word' id='word_1_154' title='bbox 567 1558 639 1604; x_wconf 86' lang='grc' dir='ltr'><strong><em>(ψ,</em></strong></span> <span class='ocrx_word' id='word_1_155' title='bbox 665 1540 906 1604; x_wconf 76' lang='lat' dir='ltr'><strong>7⁹41,0dy.ss</strong></span> 
     </span>
     <span class='ocr_line' id='line_1_25' title="bbox 92 1605 906 1650; baseline -0.005 -6"><span class='ocrx_word' id='word_1_156' title='bbox 92 1606 131 1650; x_wconf 88' lang='grc' dir='ltr'><strong><em>ι’,</em></strong></span> <span class='ocrx_word' id='word_1_157' title='bbox 167 1609 257 1650; x_wconf 82' lang='grc'><strong><em>203,</em></strong></span> <span class='ocrx_word' id='word_1_158' title='bbox 296 1605 340 1649; x_wconf 85' lang='grc' dir='ltr'><strong><em>ο’,</em></strong></span> <span class='ocrx_word' id='word_1_159' title='bbox 377 1608 466 1649; x_wconf 85' lang='grc'><strong><em>104,</em></strong></span> <span class='ocrx_word' id='word_1_160' title='bbox 512 1607 773 1650; x_wconf 89' lang='grc'><strong><em>121-123.),</em></strong></span> <span class='ocrx_word' id='word_1_161' title='bbox 816 1609 906 1650; x_wconf 88' lang='grc' dir='ltr'><strong><em>λαμ-</em></strong></span> 
     </span>
     <span class='ocr_line' id='line_1_26' title="bbox 91 1651 202 1699; baseline 0 -11"><span class='ocrx_word' id='word_1_162' title='bbox 91 1651 202 1699; x_wconf 87' lang='grc' dir='ltr'><strong><em>πρόν.</em></strong></span> 
     </span>
    </p>
   </div>
   <div class='ocr_carea' id='block_1_4' title="bbox 94 1718 908 1813">
    <p class='ocr_par' dir='ltr' id='par_1_4' title="bbox 94 1718 908 1813">
     <span class='ocr_line' id='line_1_27' title="bbox 139 1718 908 1768; baseline -0.003 -10"><span class='ocrx_word' id='word_1_163' title='bbox 139 1723 222 1762; x_wconf 86' lang='grc'><strong><em>251,</em></strong></span> <span class='ocrx_word' id='word_1_164' title='bbox 247 1723 281 1758; x_wconf 91' lang='grc'><strong><em>2.</em></strong></span> <span class='ocrx_word' id='word_1_165' title='bbox 318 1720 418 1756; x_wconf 79' lang='grc' dir='ltr'><strong><em>ἱππ.</em></strong></span> <span class='ocrx_word' id='word_1_166' title='bbox 446 1733 479 1757; x_wconf 84' lang='lat' dir='ltr'><strong><em>v.</em></strong></span> <span class='ocrx_word' id='word_1_167' title='bbox 498 1733 575 1756; x_wconf 85' lang='lat' dir='ltr'><strong>ann.</strong></span> <span class='ocrx_word' id='word_1_168' title='bbox 589 1718 691 1768; x_wconf 64' lang='lat' dir='ltr'><strong>adss&#39;.</strong></span> <span class='ocrx_word' id='word_1_169' title='bbox 718 1724 750 1757; x_wconf 89' lang='lat'><strong><em>1.</em></strong></span> <span class='ocrx_word' id='word_1_170' title='bbox 785 1724 908 1767; x_wconf 84' lang='grc' dir='ltr'><strong><em>χαλκ.</em></strong></span> 
     </span>
     <span class='ocr_line' id='line_1_28' title="bbox 94 1766 574 1813; baseline -0.004 -8"><span class='ocrx_word' id='word_1_171' title='bbox 94 1766 142 1812; x_wconf 84' lang='grc' dir='ltr'><strong><em>α’,</em></strong></span> <span class='ocrx_word' id='word_1_172' title='bbox 165 1770 246 1805; x_wconf 87' lang='grc'><strong><em>371.</em></strong></span> <span class='ocrx_word' id='word_1_173' title='bbox 294 1767 398 1812; x_wconf 80' lang='grc' dir='ltr'><strong><em>τάμ.</em></strong></span> <span class='ocrx_word' id='word_1_174' title='bbox 423 1766 467 1813; x_wconf 75' lang='grc' dir='ltr'><strong><em>β’,</em></strong></span> <span class='ocrx_word' id='word_1_175' title='bbox 496 1767 574 1804; x_wconf 97' lang='grc'><strong><em>124.</em></strong></span> 
     </span>
    </p>
   </div>
   <div class='ocr_carea' id='block_1_5' title="bbox 94 1834 912 2481">
    <p class='ocr_par' dir='ltr' id='par_1_5' title="bbox 94 1834 912 2458">
     <span class='ocr_line' id='line_1_29' title="bbox 139 1834 909 1882; baseline -0.003 -9"><span class='ocrx_word' id='word_1_176' title='bbox 139 1836 222 1873; x_wconf 88' lang='grc'><strong><em>254.</em></strong></span> <span class='ocrx_word' id='word_1_177' title='bbox 255 1834 909 1882; x_wconf 66' lang='grc' dir='ltr'><strong><em>οἱ.137.Ρο11(101μαχήσοντ’,110111-</em></strong></span> 
     </span>
     <span class='ocr_line' id='line_1_30' title="bbox 95 1882 909 1930; baseline 0 -12"><span class='ocrx_word' id='word_1_178' title='bbox 95 1896 166 1930; x_wconf 86' lang='lat' dir='ltr'><strong><em>que</em></strong></span> <span class='ocrx_word' id='word_1_179' title='bbox 196 1882 322 1919; x_wconf 77' lang='grc' dir='ltr'><strong><em>ἕποιτο</em></strong></span> <span class='ocrx_word' id='word_1_180' title='bbox 359 1890 394 1918; x_wconf 83' lang='lat' dir='ltr'><strong><em>et</em></strong></span> <span class='ocrx_word' id='word_1_181' title='bbox 426 1885 616 1926; x_wconf 84' lang='grc' dir='ltr'><strong><em>ναίοιμεν,</em></strong></span> <span class='ocrx_word' id='word_1_182' title='bbox 651 1885 694 1917; x_wconf 87' lang='lat' dir='ltr'><strong><em>ab</em></strong></span> <span class='ocrx_word' id='word_1_183' title='bbox 730 1885 810 1925; x_wconf 75' lang='grc' dir='ltr'><strong><em>ἵνα,</em></strong></span> <span class='ocrx_word' id='word_1_184' title='bbox 846 1896 909 1918; x_wconf 88' lang='lat' dir='ltr'><strong><em>nec</em></strong></span> 
     </span>
     <span class='ocr_line' id='line_1_31' title="bbox 95 1929 909 1975; baseline -0.001 -10"><span class='ocrx_word' id='word_1_185' title='bbox 95 1931 162 1966; x_wconf 86' lang='lat' dir='ltr'>alio</span> <span class='ocrx_word' id='word_1_186' title='bbox 188 1930 406 1964; x_wconf 82' lang='lat' dir='ltr'>referendum</span> <span class='ocrx_word' id='word_1_187' title='bbox 432 1935 486 1963; x_wconf 86' lang='lat' dir='ltr'><strong><em>est</em></strong></span> <span class='ocrx_word' id='word_1_188' title='bbox 510 1929 683 1971; x_wconf 86' lang='grc' dir='ltr'><strong><em>νέωνται,</em></strong></span> <span class='ocrx_word' id='word_1_189' title='bbox 709 1942 808 1975; x_wconf 90' lang='lat' dir='ltr'>quam</span> <span class='ocrx_word' id='word_1_190' title='bbox 829 1931 909 1964; x_wconf 86' lang='lat' dir='ltr'>Ste-</span> 
     </span>
     <span class='ocr_line' id='line_1_32' title="bbox 95 1976 909 2022; baseline 0.001 -12"><span class='ocrx_word' id='word_1_191' title='bbox 95 1977 200 2022; x_wconf 89' lang='lat' dir='ltr'>phani</span> <span class='ocrx_word' id='word_1_192' title='bbox 234 1981 271 2010; x_wconf 83' lang='lat' dir='ltr'><strong><em>et.</em></strong></span> <span class='ocrx_word' id='word_1_193' title='bbox 311 1977 529 2020; x_wconf 82' lang='lat' dir='ltr'>vulgatarum</span> <span class='ocrx_word' id='word_1_194' title='bbox 567 1977 667 2017; x_wconf 84' lang='lat' dir='ltr'><strong>edd.,</strong></span> <span class='ocrx_word' id='word_1_195' title='bbox 709 1976 744 2010; x_wconf 90' lang='lat' dir='ltr'><strong><em>in</em></strong></span> <span class='ocrx_word' id='word_1_196' title='bbox 786 1977 909 2021; x_wconf 89' lang='lat' dir='ltr'>quibus</span> 
     </span>
     <span class='ocr_line' id='line_1_33' title="bbox 94 2022 910 2067; baseline 0 -10"><span class='ocrx_word' id='word_1_197' title='bbox 94 2023 257 2065; x_wconf 86' lang='lat' dir='ltr'>Clarkei,</span> <span class='ocrx_word' id='word_1_198' title='bbox 292 2023 501 2066; x_wconf 82' lang='lat' dir='ltr'><strong>scripturam</strong></span> <span class='ocrx_word' id='word_1_199' title='bbox 539 2022 675 2056; x_wconf 89' lang='lat' dir='ltr'>minime</span> <span class='ocrx_word' id='word_1_200' title='bbox 700 2023 910 2067; x_wconf 85' lang='lat' dir='ltr'>posthabue-</span> 
     </span>
     <span class='ocr_line' id='line_1_34' title="bbox 94 2067 910 2104; baseline 0.001 -1"><span class='ocrx_word' id='word_1_201' title='bbox 94 2069 158 2104; x_wconf 87' lang='lat' dir='ltr'>rim</span> <span class='ocrx_word' id='word_1_202' title='bbox 185 2069 326 2103; x_wconf 89' lang='lat' dir='ltr'>mendae</span> <span class='ocrx_word' id='word_1_203' title='bbox 357 2068 414 2102; x_wconf 80' lang='lat' dir='ltr'><strong><em>isti</em></strong></span> <span class='ocrx_word' id='word_1_204' title='bbox 446 2068 609 2102; x_wconf 91' lang='lat' dir='ltr'>librorum</span> <span class='ocrx_word' id='word_1_205' title='bbox 633 2067 800 2104; x_wconf 86' lang='grc' dir='ltr'><strong><em>νέονται.·</em></strong></span> <span class='ocrx_word' id='word_1_206' title='bbox 834 2082 910 2104; x_wconf 87' lang='lat' dir='ltr'>nam</span> 
     </span>
     <span class='ocr_line' id='line_1_35' title="bbox 95 2114 911 2160; baseline -0.001 -10"><span class='ocrx_word' id='word_1_207' title='bbox 95 2116 218 2150; x_wconf 87' lang='lat' dir='ltr'>menda.</span> <span class='ocrx_word' id='word_1_208' title='bbox 243 2121 319 2157; x_wconf 83' lang='lat' dir='ltr'>est,</span> <span class='ocrx_word' id='word_1_209' title='bbox 354 2115 419 2148; x_wconf 88' lang='lat' dir='ltr'>nisi</span> <span class='ocrx_word' id='word_1_210' title='bbox 453 2115 530 2159; x_wconf 87' lang='lat' dir='ltr'>quis</span> <span class='ocrx_word' id='word_1_211' title='bbox 564 2114 712 2150; x_wconf 82' lang='grc' dir='ltr'><strong><em>νέονται</em></strong></span> <span class='ocrx_word' id='word_1_212' title='bbox 736 2115 911 2160; x_wconf 81' lang='lat' dir='ltr'>intelligat</span> 
     </span>
     <span class='ocr_line' id='line_1_36' title="bbox 95 2161 911 2207; baseline -0.001 -11"><span class='ocrx_word' id='word_1_213' title='bbox 95 2161 272 2196; x_wconf 74' lang='grc' dir='ltr'><strong><em>νέωνταιε</em></strong></span> <span class='ocrx_word' id='word_1_214' title='bbox 310 2161 371 2195; x_wconf 84' lang='lat' dir='ltr'><strong><em>sed</em></strong></span> <span class='ocrx_word' id='word_1_215' title='bbox 398 2174 417 2196; x_wconf 91' lang='grc' dir='ltr'><strong><em>ο</em></strong></span> <span class='ocrx_word' id='word_1_216' title='bbox 443 2167 480 2195; x_wconf 87' lang='lat' dir='ltr'><strong><em>et</em></strong></span> <span class='ocrx_word' id='word_1_217' title='bbox 505 2173 533 2194; x_wconf 84' lang='grc' dir='ltr'><strong><em>ω</em></strong></span> <span class='ocrx_word' id='word_1_218' title='bbox 558 2162 695 2195; x_wconf 80' lang='lat' dir='ltr'>litteras</span> <span class='ocrx_word' id='word_1_219' title='bbox 720 2161 911 2207; x_wconf 82' lang='lat' dir='ltr'>permutari</span> 
     </span>
     <span class='ocr_line' id='line_1_37' title="bbox 95 2206 911 2252; baseline -0.001 -10"><span class='ocrx_word' id='word_1_220' title='bbox 95 2208 187 2243; x_wconf 87' lang='lat' dir='ltr'>inter</span> <span class='ocrx_word' id='word_1_221' title='bbox 203 2219 260 2249; x_wconf 88' lang='lat' dir='ltr'><strong><em>se,</em></strong></span> <span class='ocrx_word' id='word_1_222' title='bbox 280 2219 376 2242; x_wconf 87' lang='lat' dir='ltr'>nemo</span> <span class='ocrx_word' id='word_1_223' title='bbox 410 2206 529 2241; x_wconf 85' lang='lat' dir='ltr'>nescit.</span> <span class='ocrx_word' id='word_1_224' title='bbox 568 2208 614 2241; x_wconf 84' lang='lat' dir='ltr'><strong><em>cf.</em></strong></span> <span class='ocrx_word' id='word_1_225' title='bbox 632 2210 713 2244; x_wconf 89' lang='lat'><strong>283.</strong></span> <span class='ocrx_word' id='word_1_226' title='bbox 739 2209 810 2252; x_wconf 87' lang='lat' dir='ltr'>jam</span> <span class='ocrx_word' id='word_1_227' title='bbox 830 2219 911 2242; x_wconf 87' lang='lat' dir='ltr'>ver-</span> 
     </span>
     <span class='ocr_line' id='line_1_38' title="bbox 96 2254 910 2299; baseline -0.001 -10"><span class='ocrx_word' id='word_1_228' title='bbox 96 2256 142 2289; x_wconf 88' lang='lat' dir='ltr'><strong><em>ba</em></strong></span> <span class='ocrx_word' id='word_1_229' title='bbox 166 2254 305 2299; x_wconf 80' lang='grc' dir='ltr'><strong><em>τάμητε</em></strong></span> <span class='ocrx_word' id='word_1_230' title='bbox 339 2259 374 2287; x_wconf 87' lang='lat' dir='ltr'><strong><em>et</em></strong></span> <span class='ocrx_word' id='word_1_231' title='bbox 402 2268 438 2289; x_wconf 72' lang='grc' dir='ltr'><strong><em>νε</em></strong></span> <span class='ocrx_word' id='word_1_232' title='bbox 434 2254 556 2288; x_wconf 88' lang='grc' dir='ltr'><strong><em>’ωνται</em></strong></span> <span class='ocrx_word' id='word_1_233' title='bbox 590 2255 776 2288; x_wconf 86' lang='lat' dir='ltr'>observant</span> <span class='ocrx_word' id='word_1_234' title='bbox 809 2266 910 2298; x_wconf 86' lang='lat' dir='ltr'>regu-</span> 
     </span>
     <span class='ocr_line' id='line_1_39' title="bbox 96 2299 911 2345; baseline -0.001 -10"><span class='ocrx_word' id='word_1_235' title='bbox 96 2302 163 2335; x_wconf 97' lang='lat' dir='ltr'>lam</span> <span class='ocrx_word' id='word_1_236' title='bbox 188 2301 222 2334; x_wconf 91' lang='lat' dir='ltr'><strong><em>in</em></strong></span> <span class='ocrx_word' id='word_1_237' title='bbox 247 2312 285 2334; x_wconf 87' lang='lat' dir='ltr'><strong><em>re</em></strong></span> <span class='ocrx_word' id='word_1_238' title='bbox 310 2301 450 2341; x_wconf 82' lang='lat' dir='ltr'><strong><em>futura,</em></strong></span> <span class='ocrx_word' id='word_1_239' title='bbox 486 2299 635 2343; x_wconf 87' lang='lat' dir='ltr'>migrant</span> <span class='ocrx_word' id='word_1_240' title='bbox 670 2306 783 2334; x_wconf 81' lang='lat' dir='ltr'>autem</span> <span class='ocrx_word' id='word_1_241' title='bbox 810 2306 911 2345; x_wconf 83' lang='lat' dir='ltr'><strong>opta-</strong></span> 
     </span>
     <span class='ocr_line' id='line_1_40' title="bbox 97 2346 912 2392; baseline -0.001 -11"><span class='ocrx_word' id='word_1_242' title='bbox 97 2347 165 2382; x_wconf 84' lang='lat' dir='ltr'><strong><em>tivi</em></strong></span> <span class='ocrx_word' id='word_1_243' title='bbox 188 2347 260 2388; x_wconf 89' lang='lat' dir='ltr'>illi,</span> <span class='ocrx_word' id='word_1_244' title='bbox 299 2347 358 2392; x_wconf 88' lang='lat' dir='ltr'><strong><em>qui</em></strong></span> <span class='ocrx_word' id='word_1_245' title='bbox 384 2346 552 2391; x_wconf 89' lang='lat' dir='ltr'>quomodo</span> <span class='ocrx_word' id='word_1_246' title='bbox 578 2351 806 2388; x_wconf 82' lang='lat' dir='ltr'>excusentur,</span> <span class='ocrx_word' id='word_1_247' title='bbox 831 2347 912 2380; x_wconf 89' lang='lat' dir='ltr'>vide</span> 
     </span>
     <span class='ocr_line' id='line_1_41' title="bbox 99 2372 911 2458; baseline 0 -30"><span class='ocrx_word' id='word_1_248' title='bbox 99 2405 156 2449; x_wconf 83' lang='lat' dir='ltr'><strong><em>ap.</em></strong></span> <span class='ocrx_word' id='word_1_249' title='bbox 191 2372 319 2458; x_wconf 52' lang='lat' dir='ltr'><strong>gia&#39;ah.</strong></span> <span class='ocrx_word' id='word_1_250' title='bbox 357 2395 390 2435; x_wconf 68' lang='grc' dir='ltr'><strong><em>ἓ.</em></strong></span> <span class='ocrx_word' id='word_1_251' title='bbox 419 2394 498 2427; x_wconf 93' lang='grc'><strong><em>519.</em></strong></span> <span class='ocrx_word' id='word_1_252' title='bbox 533 2391 576 2425; x_wconf 86' lang='lat' dir='ltr'><strong><em>de</em></strong></span> <span class='ocrx_word' id='word_1_253' title='bbox 609 2406 647 2428; x_wconf 82' lang='grc' dir='ltr'><strong><em>κε</em></strong></span> <span class='ocrx_word' id='word_1_254' title='bbox 679 2393 797 2427; x_wconf 82' lang='lat' dir='ltr'>addito</span> <span class='ocrx_word' id='word_1_255' title='bbox 832 2394 911 2428; x_wconf 89' lang='grc'><strong><em>255.</em></strong></span> 
     </span>
    </p>

    <p class='ocr_par' dir='ltr' id='par_1_6' title="bbox 283 2439 620 2481">
     <span class='ocr_line' id='line_1_42' title="bbox 283 2439 620 2481; baseline 0.003 -8.028"><span class='ocrx_word' id='word_1_256' title='bbox 283 2439 381 2473; x_wconf 90' lang='lat' dir='ltr'>ndus</span> <span class='ocrx_word' id='word_1_257' title='bbox 405 2443 459 2472; x_wconf 83' lang='lat' dir='ltr'><strong><em>est</em></strong></span> <span class='ocrx_word' id='word_1_258' title='bbox 482 2441 516 2481; x_wconf 83' lang='lat'><strong><em>§.</em></strong></span> <span class='ocrx_word' id='word_1_259' title='bbox 539 2439 620 2475; x_wconf 91' lang='grc'><strong><em>520.</em></strong></span> 
     </span>
    </p>
   </div>
   <div class='ocr_carea' id='block_1_6' title="bbox 76 2506 916 2599">
    <p class='ocr_par' dir='ltr' id='par_1_7' title="bbox 76 2506 916 2599">
     <span class='ocr_line' id='line_1_43' title="bbox 76 2506 916 2553; baseline 0 -11"><span class='ocrx_word' id='word_1_260' title='bbox 76 2548 79 2550; x_wconf 45' lang='grc'><strong><em>,</em></strong></span> <span class='ocrx_word' id='word_1_261' title='bbox 112 2510 227 2545; x_wconf 88' lang='grc'><strong><em>259.</em></strong></span> <span class='ocrx_word' id='word_1_262' title='bbox 277 2508 421 2553; x_wconf 81' lang='lat' dir='ltr'>expavit</span> <span class='ocrx_word' id='word_1_263' title='bbox 445 2506 537 2540; x_wconf 87' lang='lat' dir='ltr'>mitis</span> <span class='ocrx_word' id='word_1_264' title='bbox 562 2517 668 2540; x_wconf 83' lang='lat' dir='ltr'>senex</span> <span class='ocrx_word' id='word_1_265' title='bbox 692 2508 737 2541; x_wconf 90' lang='lat' dir='ltr'><strong><em>ad</em></strong></span> <span class='ocrx_word' id='word_1_266' title='bbox 769 2519 916 2543; x_wconf 86' lang='lat' dir='ltr'>comme-</span> 
     </span>
     <span class='ocr_line' id='line_1_44' title="bbox 102 2553 914 2599; baseline 0 -10"><span class='ocrx_word' id='word_1_267' title='bbox 102 2554 324 2589; x_wconf 88' lang='lat' dir='ltr'>morationem</span> <span class='ocrx_word' id='word_1_268' title='bbox 350 2553 438 2588; x_wconf 79' lang='lat' dir='ltr'>tanti</span> <span class='ocrx_word' id='word_1_269' title='bbox 462 2553 677 2594; x_wconf 82' lang='lat' dir='ltr'>certaminis,</span> <span class='ocrx_word' id='word_1_270' title='bbox 701 2553 736 2586; x_wconf 88' lang='lat' dir='ltr'><strong><em>in</em></strong></span> <span class='ocrx_word' id='word_1_271' title='bbox 755 2556 847 2599; x_wconf 90' lang='lat' dir='ltr'>quod</span> <span class='ocrx_word' id='word_1_272' title='bbox 870 2555 914 2588; x_wconf 88' lang='lat' dir='ltr'><strong><em>fi-</em></strong></span> 
     </span>
    </p>
   </div>
   <div class='ocr_carea' id='block_1_7' title="bbox 53 2599 914 2636">
    <p class='ocr_par' dir='ltr' id='par_1_8' title="bbox 53 2599 914 2636">
     <span class='ocr_line' id='line_1_45' title="bbox 53 2599 914 2636; baseline 0.002 -2"><span class='ocrx_word' id='word_1_273' title='bbox 53 2632 55 2634; x_wconf 83' lang='lat'><strong>.</strong></span> <span class='ocrx_word' id='word_1_274' title='bbox 103 2600 150 2635; x_wconf 87' lang='lat' dir='ltr'><strong><em>lio</em></strong></span> <span class='ocrx_word' id='word_1_275' title='bbox 177 2601 449 2634; x_wconf 84' lang='lat' dir='ltr'>descendendum</span> <span class='ocrx_word' id='word_1_276' title='bbox 481 2602 543 2633; x_wconf 78' lang='lat' dir='ltr'>est.</span> <span class='ocrx_word' id='word_1_277' title='bbox 599 2599 644 2633; x_wconf 89' lang='lat' dir='ltr'><strong><em>cf.</em></strong></span> <span class='ocrx_word' id='word_1_278' title='bbox 681 2600 750 2634; x_wconf 87' lang='grc'><strong><em>305</em></strong></span> <span class='ocrx_word' id='word_1_279' title='bbox 774 2619 814 2625; x_wconf 85' lang='grc'>-</span> <span class='ocrx_word' id='word_1_280' title='bbox 834 2602 914 2636; x_wconf 89' lang='grc'><strong><em>307</em></strong></span> 
     </span>
    </p>
   </div>
   <div class='ocr_carea' id='block_1_8' title="bbox 101 2645 917 2967">
    <p class='ocr_par' dir='ltr' id='par_1_9' title="bbox 101 2645 917 2967">
     <span class='ocr_line' id='line_1_46' title="bbox 104 2645 913 2703; baseline 0.002 -24"><span class='ocrx_word' id='word_1_281' title='bbox 104 2647 191 2681; x_wconf 90' lang='lat' dir='ltr'>Ven.</span> <span class='ocrx_word' id='word_1_282' title='bbox 217 2647 334 2681; x_wconf 89' lang='lat' dir='ltr'><strong>Schol.</strong></span> <span class='ocrx_word' id='word_1_283' title='bbox 360 2647 388 2679; x_wconf 92' lang='lat' dir='ltr'>B</span> <span class='ocrx_word' id='word_1_284' title='bbox 415 2652 450 2680; x_wconf 82' lang='lat' dir='ltr'><strong><em>et</em></strong></span> <span class='ocrx_word' id='word_1_285' title='bbox 462 2645 589 2702; x_wconf 75' lang='lat' dir='ltr'><strong>Lips.=</strong></span> <span class='ocrx_word' id='word_1_286' title='bbox 622 2645 760 2703; x_wconf 58' lang='grc' dir='ltr'><strong><em>φυσικὴ</em></strong></span> <span class='ocrx_word' id='word_1_287' title='bbox 796 2646 866 2690; x_wconf 80' lang='grc' dir='ltr'><strong><em>γὰρ</em></strong></span> <span class='ocrx_word' id='word_1_288' title='bbox 884 2645 913 2703; x_wconf 84' lang='grc' dir='ltr'><em>ἡ</em></span> 
     </span>
     <span class='ocr_line' id='line_1_47' title="bbox 106 2688 917 2750; baseline 0 -22"><span class='ocrx_word' id='word_1_289' title='bbox 106 2693 348 2738; x_wconf 86' lang='grc' dir='ltr'><strong><em>φιλοπαιδία·</em></strong></span> <span class='ocrx_word' id='word_1_290' title='bbox 381 2689 401 2727; x_wconf 97' lang='lat'><strong><em>6</em></strong></span> <span class='ocrx_word' id='word_1_291' title='bbox 437 2690 477 2726; x_wconf 82' lang='grc' dir='ltr'><strong><em>δε·</em></strong></span> <span class='ocrx_word' id='word_1_292' title='bbox 493 2688 636 2735; x_wconf 88' lang='grc' dir='ltr'><strong><em>Ἐκτωρ</em></strong></span> <span class='ocrx_word' id='word_1_293' title='bbox 661 2690 813 2750; x_wconf 84' lang='grc' dir='ltr'><strong><em>ἐχάρη</em></strong></span> <span class='ocrx_word' id='word_1_294' title='bbox 837 2692 917 2737; x_wconf 89' lang='grc' dir='ltr'><strong><em>με’-</em></strong></span> 
     </span>
     <span class='ocr_line' id='line_1_48' title="bbox 105 2737 916 2785; baseline 0.001 -11"><span class='ocrx_word' id='word_1_295' title='bbox 105 2753 160 2785; x_wconf 80' lang='grc' dir='ltr'><strong><em>γα</em></strong></span> <span class='ocrx_word' id='word_1_296' title='bbox 182 2740 298 2783; x_wconf 88' lang='lat'><strong>(76.,)</strong></span> <span class='ocrx_word' id='word_1_297' title='bbox 332 2737 434 2778; x_wconf 81' lang='grc' dir='ltr'><strong><em>τέλος</em></strong></span> <span class='ocrx_word' id='word_1_298' title='bbox 467 2737 620 2773; x_wconf 75' lang='grc' dir='ltr'><strong><em>οἱονοῦν</em></strong></span> <span class='ocrx_word' id='word_1_299' title='bbox 653 2737 811 2783; x_wconf 78' lang='grc' dir='ltr'><strong><em>ἐκζητῶν</em></strong></span> <span class='ocrx_word' id='word_1_300' title='bbox 846 2742 916 2775; x_wconf 83' lang='grc' dir='ltr'><strong><em>τοῦ</em></strong></span> 
     </span>
     <span class='ocr_line' id='line_1_49' title="bbox 105 2783 915 2830; baseline -0.003 -9"><span class='ocrx_word' id='word_1_301' title='bbox 105 2784 280 2830; x_wconf 86' lang='grc' dir='ltr'><strong><em>πολέμου</em></strong></span> <span class='ocrx_word' id='word_1_302' title='bbox 325 2803 370 2808; x_wconf 90' lang='grc'>-</span> <span class='ocrx_word' id='word_1_303' title='bbox 422 2783 659 2829; x_wconf 82' lang='grc' dir='ltr'><strong><em>εταίροις,</em></strong></span> <span class='ocrx_word' id='word_1_304' title='bbox 702 2786 915 2830; x_wconf 83' lang='lat' dir='ltr'>pedisequos,</span> 
     </span>
     <span class='ocr_line' id='line_1_50' title="bbox 101 2830 916 2888; baseline 0.002 -23"><span class='ocrx_word' id='word_1_305' title='bbox 101 2833 278 2888; x_wconf 70' lang='lat' dir='ltr'><strong><em>famulos,</em></strong></span> <span class='ocrx_word' id='word_1_306' title='bbox 313 2830 431 2875; x_wconf 88' lang='lat' dir='ltr'>quales</span> <span class='ocrx_word' id='word_1_307' title='bbox 467 2830 541 2863; x_wconf 84' lang='lat' dir='ltr'>fere</span> <span class='ocrx_word' id='word_1_308' title='bbox 573 2830 779 2866; x_wconf 80' lang='lat' dir='ltr'>comitantur</span> <span class='ocrx_word' id='word_1_309' title='bbox 814 2844 916 2878; x_wconf 83' lang='lat' dir='ltr'>reges</span> 
     </span>
     <span class='ocr_line' id='line_1_51' title="bbox 107 2875 916 2933; baseline 0 -20"><span class='ocrx_word' id='word_1_310' title='bbox 107 2875 306 2921; x_wconf 77' lang='grc' dir='ltr'><strong><em>άνέλληνας</em></strong></span> <span class='ocrx_word' id='word_1_311' title='bbox 358 2877 602 2933; x_wconf 88' lang='lat' dir='ltr'>barbarosque.</span> <span class='ocrx_word' id='word_1_312' title='bbox 672 2879 916 2914; x_wconf 82' lang='lat' dir='ltr'>commilitones</span> 
     </span>
     <span class='ocr_line' id='line_1_52' title="bbox 107 2920 880 2967; baseline 0.003 -8"><span class='ocrx_word' id='word_1_313' title='bbox 107 2924 251 2959; x_wconf 83' lang='lat' dir='ltr'>Achillis</span> <span class='ocrx_word' id='word_1_314' title='bbox 275 2926 441 2957; x_wconf 86' lang='lat' dir='ltr'>vocantur</span> <span class='ocrx_word' id='word_1_315' title='bbox 466 2920 590 2967; x_wconf 77' lang='grc' dir='ltr'><strong><em>ἔταροι</em></strong></span> <span class='ocrx_word' id='word_1_316' title='bbox 613 2921 880 2966; x_wconf 73' lang='lat' dir='ltr'><strong>oe&#39;,179,183.</strong></span> 
     </span>
    </p>
   </div>
   <div class='ocr_carea' id='block_1_9' title="bbox 154 2991 916 3039">
    <p class='ocr_par' dir='ltr' id='par_1_10' title="bbox 154 2991 916 3039">
     <span class='ocr_line' id='line_1_53' title="bbox 154 2991 916 3039; baseline 0 -11"><span class='ocrx_word' id='word_1_317' title='bbox 154 2994 236 3029; x_wconf 88' lang='lat'><strong>260.</strong></span> <span class='ocrx_word' id='word_1_318' title='bbox 285 2991 377 3036; x_wconf 86' lang='grc' dir='ltr'><strong><em>ὀτρ.</em></strong></span> <span class='ocrx_word' id='word_1_319' title='bbox 401 2992 637 3034; x_wconf 79' lang='grc' dir='ltr'><strong><em>σπουδαίως,</em></strong></span> <span class='ocrx_word' id='word_1_320' title='bbox 661 2995 808 3039; x_wconf 83' lang='grc' dir='ltr'><strong><em>ταχέως.</em></strong></span> <span class='ocrx_word' id='word_1_321' title='bbox 834 2994 916 3031; x_wconf 88' lang='lat' dir='ltr'><strong>Sch.</strong></span> 
     </span>
    </p>
   </div>
   <div class='ocr_carea' id='block_1_10' title="bbox 949 1232 1772 2950">
    <p class='ocr_par' dir='ltr' id='par_1_11' title="bbox 949 1232 1756 1328">
     <span class='ocr_line' id='line_1_54' title="bbox 949 1232 1756 1279; baseline 0.001 -9"><span class='ocrx_word' id='word_1_322' title='bbox 949 1237 995 1271; x_wconf 82' lang='lat' dir='ltr'><strong><em>cf.</em></strong></span> <span class='ocrx_word' id='word_1_323' title='bbox 1021 1234 1063 1278; x_wconf 89' lang='grc' dir='ltr'><strong><em>τ’,</em></strong></span> <span class='ocrx_word' id='word_1_324' title='bbox 1089 1237 1177 1278; x_wconf 82' lang='grc'><strong><em>317,</em></strong></span> <span class='ocrx_word' id='word_1_325' title='bbox 1203 1236 1332 1279; x_wconf 84' lang='lat' dir='ltr'><strong>Odyss.</strong></span> <span class='ocrx_word' id='word_1_326' title='bbox 1355 1235 1398 1276; x_wconf 87' lang='grc' dir='ltr'><strong><em>τ’,</em></strong></span> <span class='ocrx_word' id='word_1_327' title='bbox 1427 1237 1503 1271; x_wconf 89' lang='grc'><strong><em>100.</em></strong></span> <span class='ocrx_word' id='word_1_328' title='bbox 1528 1232 1574 1276; x_wconf 87' lang='grc' dir='ltr'><strong><em>α’,</em></strong></span> <span class='ocrx_word' id='word_1_329' title='bbox 1596 1235 1677 1270; x_wconf 86' lang='grc'><strong><em>321.</em></strong></span> <span class='ocrx_word' id='word_1_330' title='bbox 1690 1235 1756 1271; x_wconf 80' lang='lat'><strong><em>:6-</em></strong></span> 
     </span>
     <span class='ocr_line' id='line_1_55' title="bbox 950 1280 1574 1337; baseline -0.003 -20"><span class='ocrx_word' id='word_1_331' title='bbox 950 1296 1069 1328; x_wconf 87' lang='grc' dir='ltr'><strong><em>τρηρω</em></strong></span> <span class='ocrx_word' id='word_1_332' title='bbox 1095 1280 1327 1325; x_wconf 80' lang='grc' dir='ltr'><strong><em>θεραποντε,</em></strong></span> <span class='ocrx_word' id='word_1_333' title='bbox 1351 1283 1411 1337; x_wconf 70' lang='lat' dir='ltr'><strong><em>phi</em></strong></span> <span class='ocrx_word' id='word_1_334' title='bbox 1438 1295 1474 1315; x_wconf 88' lang='lat' dir='ltr'><strong><em>v.</em></strong></span> <span class='ocrx_word' id='word_1_335' title='bbox 1498 1293 1574 1315; x_wconf 87' lang='lat' dir='ltr'><strong>ann.</strong></span> 
     </span>
    </p>

    <p class='ocr_par' dir='ltr' id='par_1_12' title="bbox 950 1326 1766 1780">
     <span class='ocr_line' id='line_1_56' title="bbox 996 1326 1762 1369; baseline 0.001 -5"><span class='ocrx_word' id='word_1_336' title='bbox 996 1332 1077 1364; x_wconf 85' lang='lat'><strong>261.</strong></span> <span class='ocrx_word' id='word_1_337' title='bbox 1126 1342 1244 1362; x_wconf 86' lang='grc' dir='ltr'><strong><em>κατα</em></strong></span> <span class='ocrx_word' id='word_1_338' title='bbox 1270 1347 1314 1354; x_wconf 94' lang='grc'>-</span> <span class='ocrx_word' id='word_1_339' title='bbox 1340 1326 1531 1369; x_wconf 83' lang='grc' dir='ltr'><strong><em>ὀπίσσω,</em></strong></span> <span class='ocrx_word' id='word_1_340' title='bbox 1555 1327 1762 1365; x_wconf 79' lang='grc' dir='ltr'><strong><em>κατέτεινεν</em></strong></span> 
     </span>
     <span class='ocr_line' id='line_1_57' title="bbox 951 1372 1760 1419; baseline -0.003 -8"><span class='ocrx_word' id='word_1_341' title='bbox 951 1373 1067 1411; x_wconf 81' lang='grc' dir='ltr'><strong><em>ὀπίσω</em></strong></span> <span class='ocrx_word' id='word_1_342' title='bbox 1093 1375 1139 1410; x_wconf 81' lang='grc' dir='ltr'><strong><em>τοὶ</em></strong></span> <span class='ocrx_word' id='word_1_343' title='bbox 1165 1372 1275 1419; x_wconf 81' lang='grc' dir='ltr'><strong><em>ἡνία,</em></strong></span> <span class='ocrx_word' id='word_1_344' title='bbox 1300 1381 1393 1408; x_wconf 83' lang='lat' dir='ltr'>retro</span> <span class='ocrx_word' id='word_1_345' title='bbox 1414 1376 1561 1408; x_wconf 78' lang='lat' dir='ltr'>tetendit</span> <span class='ocrx_word' id='word_1_346' title='bbox 1572 1379 1701 1417; x_wconf 82' lang='lat' dir='ltr'>frena,</span> <span class='ocrx_word' id='word_1_347' title='bbox 1726 1377 1760 1410; x_wconf 89' lang='lat' dir='ltr'><strong><em>h.</em></strong></span> 
     </span>
     <span class='ocr_line' id='line_1_58' title="bbox 951 1421 1762 1466; baseline -0.004 -9"><span class='ocrx_word' id='word_1_348' title='bbox 951 1435 981 1456; x_wconf 89' lang='lat' dir='ltr'><strong><em>e.</em></strong></span> <span class='ocrx_word' id='word_1_349' title='bbox 1007 1435 1028 1457; x_wconf 90' lang='lat' dir='ltr'>a</span> <span class='ocrx_word' id='word_1_350' title='bbox 1052 1428 1153 1466; x_wconf 82' lang='lat' dir='ltr'>tergo</span> <span class='ocrx_word' id='word_1_351' title='bbox 1180 1433 1361 1466; x_wconf 81' lang='lat' dir='ltr'>equorum3</span> <span class='ocrx_word' id='word_1_352' title='bbox 1391 1421 1482 1466; x_wconf 92' lang='lat' dir='ltr'>quod</span> <span class='ocrx_word' id='word_1_353' title='bbox 1508 1433 1570 1466; x_wconf 88' lang='lat' dir='ltr'><strong><em>per</em></strong></span> <span class='ocrx_word' id='word_1_354' title='bbox 1594 1433 1632 1455; x_wconf 89' lang='lat' dir='ltr'><strong><em>se</em></strong></span> <span class='ocrx_word' id='word_1_355' title='bbox 1655 1421 1762 1455; x_wconf 88' lang='lat' dir='ltr'>intel-</span> 
     </span>
     <span class='ocr_line' id='line_1_59' title="bbox 950 1467 1764 1513; baseline 0 -11"><span class='ocrx_word' id='word_1_356' title='bbox 950 1469 1116 1513; x_wconf 82' lang='lat' dir='ltr'>ligeretur</span> <span class='ocrx_word' id='word_1_357' title='bbox 1141 1479 1196 1513; x_wconf 87' lang='lat' dir='ltr'><strong><em>ap.</em></strong></span> <span class='ocrx_word' id='word_1_358' title='bbox 1225 1471 1358 1511; x_wconf 73' lang='lat' dir='ltr'>poetam</span> <span class='ocrx_word' id='word_1_359' title='bbox 1383 1467 1619 1503; x_wconf 81' lang='lat' dir='ltr'>recentiorem.</span> <span class='ocrx_word' id='word_1_360' title='bbox 1667 1467 1764 1502; x_wconf 86' lang='lat' dir='ltr'>auri-</span> 
     </span>
     <span class='ocr_line' id='line_1_60' title="bbox 953 1514 1764 1559; baseline 0.001 -11"><span class='ocrx_word' id='word_1_361' title='bbox 953 1520 1056 1558; x_wconf 79' lang='lat' dir='ltr'>gatur</span> <span class='ocrx_word' id='word_1_362' title='bbox 1089 1514 1164 1559; x_wconf 90' lang='lat' dir='ltr'>ipse</span> <span class='ocrx_word' id='word_1_363' title='bbox 1197 1515 1372 1555; x_wconf 83' lang='lat' dir='ltr'><strong><em>Priamus,</em></strong></span> <span class='ocrx_word' id='word_1_364' title='bbox 1410 1520 1447 1548; x_wconf 86' lang='lat' dir='ltr'><strong><em>ut</em></strong></span> <span class='ocrx_word' id='word_1_365' title='bbox 1482 1514 1607 1559; x_wconf 87' lang='lat' dir='ltr'>passim</span> <span class='ocrx_word' id='word_1_366' title='bbox 1641 1515 1764 1549; x_wconf 65' lang='lat' dir='ltr'>heroes</span> 
     </span>
     <span class='ocr_line' id='line_1_61' title="bbox 953 1560 1766 1605; baseline 0.002 -11"><span class='ocrx_word' id='word_1_367' title='bbox 953 1560 1140 1595; x_wconf 85' lang='lat' dir='ltr'>Homerici.</span> <span class='ocrx_word' id='word_1_368' title='bbox 1177 1561 1227 1603; x_wconf 87' lang='lat' dir='ltr'><strong><em>(v.</em></strong></span> <span class='ocrx_word' id='word_1_369' title='bbox 1254 1561 1366 1593; x_wconf 82' lang='lat' dir='ltr'>Feith.</span> <span class='ocrx_word' id='word_1_370' title='bbox 1389 1572 1423 1605; x_wconf 92' lang='lat' dir='ltr'><strong><em>p.</em></strong></span> <span class='ocrx_word' id='word_1_371' title='bbox 1449 1561 1548 1604; x_wconf 84' lang='lat'><strong>495.)</strong></span> <span class='ocrx_word' id='word_1_372' title='bbox 1572 1561 1668 1605; x_wconf 89' lang='lat' dir='ltr'>cujus</span> <span class='ocrx_word' id='word_1_373' title='bbox 1692 1573 1766 1596; x_wconf 79' lang='grc' dir='ltr'><strong><em>πα-</em></strong></span> 
     </span>
     <span class='ocr_line' id='line_1_62' title="bbox 953 1604 1764 1662; baseline 0.001 -21"><span class='ocrx_word' id='word_1_374' title='bbox 953 1604 1132 1660; x_wconf 78' lang='grc' dir='ltr'><strong><em>ραιβάτης</em></strong></span> <span class='ocrx_word' id='word_1_375' title='bbox 1149 1612 1203 1640; x_wconf 86' lang='lat' dir='ltr'><strong><em>est</em></strong></span> <span class='ocrx_word' id='word_1_376' title='bbox 1218 1608 1382 1648; x_wconf 84' lang='lat' dir='ltr'>Antenor,</span> <span class='ocrx_word' id='word_1_377' title='bbox 1409 1606 1461 1640; x_wconf 89' lang='lat' dir='ltr'><strong><em>vir</em></strong></span> <span class='ocrx_word' id='word_1_378' title='bbox 1480 1606 1642 1662; x_wconf 80' lang='lat' dir='ltr'>prudens,</span> <span class='ocrx_word' id='word_1_379' title='bbox 1664 1618 1764 1652; x_wconf 85' lang='lat' dir='ltr'>quem</span> 
     </span>
     <span class='ocr_line' id='line_1_63' title="bbox 953 1653 1765 1710; baseline 0.001 -23"><span class='ocrx_word' id='word_1_380' title='bbox 953 1665 991 1687; x_wconf 88' lang='lat' dir='ltr'><strong><em>se</em></strong></span> <span class='ocrx_word' id='word_1_381' title='bbox 1028 1653 1185 1710; x_wconf 43' lang='lat' dir='ltr'>comit&#39;ari</span> <span class='ocrx_word' id='word_1_382' title='bbox 1204 1653 1312 1696; x_wconf 78' lang='lat' dir='ltr'>jussit</span> <span class='ocrx_word' id='word_1_383' title='bbox 1340 1664 1401 1687; x_wconf 84' lang='lat' dir='ltr'><strong><em>rex</em></strong></span> <span class='ocrx_word' id='word_1_384' title='bbox 1428 1653 1463 1686; x_wconf 90' lang='lat' dir='ltr'><strong><em>in</em></strong></span> <span class='ocrx_word' id='word_1_385' title='bbox 1494 1653 1614 1697; x_wconf 74' lang='lat' dir='ltr'>majori</span> <span class='ocrx_word' id='word_1_386' title='bbox 1641 1653 1765 1688; x_wconf 86' lang='lat' dir='ltr'>discri-</span> 
     </span>
     <span class='ocr_line' id='line_1_64' title="bbox 954 1696 1766 1745; baseline 0.001 -11"><span class='ocrx_word' id='word_1_387' title='bbox 954 1700 1053 1734; x_wconf 86' lang='lat' dir='ltr'>mine.</span> <span class='ocrx_word' id='word_1_388' title='bbox 1103 1696 1158 1733; x_wconf 87' lang='grc' dir='ltr'><strong><em>α“ν</em></strong></span> <span class='ocrx_word' id='word_1_389' title='bbox 1181 1717 1228 1722; x_wconf 86' lang='grc'>-</span> <span class='ocrx_word' id='word_1_390' title='bbox 1251 1697 1348 1745; x_wconf 88' lang='grc' dir='ltr'><strong><em>ε’βη.</em></strong></span> <span class='ocrx_word' id='word_1_391' title='bbox 1385 1699 1532 1740; x_wconf 80' lang='grc' dir='ltr'><strong><em>ἵππους.</em></strong></span> <span class='ocrx_word' id='word_1_392' title='bbox 1559 1699 1766 1735; x_wconf 82' lang='lat' dir='ltr'>contrarium</span> 
     </span>
     <span class='ocr_line' id='line_1_65' title="bbox 954 1745 1143 1780; baseline 0.006 -1"><span class='ocrx_word' id='word_1_393' title='bbox 954 1745 1040 1779; x_wconf 84' lang='lat' dir='ltr'>dicit</span> <span class='ocrx_word' id='word_1_394' title='bbox 1063 1746 1143 1780; x_wconf 87' lang='lat'><strong>265.</strong></span> 
     </span>
    </p>

    <p class='ocr_par' dir='ltr' id='par_1_13' title="bbox 957 1789 1769 2296">
     <span class='ocr_line' id='line_1_66' title="bbox 1002 1789 1765 1849; baseline 0.001 -23"><span class='ocrx_word' id='word_1_395' title='bbox 1002 1794 1082 1826; x_wconf 86' lang='lat'><strong>262.</strong></span> <span class='ocrx_word' id='word_1_396' title='bbox 1133 1789 1325 1849; x_wconf 85' lang='grc' dir='ltr'><strong><em>βήσατο.</em></strong></span> <span class='ocrx_word' id='word_1_397' title='bbox 1349 1790 1473 1836; x_wconf 79' lang='grc' dir='ltr'><strong><em>ἐπέβη,</em></strong></span> <span class='ocrx_word' id='word_1_398' title='bbox 1492 1789 1666 1836; x_wconf 74' lang='grc' dir='ltr'><strong><em>ἀνῆλθεν.</em></strong></span> <span class='ocrx_word' id='word_1_399' title='bbox 1681 1792 1765 1828; x_wconf 84' lang='lat' dir='ltr'><strong>Sch.</strong></span> 
     </span>
     <span class='ocr_line' id='line_1_67' title="bbox 957 1836 1766 1884; baseline 0.002 -11"><span class='ocrx_word' id='word_1_400' title='bbox 957 1840 1148 1882; x_wconf 86' lang='grc' dir='ltr'><strong><em>δίφρον.</em></strong></span> <span class='ocrx_word' id='word_1_401' title='bbox 1172 1837 1213 1872; x_wconf 82' lang='grc' dir='ltr'><strong><em>τὸ</em></strong></span> <span class='ocrx_word' id='word_1_402' title='bbox 1236 1836 1346 1881; x_wconf 75' lang='grc' dir='ltr'><strong><em>ἅρμα.</em></strong></span> <span class='ocrx_word' id='word_1_403' title='bbox 1381 1840 1514 1883; x_wconf 81' lang='grc' dir='ltr'><strong><em>δίφρος</em></strong></span> <span class='ocrx_word' id='word_1_404' title='bbox 1544 1839 1585 1875; x_wconf 85' lang='grc' dir='ltr'><strong><em>δε</em></strong></span> <span class='ocrx_word' id='word_1_405' title='bbox 1611 1840 1766 1884; x_wconf 67' lang='grc' dir='ltr'><strong><em>εἴρηται,</em></strong></span> 
     </span>
     <span class='ocr_line' id='line_1_68' title="bbox 959 1883 1767 1930; baseline 0.004 -11"><span class='ocrx_word' id='word_1_406' title='bbox 959 1883 1017 1919; x_wconf 82' lang='grc' dir='ltr'><strong><em>ὅτι</em></strong></span> <span class='ocrx_word' id='word_1_407' title='bbox 1042 1883 1199 1927; x_wconf 87' lang='grc' dir='ltr'><strong><em>δίφορός</em></strong></span> <span class='ocrx_word' id='word_1_408' title='bbox 1224 1884 1318 1919; x_wconf 80' lang='grc' dir='ltr'><strong><em>ἐστι·</em></strong></span> <span class='ocrx_word' id='word_1_409' title='bbox 1349 1885 1418 1920; x_wconf 84' lang='grc' dir='ltr'><strong><em>δυο</em></strong></span> <span class='ocrx_word' id='word_1_410' title='bbox 1447 1885 1516 1930; x_wconf 78' lang='grc' dir='ltr'><strong><em>γὰρ</em></strong></span> <span class='ocrx_word' id='word_1_411' title='bbox 1542 1886 1666 1930; x_wconf 81' lang='grc' dir='ltr'><strong><em>φέρει,</em></strong></span> <span class='ocrx_word' id='word_1_412' title='bbox 1701 1886 1767 1922; x_wconf 83' lang='grc' dir='ltr'><strong><em>τὸν</em></strong></span> 
     </span>
     <span class='ocr_line' id='line_1_69' title="bbox 957 1928 1766 1978; baseline 0.004 -13"><span class='ocrx_word' id='word_1_413' title='bbox 957 1928 1112 1975; x_wconf 82' lang='grc' dir='ltr'><strong><em>ὁπλίτην</em></strong></span> <span class='ocrx_word' id='word_1_414' title='bbox 1142 1932 1192 1974; x_wconf 88' lang='lat' dir='ltr'><strong><em>(in</em></strong></span> <span class='ocrx_word' id='word_1_415' title='bbox 1223 1930 1370 1977; x_wconf 71' lang='lat' dir='ltr'>proelio)</span> <span class='ocrx_word' id='word_1_416' title='bbox 1402 1934 1464 1967; x_wconf 80' lang='grc' dir='ltr'><strong><em>καὶ</em></strong></span> <span class='ocrx_word' id='word_1_417' title='bbox 1500 1931 1565 1968; x_wconf 89' lang='grc' dir='ltr'><strong><em>τόν</em></strong></span> <span class='ocrx_word' id='word_1_418' title='bbox 1601 1931 1766 1978; x_wconf 80' lang='grc' dir='ltr'><strong><em>ἡνίοχον.</em></strong></span> 
     </span>
     <span class='ocr_line' id='line_1_70' title="bbox 957 1978 1769 2025; baseline 0.005 -15"><span class='ocrx_word' id='word_1_419' title='bbox 957 1978 1074 2011; x_wconf 86' lang='lat' dir='ltr'><strong>Schol.</strong></span> <span class='ocrx_word' id='word_1_420' title='bbox 1103 1979 1144 2010; x_wconf 90' lang='lat' dir='ltr'><strong><em>A.</em></strong></span> <span class='ocrx_word' id='word_1_421' title='bbox 1172 1989 1205 2010; x_wconf 90' lang='lat' dir='ltr'><strong><em>v.</em></strong></span> <span class='ocrx_word' id='word_1_422' title='bbox 1235 1978 1370 2022; x_wconf 64' lang='lat' dir='ltr'>Kepkei</span> <span class='ocrx_word' id='word_1_423' title='bbox 1393 1978 1516 2013; x_wconf 87' lang='lat' dir='ltr'>librum</span> <span class='ocrx_word' id='word_1_424' title='bbox 1540 1992 1646 2025; x_wconf 83' lang='lat' dir='ltr'>germ.</span> <span class='ocrx_word' id='word_1_425' title='bbox 1667 1979 1769 2014; x_wconf 81' lang='lat' dir='ltr'>dere</span> 
     </span>
     <span class='ocr_line' id='line_1_71' title="bbox 958 2023 1767 2069; baseline 0.006 -11"><span class='ocrx_word' id='word_1_426' title='bbox 958 2023 1054 2058; x_wconf 82' lang='lat' dir='ltr'><strong>milit.</strong></span> <span class='ocrx_word' id='word_1_427' title='bbox 1077 2024 1143 2058; x_wconf 84' lang='lat' dir='ltr'><strong><em>Gr.</em></strong></span> <span class='ocrx_word' id='word_1_428' title='bbox 1170 2034 1201 2067; x_wconf 90' lang='lat' dir='ltr'><strong><em>p.</em></strong></span> <span class='ocrx_word' id='word_1_429' title='bbox 1230 2025 1304 2058; x_wconf 76' lang='grc'><strong><em>136.</em></strong></span> <span class='ocrx_word' id='word_1_430' title='bbox 1331 2024 1361 2057; x_wconf 82' lang='grc' dir='ltr'><strong>Ε</strong></span> <span class='ocrx_word' id='word_1_431' title='bbox 1394 2036 1427 2069; x_wconf 89' lang='lat' dir='ltr'><strong><em>p.</em></strong></span> <span class='ocrx_word' id='word_1_432' title='bbox 1454 2027 1531 2061; x_wconf 91' lang='lat'><strong>115.</strong></span> <span class='ocrx_word' id='word_1_433' title='bbox 1558 2037 1648 2061; x_wconf 86' lang='lat' dir='ltr'>vers.</span> <span class='ocrx_word' id='word_1_434' title='bbox 1673 2027 1767 2068; x_wconf 68' lang='lat'>547„</span> 
     </span>
     <span class='ocr_line' id='line_1_72' title="bbox 959 2070 1768 2126; baseline 0.007 -24"><span class='ocrx_word' id='word_1_435' title='bbox 959 2075 1146 2103; x_wconf 76' lang='lat' dir='ltr'>annotante</span> <span class='ocrx_word' id='word_1_436' title='bbox 1179 2070 1294 2102; x_wconf 89' lang='lat' dir='ltr'>Tollio</span> <span class='ocrx_word' id='word_1_437' title='bbox 1327 2070 1371 2103; x_wconf 88' lang='lat' dir='ltr'><strong><em>ad</em></strong></span> <span class='ocrx_word' id='word_1_438' title='bbox 1381 2073 1460 2126; x_wconf 88' lang='lat' dir='ltr'><strong><em>Ap.</em></strong></span> <span class='ocrx_word' id='word_1_439' title='bbox 1485 2073 1519 2105; x_wconf 90' lang='lat' dir='ltr'><strong><em>h.</em></strong></span> <span class='ocrx_word' id='word_1_440' title='bbox 1544 2083 1597 2106; x_wconf 87' lang='lat' dir='ltr'><strong><em>v.:</em></strong></span> <span class='ocrx_word' id='word_1_441' title='bbox 1631 2073 1768 2116; x_wconf 78' lang='grc' dir='ltr'><strong><em>δίφρος</em></strong></span> 
     </span>
     <span class='ocr_line' id='line_1_73' title="bbox 959 2113 1768 2160; baseline 0.004 -9"><span class='ocrx_word' id='word_1_442' title='bbox 959 2115 999 2151; x_wconf 76' lang='grc' dir='ltr'><strong><em>δὲ</em></strong></span> <span class='ocrx_word' id='word_1_443' title='bbox 1025 2114 1071 2150; x_wconf 81' lang='grc' dir='ltr'><strong><em>ου’</em></strong></span> <span class='ocrx_word' id='word_1_444' title='bbox 1090 2113 1209 2158; x_wconf 87' lang='grc' dir='ltr'><strong><em>μόνον</em></strong></span> <span class='ocrx_word' id='word_1_445' title='bbox 1230 2113 1249 2149; x_wconf 87' lang='grc' dir='ltr'>ὁ</span> <span class='ocrx_word' id='word_1_446' title='bbox 1272 2118 1342 2149; x_wconf 79' lang='grc' dir='ltr'><strong><em>τοῦ</em></strong></span> <span class='ocrx_word' id='word_1_447' title='bbox 1362 2114 1545 2160; x_wconf 70' lang='grc' dir='ltr'><strong><em>ἅρματος,</em></strong></span> <span class='ocrx_word' id='word_1_448' title='bbox 1573 2117 1657 2153; x_wconf 70' lang='grc' dir='ltr'><strong><em>ἀλλ’</em></strong></span> <span class='ocrx_word' id='word_1_449' title='bbox 1679 2120 1768 2154; x_wconf 74' lang='grc' dir='ltr'><strong><em>ἰδοῦ</em></strong></span> 
     </span>
     <span class='ocr_line' id='line_1_74' title="bbox 957 2159 1769 2207; baseline 0.006 -11"><span class='ocrx_word' id='word_1_450' title='bbox 957 2161 1020 2198; x_wconf 82' lang='grc' dir='ltr'><strong><em>καὶ</em></strong></span> <span class='ocrx_word' id='word_1_451' title='bbox 1051 2161 1194 2205; x_wconf 81' lang='grc' dir='ltr'><strong><em>θρόνου</em></strong></span> <span class='ocrx_word' id='word_1_452' title='bbox 1228 2159 1317 2195; x_wconf 80' lang='grc' dir='ltr'><strong><em>κατ’</em></strong></span> <span class='ocrx_word' id='word_1_453' title='bbox 1356 2167 1460 2198; x_wconf 86' lang='grc' dir='ltr'><strong><em>οἰκον</em></strong></span> <span class='ocrx_word' id='word_1_454' title='bbox 1495 2162 1612 2207; x_wconf 85' lang='grc' dir='ltr'><strong><em>εἶδος,</em></strong></span> <span class='ocrx_word' id='word_1_455' title='bbox 1647 2163 1769 2207; x_wconf 79' lang='grc' dir='ltr'><strong><em>ἐοικὸς</em></strong></span> 
     </span>
     <span class='ocr_line' id='line_1_75' title="bbox 958 2204 1769 2257; baseline 0.004 -14"><span class='ocrx_word' id='word_1_456' title='bbox 958 2209 1046 2248; x_wconf 81' lang='grc' dir='ltr'><strong><em>ἴσως</em></strong></span> <span class='ocrx_word' id='word_1_457' title='bbox 1070 2209 1121 2254; x_wconf 78' lang='grc' dir='ltr'><strong><em>τῷ</em></strong></span> <span class='ocrx_word' id='word_1_458' title='bbox 1144 2221 1210 2242; x_wconf 89' lang='grc' dir='ltr'><strong><em>του</em></strong></span> <span class='ocrx_word' id='word_1_459' title='bbox 1235 2204 1401 2253; x_wconf 75' lang='grc' dir='ltr'><strong><em>ἅρματος</em></strong></span> <span class='ocrx_word' id='word_1_460' title='bbox 1420 2210 1555 2257; x_wconf 80' lang='grc' dir='ltr'><strong><em>δίφρῳ.</em></strong></span> <span class='ocrx_word' id='word_1_461' title='bbox 1575 2230 1621 2235; x_wconf 88' lang='grc'><strong><em>--</em></strong></span> <span class='ocrx_word' id='word_1_462' title='bbox 1639 2212 1684 2246; x_wconf 84' lang='lat' dir='ltr'><strong><em>de</em></strong></span> <span class='ocrx_word' id='word_1_463' title='bbox 1704 2213 1769 2246; x_wconf 79' lang='lat' dir='ltr'><strong><em>hoc</em></strong></span> 
     </span>
     <span class='ocr_line' id='line_1_76' title="bbox 958 2254 1516 2296; baseline 0 -7"><span class='ocrx_word' id='word_1_464' title='bbox 958 2265 1087 2289; x_wconf 82' lang='lat' dir='ltr'>accus,</span> <span class='ocrx_word' id='word_1_465' title='bbox 1085 2265 1132 2288; x_wconf 85' lang='lat' dir='ltr'><strong><em>v.</em></strong></span> <span class='ocrx_word' id='word_1_466' title='bbox 1158 2254 1285 2288; x_wconf 81' lang='lat' dir='ltr'><strong>Matth.</strong></span> <span class='ocrx_word' id='word_1_467' title='bbox 1312 2257 1343 2296; x_wconf 64' lang='grc' dir='ltr'><strong><em>ἓ.</em></strong></span> <span class='ocrx_word' id='word_1_468' title='bbox 1368 2258 1455 2296; x_wconf 84' lang='lat'><strong>418,</strong></span> <span class='ocrx_word' id='word_1_469' title='bbox 1481 2259 1516 2292; x_wconf 92' lang='lat'><strong><em>3.</em></strong></span> 
     </span>
    </p>

    <p class='ocr_par' dir='ltr' id='par_1_14' title="bbox 958 2301 1771 2950">
     <span class='ocr_line' id='line_1_77' title="bbox 1005 2301 1769 2348; baseline 0.003 -13"><span class='ocrx_word' id='word_1_470' title='bbox 1005 2301 1085 2336; x_wconf 88' lang='grc'><strong><em>263.</em></strong></span> <span class='ocrx_word' id='word_1_471' title='bbox 1132 2302 1321 2335; x_wconf 80' lang='grc' dir='ltr'><strong><em>Σκαιῶν</em></strong></span> <span class='ocrx_word' id='word_1_472' title='bbox 1346 2304 1486 2337; x_wconf 77' lang='grc' dir='ltr'><strong><em>πυλῶν.</em></strong></span> <span class='ocrx_word' id='word_1_473' title='bbox 1523 2303 1656 2348; x_wconf 77' lang='lat' dir='ltr'>ellipsis</span> <span class='ocrx_word' id='word_1_474' title='bbox 1682 2303 1769 2338; x_wconf 85' lang='lat' dir='ltr'>alias</span> 
     </span>
     <span class='ocr_line' id='line_1_78' title="bbox 958 2346 1770 2395; baseline 0.005 -15"><span class='ocrx_word' id='word_1_475' title='bbox 958 2346 1122 2381; x_wconf 83' lang='lat' dir='ltr'>inusitata</span> <span class='ocrx_word' id='word_1_476' title='bbox 1147 2358 1202 2391; x_wconf 81' lang='lat' dir='ltr'><strong><em>ap.</em></strong></span> <span class='ocrx_word' id='word_1_477' title='bbox 1229 2348 1317 2381; x_wconf 91' lang='lat' dir='ltr'>hunc</span> <span class='ocrx_word' id='word_1_478' title='bbox 1345 2354 1521 2390; x_wconf 79' lang='lat' dir='ltr'>nostrum3</span> <span class='ocrx_word' id='word_1_479' title='bbox 1553 2349 1643 2395; x_wconf 88' lang='lat' dir='ltr'>quod</span> <span class='ocrx_word' id='word_1_480' title='bbox 1668 2354 1770 2384; x_wconf 83' lang='lat' dir='ltr'>nota-</span> 
     </span>
     <span class='ocr_line' id='line_1_79' title="bbox 959 2392 1770 2438; baseline 0.005 -12"><span class='ocrx_word' id='word_1_481' title='bbox 959 2396 1042 2426; x_wconf 84' lang='lat' dir='ltr'>runt</span> <span class='ocrx_word' id='word_1_482' title='bbox 1066 2392 1289 2436; x_wconf 81' lang='lat' dir='ltr'>grammatici.</span> <span class='ocrx_word' id='word_1_483' title='bbox 1338 2406 1448 2438; x_wconf 87' lang='lat' dir='ltr'>quare</span> <span class='ocrx_word' id='word_1_484' title='bbox 1480 2395 1547 2430; x_wconf 83' lang='lat' dir='ltr'><strong><em>fuit</em></strong></span> <span class='ocrx_word' id='word_1_485' title='bbox 1582 2407 1656 2430; x_wconf 90' lang='lat' dir='ltr'>cum</span> <span class='ocrx_word' id='word_1_486' title='bbox 1682 2395 1770 2430; x_wconf 85' lang='lat' dir='ltr'>scri-</span> 
     </span>
     <span class='ocr_line' id='line_1_80' title="bbox 959 2439 1767 2487; baseline 0.005 -14"><span class='ocrx_word' id='word_1_487' title='bbox 959 2439 1108 2473; x_wconf 88' lang='lat' dir='ltr'>bendum</span> <span class='ocrx_word' id='word_1_488' title='bbox 1150 2439 1378 2474; x_wconf 83' lang='lat' dir='ltr'>existimarem</span> <span class='ocrx_word' id='word_1_489' title='bbox 1420 2441 1486 2476; x_wconf 78' lang='grc' dir='ltr'><strong><em>διοὶ</em></strong></span> <span class='ocrx_word' id='word_1_490' title='bbox 1524 2443 1663 2477; x_wconf 77' lang='grc' dir='ltr'><strong><em>σκαιῶν</em></strong></span> <span class='ocrx_word' id='word_1_491' title='bbox 1703 2454 1767 2487; x_wconf 89' lang='lat' dir='ltr'><strong><em>pro</em></strong></span> 
     </span>
     <span class='ocr_line' id='line_1_81' title="bbox 962 2486 1771 2528; baseline 0.004 -8"><span class='ocrx_word' id='word_1_492' title='bbox 962 2486 1120 2527; x_wconf 74' lang='grc' dir='ltr'><strong><em>σκαιῶς,</em></strong></span> <span class='ocrx_word' id='word_1_493' title='bbox 1144 2486 1191 2518; x_wconf 85' lang='lat' dir='ltr'><strong><em>ad</em></strong></span> <span class='ocrx_word' id='word_1_494' title='bbox 1212 2486 1372 2528; x_wconf 81' lang='lat' dir='ltr'>laevam,</span> <span class='ocrx_word' id='word_1_495' title='bbox 1396 2488 1454 2522; x_wconf 88' lang='lat' dir='ltr'><strong><em>ubi</em></strong></span> <span class='ocrx_word' id='word_1_496' title='bbox 1483 2487 1552 2522; x_wconf 80' lang='lat' dir='ltr'>sita</span> <span class='ocrx_word' id='word_1_497' title='bbox 1578 2492 1677 2523; x_wconf 80' lang='lat' dir='ltr'>erant</span> <span class='ocrx_word' id='word_1_498' title='bbox 1707 2500 1771 2522; x_wconf 87' lang='lat' dir='ltr'><strong><em>ca-</em></strong></span> 
     </span>
     <span class='ocr_line' id='line_1_82' title="bbox 962 2511 1770 2579; baseline 0.004 -14"><span class='ocrx_word' id='word_1_499' title='bbox 962 2536 1034 2566; x_wconf 84' lang='lat' dir='ltr'>stra</span> <span class='ocrx_word' id='word_1_500' title='bbox 1058 2531 1272 2566; x_wconf 84' lang='lat' dir='ltr'>Graecorum</span> <span class='ocrx_word' id='word_1_501' title='bbox 1299 2511 1408 2577; x_wconf 81' lang='lat' dir='ltr'>Tr6ja</span> <span class='ocrx_word' id='word_1_502' title='bbox 1429 2545 1493 2579; x_wconf 89' lang='lat' dir='ltr'><strong><em>per</em></strong></span> <span class='ocrx_word' id='word_1_503' title='bbox 1508 2540 1641 2579; x_wconf 85' lang='lat' dir='ltr'>portam</span> <span class='ocrx_word' id='word_1_504' title='bbox 1660 2534 1770 2568; x_wconf 84' lang='lat' dir='ltr'>Scae-</span> 
     </span>
     <span class='ocr_line' id='line_1_83' title="bbox 963 2577 1768 2637; baseline 0.006 -25"><span class='ocrx_word' id='word_1_505' title='bbox 963 2590 1015 2612; x_wconf 89' lang='lat' dir='ltr'>am</span> <span class='ocrx_word' id='word_1_506' title='bbox 1045 2577 1342 2633; x_wconf 86' lang='lat' dir='ltr'>proficiscentibus</span> <span class='ocrx_word' id='word_1_507' title='bbox 1377 2580 1434 2622; x_wconf 88' lang='lat' dir='ltr'><strong><em>(v.</em></strong></span> <span class='ocrx_word' id='word_1_508' title='bbox 1463 2591 1539 2614; x_wconf 85' lang='lat' dir='ltr'><strong>ann.</strong></span> <span class='ocrx_word' id='word_1_509' title='bbox 1570 2582 1613 2616; x_wconf 85' lang='lat' dir='ltr'><strong><em>ad</em></strong></span> <span class='ocrx_word' id='word_1_510' title='bbox 1648 2580 1725 2637; x_wconf 76' lang='grc'><strong><em>145.</em></strong></span> <span class='ocrx_word' id='word_1_511' title='bbox 1729 2580 1768 2624; x_wconf 82' lang='lat'><strong><em>);</em></strong></span> 
     </span>
     <span class='ocr_line' id='line_1_84' title="bbox 963 2622 1769 2672; baseline 0.004 -15"><span class='ocrx_word' id='word_1_512' title='bbox 963 2624 1241 2668; x_wconf 88' lang='lat' dir='ltr'>quemadmodum</span> <span class='ocrx_word' id='word_1_513' title='bbox 1269 2622 1332 2658; x_wconf 83' lang='grc' dir='ltr'><strong><em>δια</em></strong></span> <span class='ocrx_word' id='word_1_514' title='bbox 1359 2626 1497 2671; x_wconf 81' lang='grc' dir='ltr'><strong><em>ταχέων</em></strong></span> <span class='ocrx_word' id='word_1_515' title='bbox 1532 2638 1594 2671; x_wconf 88' lang='lat' dir='ltr'><strong><em>pro</em></strong></span> <span class='ocrx_word' id='word_1_516' title='bbox 1621 2625 1769 2672; x_wconf 79' lang='grc' dir='ltr'><strong><em>ταχέως,</em></strong></span> 
     </span>
     <span class='ocr_line' id='line_1_85' title="bbox 963 2669 1772 2715; baseline 0.005 -11"><span class='ocrx_word' id='word_1_517' title='bbox 963 2669 1027 2705; x_wconf 69' lang='grc' dir='ltr'><strong><em>διὰ</em></strong></span> <span class='ocrx_word' id='word_1_518' title='bbox 1051 2671 1175 2704; x_wconf 79' lang='grc' dir='ltr'><strong><em>κακῶν</em></strong></span> <span class='ocrx_word' id='word_1_519' title='bbox 1199 2681 1231 2715; x_wconf 89' lang='lat' dir='ltr'><strong><em>p.</em></strong></span> <span class='ocrx_word' id='word_1_520' title='bbox 1258 2684 1400 2713; x_wconf 74' lang='grc' dir='ltr'><strong><em>κακῶς,</em></strong></span> <span class='ocrx_word' id='word_1_521' title='bbox 1434 2672 1498 2708; x_wconf 70' lang='grc' dir='ltr'><strong><em>διὰ</em></strong></span> <span class='ocrx_word' id='word_1_522' title='bbox 1523 2675 1593 2708; x_wconf 76' lang='grc' dir='ltr'><strong><em>τοῦ</em></strong></span> <span class='ocrx_word' id='word_1_523' title='bbox 1617 2675 1772 2710; x_wconf 83' lang='grc' dir='ltr'><strong><em>δικαίου·</em></strong></span> 
     </span>
     <span class='ocr_line' id='line_1_86' title="bbox 963 2717 1772 2762; baseline 0.006 -12"><span class='ocrx_word' id='word_1_524' title='bbox 963 2729 996 2762; x_wconf 93' lang='lat' dir='ltr'><strong><em>p.</em></strong></span> <span class='ocrx_word' id='word_1_525' title='bbox 1018 2718 1190 2757; x_wconf 82' lang='grc' dir='ltr'><strong><em>δικαίως,</em></strong></span> <span class='ocrx_word' id='word_1_526' title='bbox 1215 2721 1251 2750; x_wconf 85' lang='lat' dir='ltr'><strong><em>et</em></strong></span> <span class='ocrx_word' id='word_1_527' title='bbox 1274 2717 1397 2752; x_wconf 85' lang='lat' dir='ltr'>similia</span> <span class='ocrx_word' id='word_1_528' title='bbox 1421 2719 1599 2754; x_wconf 84' lang='lat' dir='ltr'>dicuntur:</span> <span class='ocrx_word' id='word_1_529' title='bbox 1637 2733 1670 2755; x_wconf 81' lang='lat' dir='ltr'><strong><em>v.</em></strong></span> <span class='ocrx_word' id='word_1_530' title='bbox 1696 2721 1772 2755; x_wconf 55' lang='lat' dir='ltr'>Xe&#39;a&#39;</span> 
     </span>
     <span class='ocr_line' id='line_1_87' title="bbox 962 2764 1768 2811; baseline 0.008 -15"><span class='ocrx_word' id='word_1_531' title='bbox 962 2764 1064 2808; x_wconf 85' lang='lat' dir='ltr'><strong>noph.</strong></span> <span class='ocrx_word' id='word_1_532' title='bbox 1083 2764 1192 2797; x_wconf 87' lang='lat' dir='ltr'><strong>Anab.</strong></span> <span class='ocrx_word' id='word_1_533' title='bbox 1215 2765 1254 2804; x_wconf 88' lang='lat'><strong><em>1,</em></strong></span> <span class='ocrx_word' id='word_1_534' title='bbox 1277 2764 1317 2804; x_wconf 83' lang='lat'><strong><em>5,</em></strong></span> <span class='ocrx_word' id='word_1_535' title='bbox 1341 2765 1398 2806; x_wconf 91' lang='lat'><strong><em>9.‚</em></strong></span> <span class='ocrx_word' id='word_1_536' title='bbox 1424 2765 1551 2811; x_wconf 89' lang='lat' dir='ltr'><strong>Cyrop.</strong></span> <span class='ocrx_word' id='word_1_537' title='bbox 1573 2769 1617 2808; x_wconf 82' lang='lat'><strong><em>8,</em></strong></span> <span class='ocrx_word' id='word_1_538' title='bbox 1644 2771 1685 2810; x_wconf 90' lang='lat'><strong><em>1,</em></strong></span> <span class='ocrx_word' id='word_1_539' title='bbox 1709 2768 1768 2808; x_wconf 78' lang='lat'><strong><em>26,</em></strong></span> 
     </span>
     <span class='ocr_line' id='line_1_88' title="bbox 963 2788 1767 2868; baseline 0.004 -26"><span class='ocrx_word' id='word_1_540' title='bbox 963 2810 1071 2868; x_wconf 87' lang='lat' dir='ltr'><strong>Soph.</strong></span> <span class='ocrx_word' id='word_1_541' title='bbox 1095 2809 1225 2843; x_wconf 87' lang='lat' dir='ltr'><strong>Trach.</strong></span> <span class='ocrx_word' id='word_1_542' title='bbox 1243 2788 1361 2851; x_wconf 89' lang='lat'>1066,</span> <span class='ocrx_word' id='word_1_543' title='bbox 1385 2812 1512 2846; x_wconf 82' lang='lat' dir='ltr'><strong>Matth.</strong></span> <span class='ocrx_word' id='word_1_544' title='bbox 1538 2815 1571 2855; x_wconf 69' lang='grc' dir='ltr'><strong><em>ς.</em></strong></span> <span class='ocrx_word' id='word_1_545' title='bbox 1595 2793 1674 2848; x_wconf 85' lang='grc'><strong><em>580.</em></strong></span> <span class='ocrx_word' id='word_1_546' title='bbox 1700 2816 1767 2847; x_wconf 83' lang='lat' dir='ltr'>etc.</span> 
     </span>
     <span class='ocr_line' id='line_1_89' title="bbox 962 2855 1768 2914; baseline 0.004 -24"><span class='ocrx_word' id='word_1_547' title='bbox 962 2874 1009 2880; x_wconf 91' lang='lat'><strong><em>·—</em></strong></span> <span class='ocrx_word' id='word_1_548' title='bbox 1041 2869 1057 2891; x_wconf 85' lang='grc' dir='ltr'><strong><em>ε</em></strong></span> <span class='ocrx_word' id='word_1_549' title='bbox 1068 2868 1175 2902; x_wconf 89' lang='grc' dir='ltr'><strong><em>χον</em></strong></span> <span class='ocrx_word' id='word_1_550' title='bbox 1201 2855 1413 2914; x_wconf 74' lang='lat' dir='ltr'>dirigebant.</span> <span class='ocrx_word' id='word_1_551' title='bbox 1437 2857 1543 2904; x_wconf 88' lang='lat' dir='ltr'><strong>Soph.</strong></span> <span class='ocrx_word' id='word_1_552' title='bbox 1564 2859 1651 2893; x_wconf 88' lang='lat' dir='ltr'><strong>Phil.</strong></span> <span class='ocrx_word' id='word_1_553' title='bbox 1669 2859 1768 2894; x_wconf 87' lang='grc'><strong><em>285.</em></strong></span> 
     </span>
     <span class='ocr_line' id='line_1_90' title="bbox 963 2900 1768 2950; baseline 0.004 -14"><span class='ocrx_word' id='word_1_554' title='bbox 963 2900 1046 2946; x_wconf 75' lang='grc' dir='ltr'><strong><em>τάχ’</em></strong></span> <span class='ocrx_word' id='word_1_555' title='bbox 1075 2915 1142 2937; x_wconf 90' lang='grc' dir='ltr'><strong><em>ουν</em></strong></span> <span class='ocrx_word' id='word_1_556' title='bbox 1171 2915 1225 2942; x_wconf 90' lang='grc' dir='ltr'><strong><em>τις</em></strong></span> <span class='ocrx_word' id='word_1_557' title='bbox 1247 2901 1350 2937; x_wconf 86' lang='grc' dir='ltr'><strong><em>άκων</em></strong></span> <span class='ocrx_word' id='word_1_558' title='bbox 1375 2902 1464 2948; x_wconf 79' lang='grc' dir='ltr'><strong><em>ἔσχε.</em></strong></span> <span class='ocrx_word' id='word_1_559' title='bbox 1490 2905 1666 2950; x_wconf 88' lang='lat' dir='ltr'><strong>Aristoph.</strong></span> <span class='ocrx_word' id='word_1_560' title='bbox 1677 2905 1768 2940; x_wconf 86' lang='lat' dir='ltr'><strong>Rau.</strong></span> 
     </span>
    </p>
   </div>
   <div class='ocr_carea' id='block_1_11' title="bbox 962 2947 1770 3040">
    <p class='ocr_par' dir='ltr' id='par_1_15' title="bbox 962 2947 1770 3040">
     <span class='ocr_line' id='line_1_91' title="bbox 963 2947 1770 2994; baseline 0.001 -10"><span class='ocrx_word' id='word_1_561' title='bbox 963 2950 1054 2984; x_wconf 91' lang='grc'><strong><em>188.</em></strong></span> <span class='ocrx_word' id='word_1_562' title='bbox 1065 2951 1135 2984; x_wconf 80' lang='grc' dir='ltr'><strong><em>ποῖ</em></strong></span> <span class='ocrx_word' id='word_1_563' title='bbox 1144 2947 1287 2994; x_wconf 85' lang='grc' dir='ltr'><strong><em>σχήσειν</em></strong></span> <span class='ocrx_word' id='word_1_564' title='bbox 1299 2951 1431 2992; x_wconf 80' lang='grc' dir='ltr'><strong><em>δοκεῖς.</em></strong></span> <span class='ocrx_word' id='word_1_565' title='bbox 1445 2962 1479 2985; x_wconf 86' lang='lat' dir='ltr'><strong><em>v.</em></strong></span> <span class='ocrx_word' id='word_1_566' title='bbox 1492 2962 1570 2986; x_wconf 85' lang='lat' dir='ltr'><strong>ann.</strong></span> <span class='ocrx_word' id='word_1_567' title='bbox 1582 2952 1626 2987; x_wconf 86' lang='lat' dir='ltr'><strong><em>ad</em></strong></span> <span class='ocrx_word' id='word_1_568' title='bbox 1639 2955 1770 2986; x_wconf 85' lang='lat' dir='ltr'>utrum-</span> 
     </span>
     <span class='ocr_line' id='line_1_92' title="bbox 962 2995 1164 3040; baseline 0.005 -11"><span class='ocrx_word' id='word_1_569' title='bbox 962 3006 1028 3040; x_wconf 86' lang='lat' dir='ltr'><strong><em>que</em></strong></span> <span class='ocrx_word' id='word_1_570' title='bbox 1042 2995 1164 3030; x_wconf 88' lang='lat' dir='ltr'>locum.</span> 
     </span>
    </p>
   </div>
  </div>
 </body>
</html>
