1811 3269
0 2163 1 2178 ι
47 2145 130 2184 οἷντὶ
154 2149 224 2183 τοῦ
250 2147 453 2192 ἔκρινεν.
490 2150 531 2183 Ε.

604 173 1029 214 ΙΛΙΑΔΟΣ
1083 174 1133 214 Ε.

1618 176 1699 216 261

212 286 331 336 υἷέας
361 280 750 349 Εὐρυδάμαντος,
762 278 1067 332 ὀνειροπόλοιο
1097 279 1311 350 γέροντος,

104 348 183 388 150
213 347 303 391 τοῖς
332 339 415 383 οὐκ
445 337 699 407 ἐρχομένοις
727 334 750 379 ὁ
780 336 923 404 γέρων
952 337 1127 388 ἐκρίνατ
1185 334 1400 393 ὀνείρους,

215 396 323 441 άλλά
354 408 490 450 σφεας
518 392 728 462 κρατερὸς
755 390 982 462 Διομήδης
1012 391 1264 447 ἐξενάριξεν.

209 456 266 523 βῆ
295 452 341 496 δὲ
368 451 474 508 μετὰ
507 448 688 499 ,Ξάνθον
716 465 759 492 τε
793 449 950 493 Θόωνά
980 465 1048 500 τε,
1090 451 1315 501 Φαίνοπος
1339 446 1423 502 υἷε,

213 508 345 563 άμφω
376 506 614 578 τηλυγέτω·
647 506 671 550 6
704 505 749 550 δὲ
778 508 939 576 τείρετο
970 505 1104 560 γήραϊ
1130 510 1291 576 λυγρῷ,

213 565 314 608 υἱὸν
346 562 474 608 6²06
506 561 639 606 τέκετ’
674 562 809 606 άλλον
839 562 907 605 ἐπὶ
935 563 1156 605 κτεάτεσσι
1184 563 1402 606 λιπέσθαι.

101 626 181 669 155
211 619 311 665 ἔνθ’
345 620 418 676 ὅγε
447 619 551 671 τοὺς
579 619 767 674 ἐνάριζε,
800 621 934 673 φίλον
965 617 1008 661 δ’
1040 618 1238 669 ἐξαίνυτο
1268 619 1431 675 θυμὸν,

211 677 468 749 άμφοτέρω,
499 677 651 729 πατέρι
681 678 727 719 δὲ
756 675 865 743 γόον
896 674 971 719 καὶ
1003 674 1145 744 κήδεα
1168 676 1310 729 λυγρὰ

211 733 342 785 λεῖπ’,
373 734 462 778 ἐπεὶ
495 733 549 776 06
582 732 738 786 ζώοντε
767 732 915 800 μρὶχης
930 732 982 775 ὲκ
1011 729 1278 787 νοστήσαντε

212 769 381 863 δέξῦατο
400 791 630 862 χηρωσται
660 789 704 833 δὲ
736 789 808 832 διὰ
837 793 1002 858 κτῆσιν
1020 788 1239 832 δατέοντο.

276 846 410 890 Ἔνθ’
442 851 542 898 υῑας
575 846 794 917 Πριάμοιο
827 844 917 889 δύω
947 844 1053 916 λάβε
1084 844 1385 899 Δαρδανίδαο,

101 910 180 950 160
210 906 275 948 εἶν
303 903 368 947 ένὶ
398 905 542 975 δίφρῳ
575 903 748 956 ἐόντας,
775 901 1015 973 Ἐχέμμονά
1041 918 1086 945 τε
1117 902 1317 956 Χρομίον
1346 915 1404 942 τε.

213 959 273 1012 ὥς
306 961 352 1003 δὲ
382 960 494 1004 λέων
523 960 570 1003 ἐν
599 960 728 1030 βουσὶ
758 959 913 1028 θορων
943 959 985 1012 ἐξ
1015 957 1177 1014 αύχένα
1207 957 1287 1027 άξῃ

210 1017 390 1087 πόρτιος
416 1017 466 1086 ἠὲ
496 1015 605 1086 βοὸς
630 1016 815 1072 ξύλοχον
845 1015 953 1058 κάτα
983 1013 1310 1084 βοσκομενάων,

214 1072 273 1124 ὡς
302 1073 408 1124 τούς
438 1072 716 1143 ἀμφοτέρους
746 1073 830 1124 ἐξ
819 1089 963 1115 ιππων
997 1074 1161 1123 Τυδέος
1189 1070 1289 1121 υἱὸς

210 1133 317 1202 βῆσε
345 1134 490 1180 κακῶς
520 1128 752 1180 ἀέκοντας,
783 1129 928 1172 ἔπειτα
960 1129 1005 1172 δὲ
1034 1126 1175 1184 τεύχε’
1207 1126 1359 1171 ἐσύλα·

102 1191 181 1233 165
211 1189 372 1237 ι’ππους
402 1185 445 1229 δ’
485 1189 550 1238 οἱς
580 1185 775 1241 ἑτάροισι
806 1188 933 1230 δίδου
967 1186 1074 1242 μετά
1109 1189 1218 1241 νῆας
1246 1182 1460 1227 ἐλαύνειν

261 1266 472 1308 Pandarum,
511 1271 616 1301 antea
646 1266 821 1313 peditem,
865 1277 954 1300 nunc
987 1276 1030 1299 ex
1062 1265 1200 1299 Aeneae
1234 1274 1338 1298 curru
1383 1267 1612 1308 pugnantem,
1656 1259 1707 1293 in-

179 1313 328 1348 terficit·
317 1337 328 1354 ,

295 1380 385 1423 T6v
419 1379 460 1423 6'
490 1381 584 1424 ἰ’δεν
616 1381 793 1431 Αἰνείας
823 1378 1102 1433 ἀλαπάζοντα
1123 1379 1280 1447 στίχας
1312 1375 1508 1429 ἀνδρῶν·

214 1439 270 1493 βῆ
301 1435 342 1480 δ’
374 1438 472 1492 ’ίμεν
502 1437 559 1480 άν
588 1453 631 1480 τε
663 1436 805 1493 μάχην
834 1437 908 1480 καὶ
939 1435 1024 1479 άνόι
1054 1434 1219 1479 κλόνον
1250 1432 1470 1489 ἐγχειάων,

213 1493 458 1552 Πάνδαρον
489 1493 699 1538 ἀντίθεον
729 1492 975 1548 διζήμενος,
1008 1494 1048 1536 εἴ
1073 1508 1160 1535 που
1190 1490 1386 1562 ἐφεύροι.

214 1552 312 1603 εὑρε
343 1550 577 1601 Λυκάονος
606 1551 708 1594 υἱόν
737 1549 944 1622 ἀμύμονά
972 1566 1016 1592 τε
1048 1550 1259 1603 κρατερόν
1288 1562 1357 1590 τε·

105 1615 184 1654 170
214 1611 292 1664 στῆ
322 1607 368 1651 δὲ
398 1607 566 1662 πρόσθ’
597 1607 781 1659 αὐτοῖο,
813 1607 915 1659 ε’πος
944 1605 988 1649 τέ
1019 1621 1096 1662 μιν
1126 1604 1277 1648 ἀντίον
1306 1601 1447 1660 ηὔδα·

45 1739 81 1768 et
104 1734 148 1768 ad
173 1733 331 1779 Apollod.
358 1744 390 1778 p.
414 1734 513 1776 251.,
541 1735 678 1770 Jacobs,
715 1734 851 1768 Anthol.

43 1780 159 1815 Palat.
182 1781 216 1816 3.
243 1792 276 1825 p.
302 1780 359 1814 30.
395 1786 449 1812 est
473 1787 584 1814 autem
609 1781 664 1814 hic
691 1780 852 1824 Polyidus

47 1826 133 1860 alius
157 1830 237 1860 vate
261 1825 452 1880 cognomini
477 1838 622 1882 graeco,
649 1827 706 1871 qui
727 1838 852 1859 memo-

46 1877 143 1906 ratur
175 1871 221 1913 ν’,
243 1873 345 1915 663.)
398 1869 544 1917 ὄνειρ.
590 1871 854 1916 ὀνειροκρίτου.

47 1915 114 1962 (α’,
124 1919 214 1997 ἐξ»)
243 1920 421 1958 -τοῖς
446 1919 496 1961 (h.
522 1932 552 1952 e.
578 1918 653 1960 οἶς,
667 1919 781 1973 quod
805 1919 855 1952 le·-

47 1964 154 2008 gitE
158 1965 273 2018 .)—-
291 1960 523 2018 ονείρονς.
549 1985 592 1990 ——
629 1962 676 2000 ου’
703 1968 856 2007 προεῖπε

48 2009 111 2045 δια
147 2011 222 2045 τῶν
253 2006 408 2054 ὄνειρων
441 2007 498 2046 ὅτι
532 2008 856 2056 ἀναιρεθήσονται.

47 2054 154 2100 (ἐρχ.
179 2057 501 2100 proficiscentibus*
493 2070 527 2091 ιιι
552 2059 685 2092 bellum.
723 2058 766 2091 cf.
791 2059 855 2091 198

48 2108 115 2138 etc.
150 2102 202 2135 E:
239 2104 458 2158 παθητικῶς
496 2102 594 2139 εἶπεν
630 2102 855 2146 ἐκρίνατο

569 2171 614 2175 -
665 2149 786 2193 ἐξεν.
813 2148 857 2191 δ,

0 2204 1 2250 3
46 2194 147 2239 488.)
173 2195 203 2228 E
222 2194 303 2228 sch

94 2241 172 2277 153.
218 2242 315 2285 τηλ.
355 2239 398 2285 γ’,
433 2241 510 2276 175.
542 2261 589 2266 —
621 2243 722 2276 Sch.:
755 2242 857 2277 τεί-

0 2330 1 2339 ‘
48 2300 68 2331 ρ
79 2299 94 2322 ξ
105 2301 124 2322 τ
134 2299 166 2321 O·
202 2291 450 2322 uatenovelto.

97 2335 173 2369 158.
213 2347 315 2388 χηρ
362 2333 398 2369 οἱ
432 2331 624 2392 μακρόθεν
650 2332 857 2392 προσήκον-

0 2378 1 2384 ’
49 2391 106 2419 τες
129 2378 222 2413 naui
244 2380 284 2414 2²6
292 2379 436 2436 γένος,
461 2381 523 2415 καὶ
547 2381 642 2425 χῆρα
668 2379 758 2415 ὄντα
783 2382 858 2415 τῶν

49 2425 222 2470 σύνεγγυς
256 2440 302 2460 τα
335 2426 503 2471 χρήματα
532 2429 826 2471 κληρονομοῦντε
830 2441 857 2467 ς

50 2475 114 2516 Ap.
164 2470 242 2507 δια
268 2486 328 2507 κτ.
363 2476 466 2509 δατ.
510 2474 759 2518 διεμερίζοντο
791 2473 860 2518 τὴν

50 2517 195 2553 ουσίαν.
219 2520 300 2552 Sch.

52 2612 69 2646 1
97 2565 175 2601 159.
223 2564 349 2611 λάβε.
397 2562 585 2611 κατέλαβε.
637 2578 671 2602 v.
704 2577 782 2600 ann.
815 2565 859 2599 ad

98 2659 176 2692 161.
222 2656 270 2692 ἐν
303 2675 347 2681 -
380 2655 571 2699 θορων,
617 2654 664 2700 ἐξ
696 2654 860 2711 -ἄξῃ,

52 2701 153 2735 Sch.=
177 2700 390 2747 ἐφορμήσας
415 2704 617 2747 (insiliens).
639 2701 859 2745 -κατάξει,

53 2751 254 2791 συντρίψει.
288 2751 370 2793 (ed.
406 2750 514 2794 princ.
552 2755 588 2783 et
620 2749 716 2783 Α1(1.·
751 2748 860 2791 ἐάξει.

53 2793 242 2837 κατεάξει,
260 2798 479 2851 συντρίψει,
514 2796 606 2840 quod
632 2796 738 2829 fuisse
763 2802 861 2840 putes

57 2839 148 2882 εἀξε.
182 2839 352 2884 κατέαξε,
385 2842 590 2885 συνέτριψε.
647 2848 682 2875 et
706 2842 754 2875 ita
780 2853 861 2874 cen-

55 2886 123 2920 suit
147 2887 275 2927 Barn.;
301 2894 336 2922 at
351 2889 518 2929 Barocm,
547 2889 651 2929 Ven.‚
673 2887 798 2921 Scholl
819 2889 859 2920 A.

55 2932 119 2972 B.,
153 2911 311 2973 Toxxn'l„
344 2934 438 2978 Li.ps
471 2945 490 2967 a
520 2934 552 2967 1.
585 2945 626 2968 m.
680 2935 779 2966 V.rat
807 2934 861 2975 A,

55 2979 165 3012 Mosc-
187 2981 218 3013 1.
232 2990 241 3010 t
265 2976 353 3024 ἄξῃ,
376 2986 414 3014 ut
432 2982 477 3014 W
497 2982 668 3035 postrema
685 2979 738 3013 ed.
758 2979 861 3019 etl-13

57 3035 120 3058 nec
145 3024 270 3058 desunt
294 3026 448 3072 exempla
471 3026 540 3061 τοῦ
565 3023 615 3066 ὡς
641 3026 860 3070 conjunctivo

896 1732 1006 1777 juncti
1031 1730 1066 1765 ιιι
1091 1729 1366 1776 comparatione:
1402 1740 1435 1761 V.
1460 1727 1492 1760 H
1518 1725 1560 1760 ad
1585 1724 1630 1770 χ’,
1655 1726 1710 1760 93.

900 1779 1000 1813 codd.
1037 1777 1173 1822 quidem
1208 1777 1341 1821 aliquot
1377 1775 1523 1808 Vind‹b.
1558 1779 1594 1806 et
1626 1778 1709 1805 vett.

901 1821 1375 1867 edd..‹÷2ga‚frm1get‚h.
1401 1833 1429 1855 e.
1455 1822 1630 1863 frangere
1657 1829 1711 1850 so-

902 1874 968 1912 let,
997 1882 1058 1915 per
1086 1882 1123 1904 se
1148 1881 1212 1902 non
1239 1868 1325 1901 male
1349 1867 1402 1909 (v.
1429 1867 1555 1900 Matth.
1580 1867 1613 1906 §.
1631 1865 1712 1903 503,

901 1917 935 1953 4.
938 1919 976 1961 );
1000 1916 1061 1950 sed
1086 1916 1226 1950 videtur
1243 1916 1328 1948 haec
1346 1924 1422 1946 esse
1439 1911 1608 1946 correctio
1626 1911 1712 1954 ejus,

904 1963 964 2007 qui
1009 1963 1052 1995 ad
1095 1960 1349 2004 conjunctivum
1391 1959 1619 1992 adhaesisset.
1678 1968 1713 1990 v.

902 2009 1062 2044 Nitzsch.
1087 2019 1164 2040 ann.
1191 2007 1234 2039 ad
1260 2006 1389 2050 Odyss.
1416 2003 1461 2045 6',
1485 2005 1555 2040 332

952 2056 1029 2090 162.
1077 2052 1294 2109 πόρτιος.
1332 2049 1535 2106 δαμάλεως,
1558 2047 1713 2093 μόσχου.

903 2121 950 2127 -
982 2099 1074 2143 ξύλ.
1102 2098 1233 2134 κάτα.
1267 2096 1362 2132 κατά
1391 2110 1476 2131 τινα
1499 2094 1625 2140 υλώδη
1650 2094 1714 2129 καὶ

905 2145 1134 2190 σύνδενδροι)
1157 2144 1286 2180 τόπον.
1311 2163 1357 2168 --
1382 2144 1464 2177 Sch.
1489 2142 1577 2176 saltu
1602 2142 1714 2176 laten-

904 2198 959 2227 tes
984 2194 1081 2227 ferae
1106 2202 1331 2237 prorumpere
1353 2190 1503 2224 solent
1495 2201 1530 2222 ιιι
1554 2188 1628 2222 loca
1651 2199 1714 2243 pa-

904 2240 1037 2273 tentia:
1072 2250 1105 2272 v.
1137 2238 1181 2279 λ’,
1205 2237 1294 2277 415,
1320 2234 1373 2279 φ,
1398 2237 1486 2276 573,
1515 2234 1643 2279 Odyss.
1668 2232 1714 2275 6¹,

903 2287 993 2325 335,
1018 2284 1172 2330 Apollon.
1200 2287 1237 2325 1,
1265 2282 1375 2324 1144,
1401 2282 1621 2322 T11eocr.25,
1636 2281 1713 2316 135.

905 2333 938 2365 Ε
960 2311 997 2364 Κ
1019 2338 1050 2365 et
1076 2332 1122 2364 H.

953 2377 1167 2413 164—166.
1216 2376 1341 2422 βῆσε.
1385 2373 1638 2432 κατεβίβασεν.
1670 2391 1709 2395 -

906 2421 1040 2459 ἆλαπ.
1064 2424 1256 2463 κενοῦντα,
1280 2422 1516 2464 πορθοῦντα,
1535 2419 1714 2476 φθείρον-

904 2483 961 2505 τοι.
1010 2470 1146 2527 κυρίως
1178 2467 1218 2504 δε
1251 2470 1455 2503 κενοῦντα·
1491 2466 1551 2502 διό
1578 2466 1640 2500 καὶ
1662 2463 1714 2500 'A-

905 2520 960 2562 θη
964 2520 1063 2551 ναῖοι
1093 2516 1139 2550 τοὶ
1170 2528 1366 2558 κενωματα
1399 2512 1555 2549 λάπαθα
1581 2512 1714 2548 καλοῦ-

906 2575 975 2599 σιν.
1011 2564 1075 2608 (ci'.
1100 2561 1146 2608 β’,
1171 2563 1269 2606 367.)
1294 2562 1376 2595 Sch.

953 2611 1030 2644 167.
1081 2610 1138 2655 βῆ
1165 2607 1203 2643 δ’
1231 2609 1348 2652 ἰ’.μεν
1383 2604 1429 2652 β’,
1456 2606 1532 2640 183.

955 2656 1031 2693 168.
1081 2657 1164 2697 διζ.
1203 2653 1249 2696 δ’,
1274 2655 1331 2689 88.
1379 2653 1427 2688 εἰ
1448 2665 1539 2686 που
1566 2649 1653 2694 ἐφ,
1687 2649 1716 2683 si

906 2702 998 2735 forte
1023 2701 1193 2747 reperiret.
1217 2712 1291 2735 eum
1318 2699 1569 2734 adsumendum.

954 2749 1032 2782 169.
1080 2746 1295 2803 asyndeton,
1332 2746 1376 2779 de
1409 2757 1475 2804 ‹Juo
1512 2756 1545 2777 v.
1578 2741 1625 2783 δ’,
1660 2742 1717 2781 89,

906 2794 987 2830 327.
1012 2794 1064 2827 E:
1091 2792 1301 2833 ασυνδέτως
1324 2791 1386 2826 καὶ
1411 2787 1581 2827 ενταῦθά
1604 2798 1717 2842 φησιν

907 2835 1017 2884 εὗρε
1055 2843 1099 2875 Λ.
1132 2838 1274 2880 υἱόν,
1319 2836 1387 2883 τὴν
1432 2837 1502 2871 τοῦ
1545 2831 1718 2878 εὑρόντος

908 2886 1074 2929 σπουδήν
1107 2886 1332 2930 παραδηλῶν
1366 2884 1418 2930 τῷ
1447 2880 1626 2925 ἐπιτρόχῳ
1651 2880 1717 2914 τοῦ

907 2931 1102 2977 σχήματος.

956 2981 1033 3014 170.
1080 2978 1161 3022 μὶν
1185 2975 1311 3021 ἠὔδα
1336 2975 1464 3009 dictum
1490 2976 1543 3005 est
1568 2975 1606 3005 ut
1622 2972 1718 3016 βοᾷν

907 3037 992 3060 τινα
1016 3029 1051 3060 et
1074 3023 1217 3066 similia,
1241 3023 1285 3057 de
1312 3021 1435 3066 quibus
1460 3017 1575 3053 verbis
1594 3018 1717 3053 Mamm.
