1811 3269
74 154 157 193 246
224 170 243 175 v·

704 150 1104 192 ΟΜΗΡΟΥ

246 259 271 315 ἡ
302 259 381 316 μέν
406 257 447 302 τ’
461 258 670 330 ἀζομένη
699 263 838 302 κεῖται
866 265 1079 314 ποταμοῖο
1108 259 1217 312 παρ’
1248 259 1407 315 ὄχθας·

242 321 367 360 τοῖον
398 314 471 371 ἀρ’
497 315 754 371 Ἀνθεμίδην
783 318 1036 370 Σιμοείσιον
1067 315 1305 369 ἐξενάριξεν

243 375 355 424 Αἴας
385 372 594 428 διογενής.

652 376 734 415 τοῦ
764 373 806 416 δ’
827 372 1033 440 Ἀντιφος
1066 373 1342 442 αἰολοθώρηξ

130 432 214 475 490
245 432 492 499 Πριαμίδης
521 425 628 472 καθ’
659 428 816 500 ὅμιλον
846 428 1075 472 ἀκόντισεν
1105 427 1193 480 ὀξέϊ
1226 431 1369 482 δουρί

244 491 325 530 τοῦ
356 486 433 540 μὲν
461 483 650 538 ἅμαρθ’,
680 485 704 530 ὁ
736 486 781 530 δὲ
810 490 1009 537 Λεῦκον,
1039 484 1270 536 Ὀδυσσέος
1298 486 1459 531 ἐσθλόν
1490 487 1675 544 ἑταῖρον,

244 542 444 613 βεβλήκει
472 544 704 613 βουβῶνα,
733 545 866 587 νέκυν
897 539 1077 596 ἓτέρωσ’
1112 542 1324 613 ἐρύοντα·

243 600 372 654 ἤριπε
402 597 444 642 6’

476 596 590 654 ἄμφ’
623 598 766 654 αὐτῷ,
797 599 951 653 νεκρὸς
981 598 1027 642 δέ
1058 600 1102 641 οἱ
1131 599 1279 641 ἔκπεσε
1307 600 1461 654 χειρός.

243 660 322 699 τοῦ
356 653 399 698 δ’
429 655 638 707 Ὀδυσευς
667 633 783 711 μάλα
810 655 961 708 θυμόν
991 653 1312 724 ἀποκταμένοιο
1342 656 1542 714 χολώθη·

131 715 213 758 495
244 715 297 767 βη
330 712 377 755 δὲ
408 711 480 756 διά
511 712 772 785 προμάχων,
805 710 1129 766 κεκορυθμένος
1157 713 1312 754 αἴθοπι
1340 717 1500 769 χαλκῷ

242 772 322 838 στῆ
351 769 397 812 δὲ
427 768 532 824 μάλ’
562 769 691 839 ἐγγὺς
720 768 823 819 ίων,
853 769 929 813 καὶ
959 767 1160 811 ἀκόντισε
1189 768 1320 820 δουρὶ
1351 774 1537 825 φαεινῷ,

244 824 358 881 ἀμφὶ
384 827 406 869 ἓ
434 825 679 894 παπτήνας.

737 826 826 870 υπὸ
858 826 904 869 δὲ
938 829 1085 879 Τρῶες
1116 824 1366 876 κεκάδοντο,

245 881 412 936 ἀνδρὸς
442 882 803 934 ἀκοντίσσαντος·
835 881 858 926 6
889 881 935 925 6’
967 881 1048 951 οὐχ
1083 881 1208 924 ἅλιον
1237 881 1364 948 βέλος
1392 876 1509 938 ἧκεν,

246 938 345 983 ἀλλ’
376 938 477 983 υἱὸν
509 939 730 997 Πριάμοιο
759 939 904 991 νόθον
933 937 1037 1010 βάλε
1067 939 1380 1008 Δημοκόωντα,

130 999 213 1041 500
244 995 292 1046 ὅς
325 998 369 1039 οἱ
395 994 636 1047 Ἀβυδόθεν
664 991 771 1066 ἦλθε
800 993 905 1050 παρ’
941 996 1086 1038 ι’ππων
1116 994 1326 1038 ώκειάων.

243 1054 321 1095 τόν
353 1050 397 1106 ῥ’
426 1050 658 1104 Ὀδυσεύς,
693 1052 868 1106 ἑτάροιο
905 1051 1233 1107 χολωσάμενος,
1265 1051 1370 1108 βάλε
1399 1052 1529 1107 δουρὶ

244 1108 435 1177 κόρσην·
467 1108 494 1165 ἡ
531 1108 576 1153 δ’
609 1109 775 1162 ἑτέροιο
807 1108 879 1153 διά
909 1108 1155 1180 κροτάφοιο
1180 1108 1372 1177 πέρησεν

243 1165 372 1234 αἰχμή
402 1168 596 1223 χαλκείη·
627 1165 705 1209 τὸν
735 1167 781 1211 δὲ
811 1164 968 1217 σκότος
1002 1164 1105 1209 ὄσσε
1134 1164 1351 1216 κάλυψεν·

243 1222 462 1291 δούπησεν
492 1224 538 1266 δὲ
567 1236 735 1276 πεσών,
767 1223 959 1279 ἀράβησε
990 1223 1037 1266 δὲ
1066 1221 1205 1278 τεύχε’
1235 1220 1305 1266 ἐπ’
1339 1218 1473 1278 αὐτῷ.

131 1281 213 1324 505
236 1278 451 1350 χώρησαν
484 1279 522 1322 δ’
556 1280 644 1323 ’ὕπο
672 1296 716 1323 τε
745 1283 962 1345 πρόμαχοι
991 1279 1064 1322 καὶ
1098 1280 1307 1333 φαίδιμος
1324 1266 1518 1332 Ἕκτωρ·

236 1334 425 1390 Ἀργεῖοι
455 1336 501 1379 δὲ
531 1337 641 1392 μέγα
669 1339 817 1392 ἰἀχον,
850 1336 1062 1392 ερύσαντο
1093 1336 1138 1378 δὲ
1167 1335 1374 1407 veuop69·

242 1394 409 1436 ἴθυσαν
439 1393 484 1436 δὲ
515 1393 628 1437 πολὺ
657 1394 869 1463 προτέρω.
898 1418 953 1424 —-
983 1392 1210 1463 Νεμέσησε
1241 1392 1282 1435 δ’
1311 1390 1543 1444 Ἀπόλλων,

247 1449 488 1506 Περγάμου
519 1450 782 1504 ἐκκατιδών,
820 1448 1018 1506 Τρώεσσι
1049 1449 1095 1493 δὲ
1125 1447 1290 1493 κέκλετ’
1323 1447 1490 1501 ἀΰσας·

74 1534 192 1562 catur:
217 1541 251 1563 v.
276 1530 358 1564 Bos.
389 1532 464 1564 Ant.
489 1542 543 1574 gr.
560 1530 670 1565 deser.
688 1532 740 1565 br.

75 1581 228 1609 ceterum
254 1577 298 1609 cs.
324 1578 413 1616 724,
440 1575 492 1619 φ’,
518 1577 595 1620 38.)
620 1577 700 1610 Sch.

119 1622 208 1662 487,
234 1621 266 1656 8.
316 1619 374 1663 ἀζ.
409 1622 665 1668 ξηραινομένη.
691 1643 735 1647 -
772 1621 885 1666 ἕξεν.

74 1666 262 1712 ἐφόνευσε.
300 1669 352 1712 (v.
378 1670 483 1703 Schn.
509 1681 541 1702 v.
567 1669 818 1713 {gwalme
824 1669 886 1710 ‚sic

69 1719 283 1759 prostratum
309 1715 472 1758 spoliavit
497 1716 552 1749 vei
575 1716 716 1750 occidit.
722 1718 745 1735 “
765 1717 816 1748 Ex
824 1695 885 1749 ’W.

121 1759 201 1795 490.
251 1759 365 1796 καθ’
401 1759 492 1806 όμ.,
525 1763 638 1796 simul.
681 1773 711 1795 v.
738 1773 813 1796 anu.
842 1761 886 1795 ad

120 1851 186 1888 491
214 1863 312 1897 seqq.
359 1852 490 1886 turbati
532 1858 610 1886 sunt
651 1852 787 1886 ordines
824 1863 887 1898 pu-

74 1898 272 1944 gnantium,
310 1901 348 1930 ut
381 1898 457 1932 fieri
489 1899 578 1933 solet
613 1898 781 1943 gliscente
805 1910 888 1933 con-

76 1945 239 1979 tentione.
265 1944 309 1979 cf.
327 1945 538 1980 273—329.
558 1965 603 1970 —
629 1945 725 1987 Sch.‚
751 1946 794 1979 ab
815 1944 887 1978 edi-

75 1995 152 2025 tore
178 1991 345 2024 cantabr.
371 1996 567 2024 correctus·
603 1992 790 2026 Λεῦκον
817 1992 887 2026 νῦν

74 2048 359 2081 προπερισπωμε
345 2034 434 2077 ένως
491 2036 744 2082 ἀναγνωστέον
798 2037 887 2080 (nec

74 2084 290 2118 scribendum
314 2083 480 2124 Λευκόν,
505 2089 544 2117 ut
567 2083 808 2138 adjectivum),
834 2082 885 2118 ἕν’

75 2125 98 2176 ᾗ
120 2128 240 2174 ὄνομα
259 2128 400 2173 κύριον.
426 2142 459 2163 v.
486 2141 563 2165 ann.
590 2131 634 2164 ad
658 2128 703 2175 β,
729 2130 818 2171 704,
843 2128 888 2174 γ’,

73 2178 156 2212 445.
189 2197 234 2202 -
268 2178 421 2222 βουβ.,
446 2177 590 2221 inguen.
638 2177 753 2211 Idem.
779 2175 888 2221 ε’ρύ·

76 2236 202 2259 οντα.
241 2221 403 2258 έᾘλκοντα

121 2269 200 2305 495.
247 2281 336 2304 κεκ.
369 2267 685 2312 καθωπλισμένος.
727 2265 804 2304 α’πὸ
825 2267 887 2311 με’·

75 2328 166 2360 ρους
191 2315 233 2350 τὸ
263 2316 349 2351 πᾶν.
398 2315 502 2350 αἴθ’.
544 2316 597 2361 τῷ
618 2317 784 2361 λαμπρῷ.
820 2313 887 2359 (α’,

75 2363 174 2402 462.)
199 2361 282 2395 sch.

120 2408 202 2449 497,
230 2410 261 2443 8.
313 2404 349 2442 α’.
377 2421 392 2443 ε
417 2418 555 2442 παπτ.
589 2407 672 2450 περὶ
690 2405 806 2443 αὑτὸν
824 2416 888 2442 πε-

75 2452 355 2508 ριβλεψάμενος.
380 2454 546 2511 (figurate
555 2454 753 2509 Aeschylus
773 2454 888 2488 Proin.

75 2502 175 2537 332:
201 2500 389 2536 πάπταινε
408 2501 448 2535 δ’
470 2498 596 2540 αὐτὸς,
621 2502 671 2544 μή
688 2513 723 2535 τι.
742 2512 887 2544 πημαν-

76 2549 152 2592 θῇς
171 2544 258 2592 ὀδῷ,
278 2547 336 2581 ubi
354 2547 481 2580 SchoL:
507 2546 710 2591 φυλάττου,
726 2552 762 2580 et
776 2549 888 2581 1008.

77 2593 124 2629 ’σῦ
151 2592 190 2628 δὲ
211 2593 404 2628 Πάπταινε
422 2593 484 2628 καὶ
504 2592 687 2636 φρόντιζε.
723 2593 784 2626 sed
795 2594 887 2649 ‚item

78 2639 218 2696 proprie
237 2641 344 2684 Soph.
367 2641 446 2672 Ant.
467 2642 590 2675 1133:
615 2641 684 2674 τὸν
713 2636 752 2673 6'
782 2637 888 2683 ἀγρί-

79 2700 135 2727 οις
156 2682 298 2720 όσσοισι
318 2685 513 2730 παπτήνας
541 2682 561 2720 6
589 2690 690 2726 παῖς.
727 2697 792 2720 vox
817 2686 890 2719 fre-

78 2731 300 2778 quentissima
335 2743 391 2776 ap.
424 2733 514 2766 hunc
553 2733 736 2776 nostrum)
797 2744 889 2766 κεκ.

77 2781 170 2834 (pro
204 2777 403 2822 ἐχάδοντο.·
438 2788 510 2813 aor.
537 2779 571 2812 2.
606 2790 679 2812 cum
712 2777 844 2835 redupl.
870 2789 890 2811 a

77 2825 186 2870 χάζω,
213 2825 357 2881 ε’χαδον.
376 2825 453 2869 W.)
479 2824 748 2867 ταρασσόμενοι
766 2822 889 2866 ἐσκορ-

77 2873 249 2913 πίζοντο,
282 2870 453 2913 ἕφευγ.ον
510 2870 593 2916 οὐχ
623 2869 690 2906 ἅλ.
739 2868 784 2906 '06
818 2869 890 2915 μά-

79 2931 198 2953 ταιον.
224 2918 342 2962 (158)
367 2917 446 2950 Sch.

125 2963 205 2999 499.
229 2975 324 3008 sequ.
373 2960 540 2997 νόθον.
573 2962 638 2998 τὸν
659 2960 704 2998 ου’
725 2961 889 3019 γνήσιον,

80 3006 160 3045 ἀλλ’
178 3008 217 3046 ἐκ
233 3010 457 3050 παλλακίδος
476 3007 576 3043 ὄντα
608 3029 642 3034 -
672 3007 722 3050 ός
747 3010 788 3045 οἱ
808 3006 885 3055 'Aa

761 1542 794 1576 p.
809 1532 885 1566 170.

934 1526 1033 1569 ὅστις
1049 1526 1153 1575 αὐτῷ
1173 1527 1211 1564 ἐκ
1231 1531 1296 1574 τῆς
1319 1527 1472 1576 Ἀβύδου
1493 1529 1740 1575 παρεγεγόνει,

932 1573 1073 1615 πόλεως
1101 1565 1370 1634 Ελλησπόντου
1401 1577 1475 1631 (in
1494 1576 1624 1610 ditione
1648 1577 1740 1611 Asii.

933 1619 979 1667 β,
1001 1623 1079 1657 836.
1105 1621 1305 1666 Η.)παρ’
1331 1624 1423 1657 ι’ππ.
1446 1619 1513 1657 ω’κ.
1540 1621 1577 1664 ἐξ
1597 1621 1740 1658 ἐκείνου

932 1669 1002 1702 τοῦ
1023 1667 1162 1710 τόπου,
1188 1667 1227 1703 ἐν
1258 1667 1286 1713 ᾧ
1317 1670 1425 1704 ἵπποι
1455 1669 1651 1712 ἐγεννῶντο
1677 1682 1741 1704 τα-

932 1718 1017 1759 χεῖς.
1067 1712 1146 1749 εἷπε
1167 1713 1231 1757 δὲ,
1259 1716 1310 1758 (in
1339 1715 1584 1760 superstitibus
1605 1714 1741 1760 quidem

935 1760 1140 1794 carminibus
1166 1761 1202 1794 id
1240 1763 1340 1796 Hom.
1368 1773 1435 1795 non
1464 1761 1570 1801 dixit3
1604 1762 1665 1794 sed
1691 1762 1743 1796 ita

935 1806 1062 1847 fuisse,
1107 1818 1149 1840 ex
1181 1807 1246 1840 hoc
1282 1809 1357 1853 ipso
1388 1808 1462 1841 loco
1495 1807 1740 1852 intelligitur.)

934 1849 993 1888 ὅτι
1021 1851 1098 1887 ἐκεῖ
1124 1851 1323 1897 ἐτρέφοντο
1363 1867 1423 1888 και
1459 1853 1495 1887 οἱ
1536 1853 1643 1888 ἵπποι
1673 1856 1743 1889 τοῦ

935 1898 1110 1943 Πριάμου
1136 1899 1244 1942 (dass
1270 1901 1432 1934 Priamus
1456 1899 1535 1934 dort
1563 1901 1640 1934 eine
1661 1901 1745 1936 Stu—

934 1945 1020 1980 terei
1040 1945 1169 1987 hatte).

979 1992 1060 2025 502.
1105 1989 1294 2037 κόρσην.
1327 1991 1393 2027 τὸν
1422 1989 1625 2037 κρόταφον.
1659 1993 1741 2028 Sch.

934 2036 1095 2071 similiter
1116 2038 1245 2072 Scholl.
1263 2039 1350 2073 Ven.
1369 2039 1400 2072 Β
1417 2043 1452 2072 et
1469 2038 1584 2084 Lips..
1576 2051 1584 2059 ·
1607 2037 1743 2083 κόρσην

934 2083 1001 2119 τὸν
1007 2082 1212 2140 κρόταφον
1233 2085 1345 2140 λέγει·
1371 2083 1548 2128 ἐπίκορσα
1573 2084 1642 2128 γάρ
1665 2098 1742 2129 φα-

934 2141 993 2165 σιν
1007 2126 1157 2165 Ἀττικοὶ
1174 2129 1219 2164 τά
1232 2128 1405 2175 ὑπεράνω
1420 2132 1494 2165 τῶν
1510 2131 1665 2175 γνάθων
1676 2138 1741 2166 etc.

935 2177 984 2210 cf.
1011 2176 1134 2209 Pollux
1158 2178 1200 2219 2,
1226 2176 1272 2212 40
1291 2183 1356 2212 etc.
1391 2177 1451 2210 sed
1476 2178 1561 2222 Ap..
1586 2177 1743 2222 κόρσην·

936 2221 1121 2266 κεφαλὴντ
1145 2234 1208 2256 nec
1227 2223 1328 2257 aliter
1355 2221 1471 2257 Schol.
1494 2227 1544 2265 A,
1569 2223 1684 2270 Etym.
1709 2235 1742 2259 v.

931 2268 1048 2312 κόρη,
1072 2273 1108 2302 et
1133 2269 1201 2302 alii.
1235 2281 1267 2302 v.
1292 2269 1337 2326 Η.

978 2315 1057 2350 504.
1108 2312 1174 2359 ἀρ.
1208 2314 1268 2350 δέ.
1310 2312 1421 2359 ἤχησε
1453 2313 1506 2350 δέ.
1556 2313 1742 2360 τεύχεα.
1785 2303 1789 2305 λ

933 2359 980 2396 τοὶ
999 2357 1106 2396 ὅπλα.
1155 2372 1225 2395 rem
1249 2361 1406 2406 depingit
1439 2372 1580 2403 versus,
1610 2362 1744 2396 centies

935 2407 1104 2450 repetitus
1128 2418 1222 2442 more
1243 2407 1387 2442 istorum
1410 2410 1592 2453 poetarum
1609 2407 1745 2443 minime

932 2453 1182 2488 affectatorum.

978 2500 1100 2534 505—
1112 2501 1191 2535 507.
1238 2510 1339 2554 χωρ.
1364 2495 1619 2545 ὑπεχώρησαν.
1644 2499 1743 2543 (casu

932 2545 1152 2580 nobilissimi'
1139 2547 1277 2590 juvenis
1287 2546 1530 2590 consternati.)
1543 2565 1587 2571 —
1610 2557 1639 2589 φ
1649 2559 1674 2581 α
1684 2560 1697 2581 ι
1690 2547 1742 2581 ’δ

934 2591 1131 2636 επιφανὴς,
1143 2591 1312 2635 λαμπρὸς
1329 2591 1366 2626 ἐν
1379 2595 1459 2632 τοῖς
1474 2590 1635 2635 πράξεσι.
1647 2592 1744 2637 (epi-

935 2640 1058 2673 theton
1086 2638 1342 2672 usitatissimum
1378 2640 1517 2672 heroum
1566 2636 1641 2673 ἀπὸ
1674 2639 1744 2673 τοῦ

934 2687 1164 2728 φαίνεσθαιτ
1189 2695 1255 2728 quo
1281 2684 1459 2740 pertinent
1483 2684 1585 2718 etiam
1610 2685 1745 2728 φαίδι-

935 2744 988 2775 μα
1010 2735 1121 2776 γυῖα,
1146 2726 1186 2772 ζ,
1207 2732 1278 2770 27„
1299 2729 1350 2772 θ’,
1370 2731 1448 2765 452.
1474 2741 1648 2775 saepeque
1659 2731 1745 2766 alias

937 2778 1029 2811 dicta
1064 2778 1402 2832 περιφραστικῶς.)
1451 2776 1644 2811 ἴθυσαν.
1685 2772 1742 2813 ἐπ’

938 2823 1090 2863 εὐθείας
1110 2820 1294 2868 ὥρμησαν.
1331 2823 1393 2865 (cf.
1420 2821 1461 2865 3',
1481 2823 1515 2862 2,
1532 2821 1574 2864 λ’,
1590 2823 1672 2863 551,
1693 2819 1742 2868 μ’,

935 2872 1026 2912 443,
1051 2869 1096 2911 ο’,
1115 2870 1182 2905 693
1203 2870 1290 2914 etc.)
1334 2881 1429 2914 νεμ.
1453 2867 1687 2914 ἐφθόνησεν,
1708 2867 1742 2904 ἐ-

935 2915 1101 2963 βάσκενε.
1125 2915 1205 2948 8οιι.

984 2964 1064 2998 508.
1100 2964 1242 3018 Περγ
1258 2958 1352 3005 ’.Ομ
1377 2958 1446 3004 μὲν
1460 2958 1579 3007 μόνην
1582 2959 1661 3018 τὴν
1679 2961 1745 3015 τῆς

932 3007 1042 3044 Ἰλίου
1085 3005 1290 3051 ἀκρόπολιν
1332 3007 1530 3052 Πέργαμον
1571 3005 1744 3051 ὀνομάζει
