1811 3269
589 151 1021 192 ΙΛΙΑΔΟΣ
1077 151 1124 191 Β,

1608 149 1692 189 105

198 262 353 309 ἐνθάδ’
383 262 692 332 έπιστείχοντες
723 259 798 304 ἄπ’
819 259 1000 314 ’Ἄργεος
1030 258 1305 316 ἱπποβότοιο,

186 323 324 366 Ἴλιον
353 317 610 373 ἐκπέρσαντ’
642 318 856 374 εὐτείχεον
885 317 1167 360 ἀπονέεσθαι.

164 379 298 423 *ω’στε
327 375 411 431 γάρ
442 375 471 432 ἢ
499 377 651 426 παῖδες
679 375 830 428 νεαροὶ
859 375 997 444 χῆραί
1015 390 1059 417 τε
1089 377 1307 430 γυναῖκες,

86 441 171 482 290
202 433 452 494 αλλήλοισιν
480 431 715 486 ὀδύρονται
747 430 921 475 οἶκόνδε
951 430 1141 474 νέεσθαι

202 494 230 548 ἡ
258 490 358 563 μὴν
377 490 451 533 καὶ
479 487 615 539 πόνος
644 489 760 532 ἐστὶν
791 487 1042 558 ἀνιηθέντα
1059 488 1251 530 νέεσθαι.

199 548 273 592 καὶ
302 545 386 601 γάρ
417 547 480 597 τίς
508 544 558 589 θ’
593 545 670 589 ε’να
698 546 815 601 μῆνα
844 544 989 599 μένων
1018 542 1102 586 ἀπὸ
1133 561 1184 597 ης
1219 541 1395 598 ἀλόχοιο

202 603 397 674 ἀσχαλάᾳ
428 603 508 654 ξυν
537 605 614 658 νηϊ
641 603 892 673 πολυζύγῳ,
925 601 1056 653 ὅνπερ
1089 599 1237 642 ἄελλαι

199 661 411 731 χειμέριαι
441 660 658 728 εἰλέωσιν,
691 657 924 714 ὀρινομένη
953 674 999 700 τε
1028 656 1250 700 θάλασσα·

90 721 172 765 295
201 719 314 786 ἡμῖν
336 717 375 760 δ’
407 716 577 767 εἴνατός
607 718 695 759 ἐστι
724 714 1023 769 περιτροπέων
1058 713 1255 762 ἐνιαυτὸς

204 773 364 819 ἐνθάδε
393 773 556 830 μιμνόν
559 785 686 816 τεσσι.

747 777 809 830 τῷ
843 770 898 815 οὐ
929 768 1176 840 νεμεσίζομ’
1204 766 1405 823 Ἀχαιούς

205 830 430 900 ἀσχαλάαν
459 847 577 882 παρα
607 830 736 885 νηυσὶ
766 818 1018 882 κορωνίσιν.

1078 825 1185 870 ome}
1216 825 1289 868 καὶ
1320 825 1454 880 εμπης

205 887 382 943 αἰσχρόν
412 905 480 930 τοι
510 871 647 943 δηρόν
677 904 720 930 τε
750 887 919 942 μένειν,
949 883 1103 929 κενεόν
1133 900 1176 927 τε
1205 881 1394 926 νέεσθαι.

204 950 351 1013 τλῆτε,
383 946 528 1013 φίλοι
560 945 633 987 καὶ
663 943 830 1013 μείνατ’
861 943 930 987 ἐπὶ
959 940 1146 997 χρόνον,
1180 939 1301 996 ὄφρα
1332 940 1520 993 δαῶμεν,

92 1008 176 1048 300

205 1001 258 1060 ἦ
264 1000 383 1045 έτεόν
410 999 586 1055 Κάλχας
616 1000 893 1055 μαντεύεται,
922 998 971 1054 ἠε
1000 999 1073 1042 καὶ
1106 995 1220 1041 οὐκί

207 1061 256 1102 εὐ
286 1057 371 1114 γὰρ
403 1057 455 1114 δὴ
487 1057 587 1101 τόδε
617 1060 742 1114 ι’δμεν
772 1058 837 1101 ἐνὶ
867 1056 1050 1111 φρεσὶν,
1083 1055 1176 1098 ἐστε
1207 1053 1253 1097 δε
1282 1050 1444 1102 πάντες

208 1132 447 1186 μαρτυροι,
479 1113 558 1165 οὓς
587 1115 645 1170 μὴ
677 1119 821 1187 Κῆρες
852 1114 956 1170 ε’βαν
985 1111 1198 1156 θανάτοιο
1229 1109 1448 1166 φέρουσαι

208 1171 335 1229 χθιζα
365 1188 410 1215 τε
438 1172 513 1216 καὶ
541 1171 697 1227 πρωΐζ’
701 1207 714 1226 ,
746 1171 814 1217 ὅτ’
845 1172 888 1223 ἐς
917 1169 1088 1214 Αὐλίδα
1117 1173 1217 1226 νῆες
1242 1167 1425 1224 Ἀχαιων

86 1299 167 1334 287.
214 1298 363 1335 ἐπιστ.
396 1299 446 1334 ita
470 1299 545 1334 cod.
571 1300 738 1336 Cantabr.
762 1300 851 1334 Dio-

41 1345 133 1391 nysii
156 1345 237 1379 Hal.
263 1347 336 1380 Art.
362 1346 452 1380 rhet.
477 1348 509 1381 8.
536 1359 570 1381 v.
596 1347 654 1387 H„
679 1347 737 1392 qui
762 1347 850 1380 male

41 1392 219 1436 vulgatam
246 1393 450 1438 scripturam
485 1392 537 1427 ἔτι
566 1395 766 1438 στείχοντες
797 1392 848 1425 in—

42 1443 276 1482 terpretatur:
321 1450 458 1482 „quam
492 1439 636 1484 polliciti
676 1444 754 1473 sunt
787 1439 851 1472 ad-

42 1485 113 1518 huc
130 1484 194 1528 (!)
218 1489 303 1525 tum,
327 1496 402 1518 cum
424 1485 492 1519 huc
510 1486 825 1530 proficiscerentur.
829 1487 853 1505 “

44 1530 178 1564 scilicet
208 1531 430 1564 Homericum
467 1543 543 1564 esse
567 1536 673 1575 negat
697 1531 852 1567 ἐπιστεί-

43 1588 132 1621 χειν.
167 1582 202 1610 et
225 1574 455 1620 αποστείχειν
479 1578 577 1612 Ηοιιι.
597 1578 684 1611 dixit
700 1583 736 1612 et
760 1575 854 1612 ἀπο-

45 1624 190 1681 στίχειν,
216 1623 336 1668 Eurip.
362 1628 474 1657 autem
499 1624 620 1669 fragm.
645 1624 768 1659 incert.
793 1626 850 1659 81

45 1668 179 1705 ε’πιστε
177 1671 324 1712 ’χονσαν
348 1668 499 1714 ἡμέραν.
604 1670 716 1711 ἱππ,
753 1681 853 1715 equos

45 1716 183 1756 olentis,
207 1727 352 1759 quorum
377 1728 498 1761 magna
523 1716 589 1750 fuit
614 1717 715 1762 copia
739 1717 773 1750 in
788 1718 854 1751 Ar—

47 1762 172 1807 golide.
213 1762 337 1796 Horat.
365 1762 434 1796 Od.
460 1763 487 1805 I,
514 1764 555 1804 7,
581 1766 634 1799 9..
627 1776 634 1784 ·
660 1769 780 1808 aptum
799 1764 853 1796 ‹li-

48 1814 102 1843 cet
118 1809 212 1852 equis
230 1810 354 1853 Argos.
390 1821 422 1842 v.
448 1809 574 1842 Cellar.
603 1812 632 1844 1.
657 1822 691 1853 p.
720 1811 821 1845 1214.

93 1856 173 1891 288.
222 1853 524 1899 ἕκπερσαντα
549 1853 598 1891 σέ.
633 1857 678 1891 cf.
705 1858 789 1900 113,
815 1853 855 1896 ε’,

47 1902 138 1941 716,
163 1899 200 1943 ι’,
225 1903 282 1936 20,
308 1903 362 1934 Ex
390 1903 445 1935 W.

94 1926 176 1982 289.
223 1948 441 1991 negligenter
465 1948 610 1990 dictum3
635 1960 754 1992 namn
735 1943 856 1993 ''¹-pro

49 1993 128 2039 prie
151 1994 299 2037 requirit
330 1991 353 2037 ἢ
376 1995 488 2052 χῆραι
516 2008 596 2039 γυν.
622 1961 754 2028 Bentl?7
762 2000 798 2028 et
822 1995 857 2028 H

50 2051 128 2073 ann.
185 2040 227 2074 εἰ.
260 2040 371 2074 malim
406 2039 474 2083 ἂν,
509 2053 577 2087 quo
602 2041 752 2076 leniatur
776 2052 857 2074 con-

48 2085 187 2119 vicium.

97 2133 179 2168 290.
228 2130 341 2174 αλλ.,
376 2133 469 2167 inter
497 2145 545 2168 se.
586 2145 621 2170 v.
645 2134 790 2167 Porson.
816 2132 861 2167 ad

50 2177 172 2223 Eurip.
198 2179 330 2213 Phoen.
357 2180 434 2216 199.

0 2264 1 2267 Ἴ
98 2226 178 2262 291.
228 2226 391 2270 conqueri
420 2225 469 2260 ait
501 2226 679 2267 Graecos;
712 2229 748 2259 et
779 2236 861 2259 sane

0 2286 1 2310 1
53 2271 208 2315 quemvis
244 2272 473 2306 calamitosum
507 2273 688 2313 laborare,
725 2275 764 2305 ut
798 2272 861 2306 do-

0 2324 1 2332 *
54 2328 141 2351 mum
165 2317 309 2358 redeat3
345 2330 408 2352 nec
439 2319 542 2352 dubie
567 2319 780 2352 calamitosos
806 2329 862 2352 es-

55 2374 94 2397 se
116 2363 204 2397 illos.
240 2365 343 2399 Sch.·
370 2364 445 2400 ἐστι
460 2363 531 2400 δὲ’
520 2363 635 2405 όντως
655 2365 717 2399 καὶ
729 2364 861 2406 πόνος.

55 2409 125 2490 Κθη
149 2405 172 2455 ἦ
197 2407 274 2455 μὴν
297 2411 358 2446 και
381 2415 491 2447 πονεῖ
513 2425 568 2454 τις
592 2409 763 2456 ανιηθεις
787 2411 862 2447 νέε-

56 2466 78 2490 σ
110 2469 159 2491 αι.

105 2504 185 2538 292.
232 2499 279 2538 θ’
315 2517 407 2539 ενα.
450 2503 512 2540 και
544 2503 628 2546 ε’να,
662 2505 720 2538 vel
757 2516 863 2538 mrum

58 2560 218 2583 mensem.
265 2550 322 2584 Η·
355 2564 411 2591 τις
433 2549 499 2586 ἕνα
531 2552 654 2593 codd„
689 2555 728 2584 ut
761 2551 865 2585 Vind.

60 2596 125 2630 sed
148 2598 203 2637 τίς
225 2609 263 2631 τε
287 2608 351 2641 pro
376 2610 431 2638 τις
455 2598 590 2632 obvium
618 2602 683 2631 est.
709 2598 800 2640 (22)“
821 2617 864 2623 —

62 2642 182 2685 μένων
213 2642 281 2686 ξυν
313 2644 388 2688 νηΐ.
436 2644 527 2688 quod
561 2644 639 2678 olim
675 2644 868 2688 legebatur,

62 2687 163 2731 παρὰ
185 2689 264 2744 νηῒ,
298 2690 559 2735 explicationem
587 2702 665 2724 esse
689 2689 869 2724 intellexe-

63 2739 145 2768 runt
166 2735 231 2770 viri
254 2736 370 2779 docti,
396 2737 537 2781 petitam
563 2749 604 2770 ex
628 2736 708 2771 297.

113 2781 193 2816 293.
226 2781 321 2827 αἰσχ.
345 2786 525 2823 λυπεῖται,
545 2781 724 2828 ασχάλλει.
743 2782 871 2826 (aegre

60 2826 190 2882 fert)
200 2831 296 2864 πολ.
319 2828 604 2875 πολυκαθέδρω.
638 2828 729 2873 ζυγά
747 2827 818 2873 γάρ
832 2827 872 2862 αἱ

67 2872 142 2907 τῶν
173 2870 391 2933 ἐρεσσὸντων
421 2876 618 2921 καθέδραι.
670 2876 784 2920 (idem
821 2878 874 2908 est

68 2921 206 2955 πολνκλ
208 2920 265 2965 ηἰς
287 2922 458 2965 74,175
485 2927 520 2957 et
544 2922 662 2966 alias.)
689 2923 769 2955 Sch.

69 3011 94 3045 S
112 2964 193 3046 21914.
242 2967 320 3003 εἰλ.
373 2971 587 3011 συνειλαῖσι,
629 2969 873 3014 συγκλείωσιν.

97 3024 115 3045 c
140 3024 159 3046 ο

942 1298 1023 1333 295.
1072 1308 1169 1340 περ.
1210 1291 1536 1352 περιτρεπόμενος,
1572 1289 1594 1327 ὅ
1629 1289 1706 1326 ε’στι

895 1343 1197 1389 περιερχόμενος,
1240 1340 1352 1376 πάλιν
1384 1339 1445 1376 ἐπὶ
1487 1336 1555 1384 τὴν
1589 1336 1706 1395 ἀρχὴν

896 1391 1035 1436 μέλλων
1060 1390 1307 1425 τελειοιᾘσθαι
1332 1383 1707 1430 8ο1ι.περιτελλομέ-

897 1451 988 1479 νους
1019 1435 1214 1476 ἐνιαυτους
1238 1436 1317 1470 551.
1352 1440 1388 1469 et
1412 1433 1496 1467 alias
1521 1433 1618 1466 dixit.
1651 1432 1707 1465 Es:

944 1511 1035 1572 296,
1060 1531 1095 1564 7.
1144 1539 1274 1582 μιμν,
1313 1525 1478 1570 μένουσι.
1535 1525 1610 1570 τιὸ.
1646 1522 1706 1559 616

899 1572 1063 1621 δή.οὗ
1088 1587 1184 1619 νεμ.
1227 1571 1274 1609 ου’
1305 1573 1519 1628 μέμφομαι,
1551 1573 1586 1607 εἰ
1609 1567 1708 1606 ου’τω

899 1623 1151 1668 ῥαθυμοῦσιν.
1201 1619 1363 1665 εμπης.
1378 1617 1511 1675 ὅμως.
1536 1619 1618 1652 Sch.

946 1670 1025 1705 298.
1073 1681 1165 1703 κεν.
1203 1666 1332 1707 κενὸν,
1361 1663 1564 1710 ἄπρακτον.
1590 1663 1708 1698 Schol.

901 1715 969 1760 ξύν
993 1716 1156 1760 κεινῇσιν
1181 1715 1290 1760 νηυσὶ
1309 1713 1397 1747 dixit
1416 1713 1460 1755 δ’,
1481 1714 1559 1756 181,
1583 1709 1712 1752 κενεὰς

900 1767 1024 1808 χεῖρας
1057 1761 1200 1805 ἔχοντες
1230 1761 1357 1805 Odyss.
1383 1758 1427 1801 κ’,
1450 1739 1530 1800 ⁹42,
1557 1759 1711 1802 Aeschy-

901 1811 952 1844 lus
978 1814 1090 1843 autem
1116 1809 1213 1852 Sept.
1240 1820 1269 1841 c.
1295 1807 1364 1841 Th.
1389 1786 1494 1842 322.
1527 1803 1634 1846 κενὸς
1653 1817 1710 1840 κε-

900 1858 968 1892 νόν
988 1858 1101 1890 καλεῖ.
1127 1855 1158 1887 Ε
1176 1854 1220 1888 Κ.

948 1904 1028 1938 299.
1077 1899 1154 1936 ἐπι
1179 1899 1394 1954 χρόνον,
1391 1899 1429 1932 ίη
1446 1904 1591 1943 tempus,
1596 1909 1710 1955 germ.

903 1950 980 1984 eine
998 1949 1077 1982 Zezt
1092 1950 1190 1992 lang
1215 1947 1343 2000 Odyss.
1363 1943 1406 1986 o',
1431 1944 1533 1980 494.:
1558 1959 1604 1981 ου
1625 1947 1712 1980 πολ-

904 1995 969 2031 λὸν
992 1994 1053 2030 ἐπι
1077 1994 1220 2038 χρόνον.
1250 1994 1290 2026 Il.
1311 2006 1348 2035 ι,
1373 1991 1470 2027 415..
1506 1991 1563 2028 ἐπὶ
1595 1989 1714 2035 δηρόν

907 2041 948 2077 δέ
971 2054 1036 2084 μοι
1061 2039 1156 2075 αἰών
1171 2039 1353 2075 ”Εσσεται.
1378 2058 1422 2063 -
1455 2039 1565 2072 vertit
1588 2041 1714 2076 299-

906 2090 986 2125 330.
1013 2087 1086 2121 Cic.
1113 2086 1156 2120 de
1179 2087 1257 2120 Div.
1284 2088 1326 2127 2,
1351 2087 1409 2121 30.
1434 2085 1478 2119 K.

953 2136 1034 2170 300.
1082 2146 1217 2179 μαντ.
1241 2144 1406 2179 praesens
1422 2132 1498 2166 loco
1518 2131 1713 2178 praeteriti.

907 2183 952 2216 cs.
977 2182 1057 2215 238.

952 2228 1034 2263 301.
1082 2225 1236 2260 narratio
1255 2225 1416 2266 celebris,
1440 2235 1541 2269 quam
1562 2223 1715 2258 imitatus

908 2278 961 2308 est
985 2272 1088 2307 Ovid.
1115 2273 1197 2306 Met.
1214 2273 1282 2313 12.,
1309 2250 1500 2305 aemulatus
1518 2270 1617 2304 Maro
1631 2273 1715 2304 Aen.

906 2323 950 2363 2,
977 2321 1058 2355 201.
1084 2324 1120 2352 et
1142 2320 1187 2360 5,
1213 2316 1269 2353 84
1304 2320 1349 2353 cf.
1374 2318 1477 2351 etiam
1504 2317 1608 2350 Ovid.
1630 2317 1718 2350 Met.

908 2367 1045 2408 3,28,
1074 2366 1135 2407 15,
1161 2343 1229 2400 6’69
1259 2375 1356 2409 seqq.
1370 2389 1380 2406 ,
1399 2370 1449 2420 'et
1480 2362 1659 2397 Eichhoff.
1683 2364 1717 2397 2.

910 2425 946 2471 p.
968 2413 1048 2448 307.
1083 2431 1129 2438 —
1174 2411 1258 2454 ἴδμ
1271 2409 1489 2446 εν-ὅτε.
1521 2408 1719 2456 expectaris

910 2458 988 2495 ὅτις
1012 2458 1074 2492 sed
1098 2471 1132 2493 v
1158 2469 1234 2492 ann.
1232 2423 1303 2490 aad
1329 2455 1376 2498 α’,
1398 2456 1480 2492 244.

957 2506 1037 2541 302.
1087 2506 1374 2550 Κῆρεςθαν.
1407 2504 1453 2537 cf.
1478 2500 1558 2538 834.
1582 2506 1619 2536 et
1642 2513 1719 2536 sae-

912 2564 958 2597 pe
980 2552 1078 2596 κῆρα
1111 2556 1146 2585 et
1179 2552 1307 2595 Κῆρας
1340 2549 1426 2583 dicit
1457 2553 1572 2594 po'eta.
1614 2560 1647 2582 v.
1673 2545 1720 2589 α’,

912 2599 1003 2641 228,
1024 2597 1169 2631 Hesiod.
1189 2599 1286 2631 Scut.
1309 2596 1354 2630 H.
1373 2597 1453 2632 249.
1465 2607 1563 2640 seqq.
1585 2598 1620 2628 et
1642 2606 1719 2628 ann.

915 2644 961 2678 ad
979 2623 1099 2689 E’lurip.
1116 2645 1218 2678 Herc.
1231 2644 1298 2677 fur.
1311 2643 1393 2678 445
1406 2662 1452 2666 —
1477 2641 1587 2687 ἔβαν
1612 2641 1720 2685 φέρ.,

916 2691 1144 2724 abstulerunt.
1177 2691 1261 2724 mire
1292 2690 1413 2723 harum
1441 2688 1579 2722 dearum
1608 2700 1723 2727 κννας

915 2734 1256 2782 κηρεσσιφορήτους
1279 2734 1367 2769 dixit
1389 2732 1442 2776 θ,
1467 2737 1546 2770 527

962 2785 1043 2819 303.
1092 2786 1162 2828 χ.θ·
1186 2796 1232 2818 τε
1257 2782 1333 2817 καὶ
1358 2795 1426 2826 πρ.
1451 2782 1526 2814 heri
1546 2785 1580 2814 et
1597 2780 1722 2813 nudius

917 2831 1062 2872 tertius,
1088 2831 1121 2865 h.
1145 2843 1175 2864 e.
1201 2831 1324 2870 adhuc,
1350 2828 1428 2862 dum
1452 2827 1508 2861 hic
1529 2837 1722 2860 versamur.

918 2888 1031 2921 neque
1056 2876 1144 2910 enim
1171 2881 1268 2921 peste
1293 2879 1424 2909 tantum
1448 2872 1571 2907 mortui
1595 2871 1721 2905 intelli-

919 2927 1067 2966 guntur,
1091 2934 1154 2956 nec
1179 2924 1302 2956 desunt
1324 2922 1413 2961 loca,
1438 2920 1472 2953 in
1492 2918 1616 2963 quibus
1635 2916 1704 2962 χθὲ
1708 2931 1725 2958 ς

919 2968 982 3004 και
1010 2967 1159 3014 πρώην,
1198 2968 1288 3013 quod
1322 2968 1411 3001 idem
1446 2966 1497 3010 τῷ
1519 2963 1631 3008 χθιζα
1662 2965 1724 2999 καὶ

920 3013 1085 3060 πρώϊζα,
1119 3015 1253 3060 longius
1284 3014 1433 3059 elapsum
1458 3016 1592 3057 tempus
1617 3011 1727 3056 signi-
