1811 3269
613 142 1043 182 ΙΛΙΑΔΟΣ
1100 143 1146 182 Ζ.

1626 143 1710 184 311

221 253 377 322 φύλλα
397 251 450 294 τοὶ
479 251 568 318 μέν
592 247 632 291 τ’
664 249 826 304 ἄνεμος
855 249 1041 304 χαμάδις
1068 250 1174 306 χέει,
1207 248 1315 292 ἄλλα
1346 249 1392 293 δέ
1421 250 1470 293 θ’
1500 251 1584 308 ὕλη

219 308 472 379 τηλεθόωσα
502 303 628 361 φύει,
659 306 791 361 έάρος
823 305 864 349 6²

898 305 1163 376 ἐπιγίγνεται
1193 305 1304 361 ὤρη·

220 366 279 417 ὡς
307 364 486 417 ἀνδρῶν
515 363 641 418 γενεὴ
671 362 780 418 ἠμὲν
810 363 939 417 φυέι,
972 361 1048 418 ἠδ’
1081 362 1299 420 ἀπολήγει.

108 428 188 471 150
219 424 256 466 εἰ
286 419 331 465 6'
361 420 525 469 ἐθέλεις
554 421 628 462 καὶ
658 425 794 462 ταῦτα
822 419 1054 474 δαήμεναι,
1086 419 1196 474 ὄφρ’
1227 421 1276 462 εὐ
1306 420 1422 476 εἰδῇς

217 477 429 551 ἡμετέρην
457 476 633 545 γενεήν,
663 477 822 520 πολλοὶ
856 477 902 519 δέ
932 492 1009 530 μιν
1040 475 1199 530 ἄνδρες
1228 477 1389 520 ἴσασιν.

215 535 304 578 ἔστι
332 532 457 584 πόλις
490 531 657 589 Ἐφύρη
683 538 809 606 μυχῷ
828 531 1008 587 ’Ἄργεος
1037 532 1315 603 ἱπποβότοιο,

216 591 329 634 ε’νθα
364 591 410 633 δὲ
439 592 644 644 Σίσυφος
679 591 823 639 ἔσκεν,
858 589 880 631 ὁ
912 588 1138 640 κέρδιστος
1166 589 1304 643 γένετ’
1334 588 1524 641 ἀνδρων,

214 650 419 717 Σίσυφος
448 649 679 703 Αἰολίδης·
713 646 737 690 ὁ
770 646 812 690 δ’
848 645 934 700 α’ρα
965 649 1172 689 Γλαῦκον
1200 645 1345 688 τέκεθ’
1381 644 1512 689 υἱόν·

107 708 187 752 155
221 702 359 757 αὐτὰρ
391 708 592 754 Γλαῦκος
623 705 786 747 ἔτικτεν
816 702 1026 758 ἀμύμονα
1055 702 1430 774 Βελλεροφόντην.

216 765 277 817 τῷ
309 761 354 804 δὲ
384 761 484 803 θεοὶ
514 760 675 811 κάλλος
705 777 748 803 τε
778 761 850 803 καὶ
881 759 1071 830 ἠνορέην
1101 759 1325 814 ἐρατεινήν

221 818 428 861 ὤπασαν·
461 817 599 871 αὐτάρ
631 819 675 860 οἰ
703 821 895 872 Προῖτος
925 818 1040 860 κακὰ
1067 815 1231 872 μήσατο
1262 819 1408 874 θυμῷ,

217 874 266 925 ὅς
298 873 340 927 ῥ’
377 874 424 916 ἐκ
455 875 601 929 δήμου
631 874 832 924 ἔλασσεν,
862 875 953 917 ἐπεὶ
982 873 1096 916 πολύ
1127 862 1446 927 φέρτεροςθήεν

214 929 441 999 Ἀργείων·
472 930 585 981 Ζεύς
613 931 697 986 γάρ
729 934 773 975 οἱ
800 930 889 975 ὑπὸ
921 930 1127 1001 σκήπτρῳ
1142 929 1414 1001 ἐδάμασσεν.

107 993 187 1032 160
217 992 277 1045 τῷ
309 988 355 1030 δὲ
385 987 496 1043 γυνὴ
529 990 730 1041 Προίτου
760 987 1026 1058 ἐπεμήνατο,
1060 986 1122 1030 δῖ’
1142 984 1330 1035 ”Amatam

217 1046 465 1113 κρυπταδίῃ
496 1044 698 1115 φιλότητι
727 1044 984 1102 μιγήμεναι·
1017 1041 1126 1087 ἄλλα
1157 1043 1237 1086 τόν
1265 1041 1364 1086 οὔτι

218 1099 341 1144 πεῖθ’
374 1098 524 1154 αγαθὰ
558 1102 831 1156 φρονέοντα,
863 1104 1088 1156 δαΐφρονα
1117 1098 1494 1155 Βελλεροφόντην.

215 1157 243 1214 ἡ
275 1157 321 1202 δὲ
350 1157 602 1215 ψευσαμένη
635 1162 830 1214 Προῖτον
859 1161 1050 1214 βασιλῆα
1080 1156 1336 1214 προσηύδα·

96 1281 306 1319 147-149,
353 1285 462 1318 verba
492 1284 674 1329 praeclara
706 1283 749 1317 de
781 1296 863 1318 con-

48 1330 179 1364 ditione
203 1331 297 1363 vitae
322 1331 513 1371 hominum,
540 1331 596 1375 qui
615 1341 702 1364 nunc
718 1341 863 1364 nascun-

48 1380 128 1417 tur,
156 1388 244 1410 nunc
268 1377 462 1420 intereunt,
503 1377 602 1410 velut
625 1377 783 1410 arborum
810 1382 864 1410 at-

48 1434 115 1467 que
142 1422 325 1455 herbarum
351 1423 447 1456 folia.
495 1434 583 1466 quae
620 1423 725 1456 verba
750 1423 863 1455 Simo-

48 1469 146 1502 nides
179 1468 214 1502 in
254 1468 370 1511 Elegis
405 1469 588 1511 (Analect.
617 1471 647 1502 1.
682 1480 714 1512 p.
743 1470 861 1511 145),

49 1515 209 1548 comicus
235 1515 296 1547 Av.
323 1516 415 1554 652..
439 1515 561 1548 Horat.
579 1516 652 1547 Art.
678 1518 770 1559 poifit.
793 1515 863 1553 60..

48 1561 177 1605 aliique
195 1561 436 1606 repetiverunt
460 1567 494 1593 et
517 1562 551 1593 in
577 1572 646 1594 rem
667 1571 760 1593 suam
780 1573 865 1594 con-

47 1612 237 1641 verterunt.
286 1618 318 1642 v.
345 1607 391 1639 H.
424 1607 499 1650 ipse
525 1607 623 1640 Hom.
649 1607 752 1641 habet
769 1607 863 1639 simi-

49 1653 94 1687 lia
120 1652 171 1694 φ’,
196 1653 318 1687 463—
328 1653 406 1688 466.
424 1673 468 1677 —
486 1653 587 1686 Sch.·
611 1666 711 1696 χαμ.
737 1654 862 1699 χαμαί.

48 1702 143 1743 τηλ.
166 1697 372 1739 θάλλουσα,
403 1695 566 1742 εὐθαλής
590 1700 775 1738 δέτδρεσιν
798 1712 865 1733 ου-

50 1757 108 1780 σα.
158 1743 280 1789 φύει
315 1743 431 1787 αὔξει.
460 1744 625 1789 (ἔαρος
650 1744 691 1780 6'
717 1759 778 1780 επ.
807 1742 865 1778 di-

50 1805 129 1837 ρη,
163 1804 246 1825 nam
271 1794 421 1825 succedit
449 1797 582 1848 tempu-s
602 1804 743 1825 vernum
769 1804 864 1826 more

49 1839 148 1872 Hom.
185 1838 310 1871 dictum
345 1844 399 1871 est
432 1850 493 1881 pro
524 1840 590 1881 τῆς
622 1837 729 1881 έάρος
767 1834 864 1882 ω’ρης

50 1883 338 1927 ἐπιγιγνομένης,
362 1890 513 1926 tempore
531 1896 633 1918 verno
653 1886 864 1919 succedente.

52 1932 109 1964 Ex
133 1931 179 1964 H.
230 1930 316 1963 male
341 1930 471 1974 vulgati
496 1931 576 1964 libri
594 1928 707 1988 ω’ρῃ,
743 1943 865 1965 secun·-

52 1977 129 2010 (lum
168 1975 444 2031 Aristophanem.
488 1994 534 2001 —-·
578 1990 693 2031 ημεν
728 1977 788 2021 φύ
805 1990 863 2018 ει,

51 2020 126 2066 ἡδ’
154 2019 226 2056 ἀπ.
240 2023 372 2062 ,modo
390 2023 545 2056 nascitur
570 2021 643 2067 (φν
647 2037 690 2064 ει,
712 2024 865 2066 πέφυκε.

51 2068 260 2114 significatio
287 2068 399 2102 rarior
424 2080 524 2113 quam
553 2071 688 2111 actixa,
715 2082 781 2115 qua
798 2081 866 2103 vox

53 2115 147 2148 dicta
171 2119 224 2147 est
247 2115 425 2160 superiore
443 2127 557 2149 versu.
591 2128 669 2150 ann.
693 2117 771 2161 H.),
795 2128 866 2150 mo-

52 2162 96 2195 do
115 2161 251 2194 desinit.

102 2229 178 2265 151.
225 2228 396 2263 πολλοὶ
423 2227 473 2264 δὲ
499 2235 566 2264 etc.
602 2230 776 2274 apodosis.
811 2231 865 2264 E:

52 2295 98 2303 --
125 2275 198 2310 ε’στι
219 2274 258 2310 δὲ
274 2275 449 2335 ἐνταῦθα
468 2275 509 2311 τὸ
536 2274 582 2311 δε
608 2276 690 2312 α’ντὶ
711 2279 781 2311 τοῦ
800 2276 867 2320 δή,

53 2321 103 2362 ὥς
126 2322 187 2356 καὶ
212 2335 282 2378 μετ
313 2319 449 2365 όλίγοι’
434 2336 471 2357 εν
487 2325 538 2368 τῷ
563 2323 686 2358 ἔνθα
712 2323 760 2358 δε
785 2327 868 2358 Σί-

55 2381 228 2412 συφος,
270 2366 290 2403 6
324 2368 428 2414 παρὰ
463 2373 540 2408 τοῖς
573 2367 667 2414 μεθ’
695 2367 868 2416 Όμηρον

54 2413 229 2450 ἐνθάδε
254 2415 329 2460 λεἐγ
334 2429 405 2450 ται.
441 2417 578 2460 quando
605 2422 720 2450 autem
745 2423 779 2451 et
807 2419 868 2450 hoc

54 2463 139 2495 scire
167 2462 261 2505 cnpt's
295 2460 450 2505 (ἐθέλεις
479 2461 613 2506 riurja„
644 2464 736 2507 quod
762 2475 869 2508 supra

56 2508 144 2541 dixit
169 2507 376 2552 ἐρεείνεις),
410 2511 502 2552 quod
532 2511 575 2542 sit
601 2521 712 2542 meum
744 2521 868 2554 genus,

56 2566 119 2587 nec
145 2553 206 2588 tibi
233 2556 318 2588 satis
344 2562 397 2588 est
422 2555 533 2589 videri
554 2568 604 2589 me
623 2562 794 2590 stienuum
815 2562 870 2589 te-

57 2612 125 2644 que
149 2600 285 2645 dignum
309 2601 529 2643 bellatorem,
555 2603 655 2635 multi
679 2603 815 2646 quidem
835 2603 872 2636 id

57 2647 179 2681 sciunt.

107 2715 182 2748 152.
226 2712 422 2771 Ἐφύρη.
475 2713 573 2771 ου’τιο
615 2715 655 2750 τό
693 2713 872 2758 πρότερον

64 2757 224 2794 ἐκαλεῖτο
249 2759 270 2803 ἡ
299 2761 500 2804 Κόρινθος.
550 2761 624 2797 ’ἐστι
650 2760 688 2795 δε
714 2776 777 2797 και
804 2765 873 2798 Θε-

61 2808 244 2848 σπρωτίας
257 2805 419 2852 ”,Εφυροι
445 2809 637 2851 (commune
656 2810 790 2842 urbium
812 2821 874 2844 no-

61 2863 136 2885 men
165 2864 221 2896 ap.
246 2854 431 2899 Pelasgos,
458 2857 562 2909 quale
586 2861 621 2888 et
648 2856 798 2888 Larissa.
840 2868 872 2890 v.

28 2898 236 2955 „Mannern
261 2899 293 2932 8.
318 2912 351 2945 p.
376 2902 475 2941 495„
501 2900 547 2959 fij.
569 2902 650 2940 659,
677 2900 874 2958 841.)Sch.

61 2945 193 2989 μυχοΞ
210 2943 403 2988 ”.Αργεος
440 2948 490 2980 E:
516 2946 655 3003 ”ΉΑργος
667 2948 730 2982 καὶ
757 2943 873 2993 ωδεη

66 2988 344 3036 Πελοπόννησος
367 2991 433 3037 (α’,
457 2994 609 3038 30),ου
636 2990 657 3039 ἡ
684 2962 877 3040 Κόρινθος

910 1283 960 1319 ἒν
983 1296 1131 1330 μυχῳ,
1155 1282 1346 1317 τουτέστιν
1369 1280 1500 1321 ε’νδον,
1526 1274 1574 1313 ου’
1588 1274 1662 1322 μήν
1680 1274 1720 1311 ἐν

908 1331 1120 1386 μυχαιτάτῳ
1150 1329 1212 1364 καὶ
1253 1326 1460 1372 ἕνδοτάτῳ·
1503 1325 1616 1360 τοῦτο
1649 1321 1720 1367 γὰρ

909 1379 1051 1421 ψεῦδος
1072 1375 1196 1416 ἁπλως
1212 1374 1309 1410 ου’τω
1326 1376 1444 1410 εἰπεῖν
1457 1370 1519 1407 δια
1532 1370 1572 1407 τὸ
1592 1372 1722 1428 ἰσθμί-

910 1438 956 1458 αν
978 1428 1073 1458 εἰναι
1096 1422 1164 1464 τήν
1191 1420 1395 1465 Κόρινθον.
1419 1421 1520 1464 (sane
1545 1417 1593 1453 ἕν
1616 1430 1651 1461 μ.
1667 1415 1721 1451 ''A.

909 1475 962 1504 est
985 1472 1019 1503 in
1044 1470 1231 1514 Argolide.
1266 1469 1322 1501 vel
1356 1467 1543 1501 secundum
1575 1468 1660 1498 vett.
1685 1464 1722 1496 in

909 1518 1158 1561 Peloponneso.
1191 1527 1224 1547 v.
1250 1515 1367 1548 strab.
1395 1516 1428 1548 8.
1482 1512 1641 1547 ..571A
1670 1509 1722 1543 sic

910 1563 1008 1598 Pind.
1034 1562 1078 1595 N.
1102 1565 1147 1602 6,
1172 1560 1228 1595 44.
1272 1558 1391 1604 μυχὸν
1414 1524 1591 1595 Ελλάδος
1620 1556 1721 1598 dixit,

909 1614 946 1641 ut
981 1607 1123 1641 Romani
1156 1619 1338 1640 recessum.
1387 1606 1488 1639 etiam
1519 1604 1590 1639 τοῦ
1613 1603 1723 1645 μέσος

909 1655 1011 1687 latior
1038 1665 1275 1697 nonnunquam
1300 1663 1384 1686 usus
1409 1658 1484 1692 est,
1516 1650 1611 1683 velut
1634 1649 1723 1683 infe-

909 1701 979 1734 rius
1005 1700 1082 1735 224.
1110 1701 1164 1732 Ex
1189 1701 1234 1732 11.
1261 1719 1305 1724 ——
1332 1699 1430 1732 ἱππ.
1462 1695 1508 1743 β’,
1533 1697 1635 1740 287.)

958 1748 1023 1783 153
1047 1767 1082 1770 -
1106 1747 1182 1780 157.
1233 1745 1276 1778 de
1301 1745 1444 1788 Sisypho
1475 1744 1618 1787 ejusque
1642 1752 1723 1775 ver-

910 1793 1022 1833 sutia,
1057 1792 1136 1825 item
1172 1792 1215 1825 de
1237 1793 1395 1835 Bellerop
1399 1792 1501 1824 houte
1529 1795 1565 1822 et
1590 1789 1722 1828 Proeto,

910 1850 944 1872 v.
971 1838 1127 1883 Apollod.
1159 1840 1196 1878 1,
1223 1839 1265 1879 9,
1291 1840 1347 1878 3.;
1448 1838 1491 1878 3,
1526 1839 1578 1875 1.,
1613 1839 1648 1868 et
1679 1834 1722 1867 ad

911 1897 986 1918 eum
1015 1885 1149 1929 Heynei
1174 1896 1250 1918 ann.
1264 1896 1274 1925 ς
1310 1884 1368 1929 qui
1373 1839 1466 1916 2hoc
1490 1882 1626 1927 quidem
1650 1881 1723 1914 loco

910 1931 1112 1972 annotavit,
1151 1931 1311 1963 heroicae
1343 1930 1437 1962 vitae
1470 1928 1654 1962 sollertiam
1683 1938 1725 1960 ac

912 1977 1128 2031 prudentiam
1153 1988 1173 2009 a
1198 1976 1341 2009 vafritie
1365 1976 1512 2008 nondum
1530 1974 1636 2007 fuisse
1653 1972 1724 2006 dis-

907 2024 1066 2067 juncum,
1099 2023 1217 2066 itaque
1242 2027 1336 2055 recte
1365 2021 1507 2065 Sisyphi
1531 2020 1563 2053 in
1589 2020 1725 2053 laudem

912 2069 1057 2103 cessisse
1081 2068 1253 2111 ingenium
1279 2068 1351 2111 ejus
1377 2067 1420 2100 ad
1445 2067 1586 2100 fraudes
1610 2065 1726 2099 dolos-

913 2127 980 2160 que
1004 2114 1147 2148 callidos
1175 2114 1410 2159 compositum,
1434 2120 1472 2146 ut
1486 2112 1648 2156 Ulyssis'
1639 2111 1726 2156 1psi-

912 2173 1021 2205 usque
1047 2162 1102 2194 dei
1130 2161 1306 2195 Mercurii.
1327 2160 1370 2193 cf.
1384 2160 1426 2193 K.
1452 2179 1497 2184 —
1522 2162 1621 2194 Σίσ.
1644 2158 1726 2192 Αἰ-

914 2211 975 2241 ολ.
1011 2207 1239 2263 epanalepsis.
1272 2219 1306 2241 v.
1331 2218 1410 2239 ann.
1436 2204 1553 2251 adss',
1578 2207 1656 2240 838.
1680 2224 1725 2229 -—

913 2254 1015 2287 Sch.:
1043 2251 1262 2297 ἠνορέην.
1298 2249 1470 2293 α’νδρίαν.
1513 2231 1558 2285 (ιέ.
1578 2251 1622 2295 6,
1644 2251 1725 2287 303.

913 2320 958 2324 -
993 2299 1115 2334 κακοὶ
1147 2299 1355 2354 μήσατο
1375 2299 1421 2332 Η.
1468 2299 1594 2342 vulgo:
1636 2294 1725 2332 uoen’

914 2344 1088 2391 εμήσατο.
1124 2346 1314 2380 Sch01.A.
1346 2341 1573 2401 Ἀρίσταρχος
1606 2344 1728 2384 κακῶς

916 2394 1090 2436 (Hbenet
1114 2390 1274 2435 Ἰακῶς)·
1299 2390 1420 2426 κακὰ
1445 2391 1644 2434 μήσατο.
1669 2403 1729 2425 ce-

914 2446 1023 2472 terum
1048 2439 1206 2484 Apollod.
1232 2441 1274 2480 2,
1301 2441 1343 2479 3,
1372 2440 1403 2473 1.
1439 2437 1565 2471 nonin
1590 2437 1728 2471 exilium

914 2492 1025 2519 actum
1050 2498 1070 2519 a
1097 2486 1245 2525 Proeto,
1281 2485 1341 2518 sed
1375 2485 1507 2518 exulem
1533 2485 1577 2518 ab
1601 2496 1641 2517 eo
1667 2495 1729 2517 ex-

915 2532 1043 2576 piatum
1069 2543 1143 2565 esse
1169 2533 1218 2565 ait
1241 2532 1565 2575 Bellerophontem,
1596 2535 1635 2564 ut
1667 2542 1728 2564 va-

916 2578 989 2612 riae
1014 2579 1057 2612 de
1083 2579 1148 2611 hoc
1182 2582 1281 2611 erant
1311 2577 1451 2611 fabulae
1476 2589 1531 2622 ap.
1557 2576 1729 2621 Tragicos

916 2630 951 2658 et
976 2624 1177 2681 scriptores.
1214 2636 1244 2656 v.
1275 2623 1316 2657 H.

968 2672 1045 2705 159.
1095 2668 1222 2713 ἐδάμ.
1254 2669 1343 2710 τούς
1367 2665 1556 2712 Ἀργείους.

970 2718 1046 2751 160.
1085 2714 1276 2750 Ἄντεια.
1303 2715 1506 2772 Apollod.2‚
1528 2717 1556 2748 1.
1574 2725 1730 2755 -κρα-

920 2760 1033 2807 τήσας
1048 2759 1224 2821 ''Anozfflog
1244 2761 1424 2804 Προῖτον’
1425 2760 1572 2814 Ἀργους
1586 2757 1730 2801 ἐξελαύ-

920 2821 986 2843 νει.
1036 2806 1055 2844 6
1082 2809 1121 2843 δὲ
1150 2805 1234 2853 ἧκεν
1265 2810 1317 2848 εἰς
1340 2809 1481 2842 Λυκίαν
1503 2803 1596 2862 πρὸς
1613 2804 1730 2861 Ἰοβά-

919 2868 1010 2900 την,
1044 2853 1094 2896 ὠς
1118 2856 1158 2891 δέ
1183 2853 1279 2894 τινές
1310 2867 1423 2898 φασι,
1458 2850 1553 2895 πρὸς
1578 2849 1730 2895 Ἀμφιᾶ-

921 2915 1057 2943 νακτα,
1092 2902 1154 2936 καὶ
1189 2904 1300 2946 γαμεῖ
1320 2900 1398 2957 τήν
1410 2898 1547 2934 τούτου
1571 2897 1729 2940 θυγατέ-

921 2961 988 2991 ρα,
1025 2946 1074 2989 ὡς
1097 2961 1164 2992 μεν
1178 2948 1366 2992 Ομηρος,
1390 2945 1576 2988 Ἄντειαν,
1613 2957 1662 2986 ως
1688 2943 1729 2980 δε

923 2995 960 3031 οὶ
988 2995 1187 3041 Τραγικοὶ,
1210 2994 1457 3038 Σθενέβοιαν.
