1811 3269
575 148 1009 190 ΙΛΙΑΔΟΣ
1066 150 1112 190 Γ.

1597 151 1680 192 187

181 259 416 330 εὐρύτερος
442 257 485 302 δ’
517 256 706 313 ὤμοισιν
735 259 798 302 ι’δὲ
829 259 1076 312 στέρνοισιν
1107 259 1294 304 ἰδέσθαι.

73 323 152 364 195
182 317 335 387 τεύχεα
363 315 444 371 μέν
474 316 519 358 οἱ
546 321 684 359 κεῖται
714 315 784 359 ἐπὶ
811 316 943 371 χθονὶ
972 317 1306 387 πουλυβοτείρῃ,

185 373 317 424 αὐτος
347 372 392 415 δὲ
422 374 567 423 κτίλος
597 370 656 424 ὡς
686 373 960 417 ἐπιπωλεῖται
992 375 1138 442 στίχας
1167 372 1361 429 ἀνδρῶν.

154 431 356 502 ἀ’ρνειῷ..
375 447 452 485 μιν
482 429 615 484 ἔγωγε
646 430 777 474 έῖσκω
806 428 1150 500 πηγεσιμάλλῳ,

184 484 279 532 ὅστ’
313 485 422 530 ὀΐων
451 486 559 542 μέγα
589 491 688 531 πῶϋ
719 487 929 559 διέρχεται
960 484 1261 541 ἀργεννάων.ιι

272 543 363 587 Τυν
394 544 438 586 δ’
469 543 661 606 ἠμείβετ’
693 543 837 588 ἔπειθ’
865 542 1038 598 Ἑλένη,
1068 542 1179 593 Διὸς
1211 544 1459 612 ἐκγεγαυῖα·

70 608 152 647 200
182 595 344 653 ,,οὗτος
375 599 416 644 δ’
450 606 507 644 αὐ
539 601 833 673 Λαερτιάδης,
863 599 1104 655 πολύμητις
1131 598 1381 650 Ὀδυσσευς,

184 657 234 709 ὂς
263 657 410 713 τράφη
440 658 487 701 ἐν
520 657 643 715 δήμῳ
673 657 843 714 Ἰθάκης
872 660 1068 712 κραναῆς
1098 671 1179 710 περ
1215 655 1387 725 ἐούσης,

182 714 307 765 εἰδώς
338 717 579 766 παντοίους
608 732 653 759 τε
683 716 843 766 δόλους
872 715 947 758 καὶ
977 714 1117 783 μήδεα
1146 712 1325 758 πυκνοὶ.6

234 772 357 832 Τὴν
388 771 436 815 δ’
468 771 572 815 αὕτ’
598 771 821 828 Ἀντήνωρ
852 769 1147 839 πεπνυμένος
1159 768 1313 812 οἷντίον
1344 768 1485 825 ηὔδα·

184 862 209 881 ,.
201 833 248 873 .ῶ
279 829 436 885 γύναι,
468 824 498 885 ἦ
528 829 644 884 μάλα
672 835 806 874 τοῦτο
837 829 939 880 επος
968 843 1177 884 νημερτές
1208 826 1367 878 εἐιπας.

65 954 140 990 196.
187 955 361 995 κτίλος.
387 952 406 990 ὂ
434 953 641 1000 ἡγούμενος
664 957 825 1002 τῆςποί-

13 1013 108 1059 μνης
132 1000 246 1045 κριός.
295 1003 356 1036 καὶ
391 1001 465 1036 ε’στι
488 1003 583 1038 κατά
618 1003 659 1040 τὸ
693 1005 828 1050 ἔτυμον

15 1045 182 1089 ἄκτιλος,
222 1046 241 1083 ὁ
277 1046 502 1093 ἐπαγόμενος
535 1050 581 1084 τὰ
616 1051 728 1086 λοιποὶ
754 1054 829 1086 τῶν

15 1093 375 1130 ἐπακολουθούντων
398 1095 607 1155 προβάτων.
628 1101 692 1143 Ap.
725 1112 829 1142 παρα

14 1140 57 1177 τὸ
84 1141 173 1183 ἄγω,
201 1138 220 1175 ὁ
239 1141 385 1201 μέλλων
403 1140 490 1185 ἔξω,
518 1142 721 1189 ῥηματικὸν
746 1144 829 1181 ὄνο-

15 1201 67 1233 μα
93 1186 250 1230 α’κτιλος,
275 1189 336 1223 καὶ
363 1186 533 1236 οἷποβολῇ
556 1191 625 1226 τοῦ
650 1204 674 1225 α
697 1194 830 1233 κτίλος.

17 1235 203 1291 Ε1)111.Μ.
234 1235 389 1269 similiter
411 1237 512 1278 Sch„
540 1238 597 1294 qui
623 1238 688 1272 hoc
713 1238 829 1272 addit.

17 1277 44 1326 ἦ
71 1281 172 1323 παρὰ
198 1279 239 1316 τὸ
273 1283 360 1323 κίω,
395 1280 436 1316 τὸ
473 1282 702 1340 πορεύομαι,
738 1284 830 1329 quod

19 1328 125 1362 habet
146 1327 248 1361 etiam
268 1328 320 1369 E,
346 1333 385 1361 ut
407 1330 527 1369 κτίλος
551 1330 597 1364 sit
623 1327 641 1365 ὁ
667 1332 742 1365 τοῖν
769 1330 832 1365 ἄλ-

18 1377 93 1410 λων
117 1373 455 1418 προπορευόμενος.
495 1376 560 1410 imo
594 1383 648 1410 est
671 1376 832 1423 κτήσιος,

19 1420 194 1455 intellecto
223 1420 345 1465 κριὸς,
382 1434 402 1456 a
433 1423 542 1465 utico,
576 1425 706 1465 κτιζω,
741 1424 833 1467 quod

19 1466 110 1501 idem
135 1468 187 1514 τῷ
210 1466 329 1508 κτοὶω,
366 1468 464 1513 quasi
497 1469 593 1502 dicas
626 1472 687 1503 der
715 1471 835 1503 Haus-

20 1515 162 1547 widder.
187 1526 219 1547 v.
248 1514 282 1547 H
313 1513 355 1546 ad
391 1515 487 1547 Pind.
515 1515 566 1559 Py
561 1516 618 1548 th.
643 1518 686 1556 2,
714 1517 771 1551 31.
797 1522 835 1549 et

21 1560 126 1594 Schn.
153 1572 209 1593 vv.
235 1562 342 1602 κτίζω
368 1564 403 1593 et
421 1529 561 1601 κτιλος.Β
577 1559 618 1602 ν’,
641 1561 740 1596 491..·
765 1575 835 1596 otv-

21 1604 91 1649 τοὶρ
125 1605 250 1641 ἔπειτα
279 1606 374 1641 Λαοὶ
403 1605 544 1642 ἕπονθ
550 1633 558 1649 ,
587 1607 712 1643 ωσείτε
739 1606 835 1651 μετὰ

22 1653 145 1689 κτίλον
169 1652 296 1688 ἕσπετο
317 1655 428 1698 μῆλα.
462 1654 514 1688 his
535 1654 620 1689 locis
650 1666 718 1690 vox
743 1655 834 1700 legi-

22 1703 80 1734 tur
94 1711 148 1745 ap.
171 1701 271 1735 Hom.

73 1759 152 1793 197.
201 1757 340 1802 ἔγωγε
367 1756 465 1793 ἐΐσκ
476 1772 516 1793 ω.
540 1759 740 1793 durissimus
758 1759 834 1793 hia-

23 1809 94 1845 tus,
119 1816 182 1838 nec
201 1804 312 1850 qualis
336 1806 483 1838 usitatus
508 1814 561 1840 est
586 1819 640 1851 ap.
669 1807 756 1839 hunc
773 1818 837 1839 no-

25 1857 143 1884 strum.
178 1852 310 1884 frustra
335 1852 564 1894 praetendunt
590 1854 771 1896 digamma,
794 1852 837 1886 de

0 1909 1 1944 }
25 1908 91 1941 quo
117 1908 216 1940 quam
241 1897 345 1929 dubia
368 1898 415 1930 sit
438 1909 512 1930 res
540 1911 583 1932 ne
606 1899 674 1943 ipsi
699 1899 838 1942 quidem

0 1945 1 1976 ἱ
26 1943 153 1986 Paynii
188 1944 360 1996 ignorant.
416 1952 475 1976 aut
510 1944 565 1977 hic
591 1949 650 1978 aut
675 1956 838 1988 nusquam

0 1993 1 2001 ¹
27 1990 189 2023 confusae
213 1996 293 2022 sunt
316 1986 385 2044 γοὶρ
410 1995 446 2023 et
468 2003 507 2034 γε
526 1991 731 2035 parttculae‚
751 2002 841 2034 quae

27 2047 125 2079 quam
145 2046 250 2079 saepe
271 2035 491 2069 sibiinvicem
513 2037 703 2071 offecerint
725 2043 841 2070 osten-

0 2082 1 2086 ’
27 2081 79 2114 dit
112 2081 270 2115 Schaser.
297 2081 332 2115 in
356 2082 491 2116 Additt.
516 2094 593 2116 ann.
619 2083 662 2116 ad
688 2083 839 2126 Gregor.

0 2127 109 2160 1001·
139 2140 170 2172 Ρ
199 2129 278 2162 877.
314 2128 355 2161 cf
386 2128 517 2162 Sturzii
540 2129 607 2164 lex.
629 2129 775 2172 Xenoph
806 2135 839 2162 et

30 2173 76 2206 G.
98 2173 130 2207 J.
156 2173 306 2207 Bekkeri
343 2174 524 2219 Specimen
562 2187 635 2209 var.
667 2175 769 2208 lecet
806 2180 842 2208 et.

0 2239 1 2253 ι
29 2219 119 2255 obss.
142 2219 177 2253 in
201 2220 364 2254 Philostr.
391 2233 424 2266 p.
453 2223 529 2256 107.
566 2222 725 2266 profecto
753 2220 839 2254 scri-

29 2265 174 2299 bendum
200 2272 273 2300 est:
299 2266 378 2310 α’ρν.
401 2281 464 2307 μιν
485 2265 552 2311 ἐγώ
572 2268 642 2312 γόρ
663 2267 714 2302 ἐιυ
705 2280 768 2301 κω
787 2280 826 2301 π.
819 2292 840 2309 .,

0 2327 1 2356 3
31 2311 206 2356 particula
229 2313 300 2357 γαρ
332 2313 363 2348 4.
389 2313 464 2348 loco
496 2314 613 2370 posita
639 2314 842 2354 sententiae,

0 2357 1 2372 ¹
32 2363 72 2391 ut
95 2358 252 2392 Comicus
286 2360 330 2404 L)
331 2360 431 2393 sistr.
460 2362 562 2396 5612
598 2358 616 2397 ὁ
650 2359 693 2404 μὲ
680 2375 716 2394 ν
742 2358 841 2404 ἥκων

0 2404 1 2436 ἱ
31 2402 102 2449 γὰρ
127 2409 192 2438 etc.
227 2407 272 2439 cs.
298 2407 458 2440 Schfifer.
484 2407 618 2442 Melett
645 2407 722 2441 crit.
745 2419 777 2451 Ρ
797 2407 841 2440 75

0 2468 1 2490 1
34 2460 150 2495 seqq,
189 2451 335 2497 Reisigii
369 2453 542 2496 Conjectt.
576 2466 610 2498 p.
645 2454 744 2494 147„
780 2463 843 2486 nos

0 2495 1 2498 ’
35 2496 77 2530 ad
111 2497 371 2556 Eurip.1pbig.
399 2502 438 2533 Α.
468 2498 542 2534 142.
605 2498 703 2542 οέρν.
739 2500 842 2555 κριῷ·

0 2577 1 2582 ,
35 2541 100 2578 διοὶ
124 2543 260 2579 τούτου
286 2544 325 2580 ὸε
352 2546 463 2590 (quod
490 2545 541 2579 bis
576 2547 681 2586 dicit,
719 2544 842 2602 ἐμφά-

37 2601 125 2646 <ff-⁰⁰3
151 2601 266 2625 causa.
289 2593 372 2643 W.)
405 2591 549 2628 ἐπαινεῖ
570 2592 610 2629 τὸ
635 2594 757 2635 πρᾶον
780 2590 844 2627 καὶ

0 2635 1 2680 J
38 2632 225 2691 ἀτάραχον
249 2639 381 2673 αυτοῦ.
430 2638 582 2674 ἐῖμσκω
618 2637 747 2683 ὁμοιῶ,
771 2651 844 2673 απ·-

0 2693 1 2711 1
38 2681 178 2739 efndgm.
223 2697 326 2728 πηγ.
343 2684 592 2741 βαθυμάλλῳ,
617 2685 730 2721 καλὸν
745 2684 844 2728 ἔριον

41 2727 172 2772 ε’χοντι.
196 2730 235 2772 (a
258 2730 373 2776 πηγὸς
399 2732 528 2777 [πήγω,
555 2732 724 2788 πηγνύω,
749 2731 845 2774 πήσ-

0 2783 1 2811 1
41 2787 104 2815 σω,
125 2777 518 2834 nutrio‚pinguefacio]‚
544 2785 582 2812 ut
605 2780 650 2812 sit
675 2777 847 2836 εὐπαγεῖς

0 2822 1 2827 ’
39 2820 220 2865 uam-0²39,
250 2825 436 2861 τουτέστιν
460 2823 679 2868 ευτραφεῖς,
716 2824 847 2868 ε’χοντι,

41 2872 81 2902 ut
103 2868 349 2912 interpretatur
355 2874 438 2928 Ap.
465 2873 511 2905 cf.
538 2873 640 2917 Etym
677 2872 728 2905 sic
748 2872 848 2914 κῦμα

40 2913 160 2971 πηγόν
179 2914 314 2973 odyss.
339 2917 377 2959 ε’,
400 2920 478 2954 318
495 2943 506 2960 ,
530 2919 621 2963 quod
646 2918 735 2952 idem
759 2919 843 2952 πολ-

0 2999 1 3003 ,
41 2959 106 2997 ἰὸν
128 2960 189 2996 καὶ
214 2961 327 3019 τρόφι
349 2963 392 3006 λ’,
415 2966 494 3001 307.
522 2966 575 2998 Ex
595 2965 663 3009 Η.)
689 2960 712 3008 ἡ
739 2963 848 3006 μέλα-

40 3020 88 3043 νι.
133 3006 252 3054 πηγὸν
274 3009 342 3056 γὰρ
369 3010 411 3048 τὸ
435 3009 560 3056 μέλαν.
591 3011 693 3057 (quia
721 3010 849 3045 dicitur

872 954 987 1001 μέλαν
1014 956 1133 999 κῦμα,
1171 953 1260 987 idem
1285 964 1362 987 esse
1386 954 1552 998 putarunt
1575 961 1690 995 gram-

874 1003 989 1038 matici
1013 1001 1055 1037 τὸ
1081 998 1211 1045 πη)όν.
1264 1011 1405 1045 quorum
1440 997 1567 1032 Scholl.
1593 997 1621 1030 B
1656 1001 1692 1030 et

875 1050 972 1094 Lips.
1007 1050 1075 1093 jam
1105 1046 1343 1081 Antimachum
1375 1047 1470 1090 ajunt
1503 1041 1545 1077 τὸ
1572 1041 1692 1088 πηγόν

877 1095 1081 1140 opposuisse
1105 1095 1157 1128 τῶ
1184 1094 1312 1139 λευκῷ.
1326 1112 1368 1117 -
1385 1091 1692 1148 πηγεσιμάλ-

876 1144 935 1186 λῳ
961 1153 993 1186 Ρ.
1020 1129 1265 1185 πηγομοὶλλῳ,
1300 1145 1339 1172 ut
1370 1136 1611 1192 οἷλφεσιβοια,
1637 1135 1692 1172 ἑλ-

877 1190 1106 1229 κεσίπεπλος,
1132 1187 1402 1240 Πρωτεσίλαος,
1428 1198 1463 1231 Ρ.
1489 1184 1693 1229 οὶλφόβοια,

877 1233 1119 1276 ελκόπεπλος,
1164 1230 1406 1278 Πρωτόλαος.
1448 1244 1482 1265 v.
1508 1232 1624 1276 Ety.m
1658 1230 1693 1263 in

880 1279 1122 1334 ἀλφεσιμβοια
1143 1280 1260 1315 ExH.
1296 1279 1342 1314 cf.
1367 1279 1448 1313 243.

927 1329 1005 1363 198.
1054 1327 1169 1362 πῶϋ.
1217 1326 1405 1368 ποι’.μνιον
1449 1323 1520 1367 (cf.
1545 1320 1588 1364 λ’,
1613 1322 1695 1366 695,

882 1372 925 1429 q',
950 1375 1041 1414 323,
1074 1371 1117 1415 6¹,
1143 1374 1230 1414 528,
1243 1372 1398 1428 odyss.
1423 1384 1493 1425 μ,
1502 1371 1571 1405 299
1609 1370 1695 1414 etc.)

882 1419 977 1463 ἀργ.
1003 1420 1203 1463 λαμπρων,
1229 1415 1263 1476 ἢ
1275 1421 1428 1452 λευκῶν.
1470 1414 1544 1450 απὸ
1565 1414 1604 1451 δὲ
1626 1417 1697 1451 τοῦ

881 1468 1051 1506 πλείονος
1076 1471 1194 1502 εἶπεν
1220 1463 1263 1501 οὐ
1289 1463 1358 1509 γὰρ
1382 1462 1507 1499 πάντα
1532 1461 1578 1498 τὰ
1603 1461 1696 1507 πρό-

881 1514 978 1568 βαι-α
1001 1511 1112 1548 λευκά
1137 1511 1221 1547 ἐστι.
1247 1511 1386 1566 (eodem
1413 1510 1589 1556 pertinere
1616 1520 1697 1544 ver-

882 1560 926 1592 ba
951 1556 1111 1602 ἄργυρος
1143 1564 1178 1592 et
1203 1555 1347 1601 οἷργιίφε
1335 1570 1412 1598 ος,
1449 1557 1539 1589 vidit
1571 1558 1684 1601 Ap.v

883 1602 1561 1662 ἄργεγνῶν,11.ε.ἆργεννῶν.)8011.

928 1654 1008 1686 200.
1059 1646 1202 1692 οὗτος
1227 1648 1266 1686 δ’
1299 1646 1378 1693 αὖ,
1405 1650 1459 1683 hic
1482 1661 1608 1695 porro,
1639 1650 1695 1684 hic

881 1710 1011 1734 rursus.
1037 1701 1096 1732 W.

928 1746 1008 1779 201.
1058 1743 1149 1789 δήμ
1160 1756 1208 1789 ῳ,
1238 1743 1366 1800 populo
1398 1742 1472 1776 sive
1494 1747 1611 1785 terra,
1636 1755 1698 1778 re-

883 1792 1008 1836 gione,
1051 1796 1088 1825 ut
1120 1791 1261 1834 Λυκίης
1296 1787 1334 1824 ἐν
1365 1791 1468 1824 πίονι
1508 1789 1555 1824 δ’
1534 1803 1615 1835 ημςο
1647 1789 1699 1834 π’,

885 1838 966 1872 437.
992 1849 1024 1871 v.
1052 1839 1084 1871 H
1111 1843 1145 1870 et
1170 1838 1227 1870 W.
1256 1836 1300 1869 de
1333 1835 1454 1870 Ithaca
1487 1837 1550 1872 ins.
1579 1838 1623 1871 cf.
1650 1837 1698 1883 β’,

886 1885 966 1919 632.
1000 1903 1046 1908 -
1089 1884 1192 1916 Seu:
1227 1895 1356 1925 κραν.
1382 1895 1465 1925 περ
1498 1881 1526 1917 ε’.
1575 1885 1698 1920 καίτοι

886 1931 1058 1974 τραχείας
1091 1927 1341 1973 ὑπαρχούσης.
1397 1941 1466 1963 non
1498 1929 1548 1963 ita
1579 1930 1699 1976 inepte

887 1977 989 2016 Sch.‚
1015 1976 1179 2021 siquidem
1207 1980 1390 2008 memoratu
1415 1975 1554 2019 dignum
1580 1977 1702 2012 haberi

887 2023 993 2063 solet,
1028 2023 1226 2068 praeclaros
1263 2021 1359 2054 viros
1393 2021 1426 2054 in
1470 2023 1611 2076 parvula
1645 2025 1702 2059 vel

888 2069 1052 2113 despecta
1076 2075 1170 2102 terra
1195 2079 1253 2100 seu
1280 2068 1365 2100 urbe
1391 2068 1556 2102 extitisse.
1597 2081 1700 2114 aspe-

888 2126 929 2148 ra
952 2115 1018 2147 fuit
1042 2115 1161 2147 Ithaca
1186 2114 1281 2157 (Cic.
1306 2113 1349 2146 de
1374 2114 1437 2147 Or.
1459 2117 1490 2155 1,
1509 2114 1580 2157 44.,
1602 2116 1700 2162 Virg.

888 2164 973 2194 Aen.
1000 2163 1042 2201 3,
1067 2161 1144 2194 272.
1172 2162 1262 2203 W.‚)
1287 2166 1400 2193 tamen
1426 2161 1591 2195 alumnum
1611 2163 1702 2196 cele-

887 2207 1070 2240 berrimum
1106 2207 1224 2241 habuit
1260 2207 1440 2251 Ulyssem,
1476 2207 1566 2241 sicut
1599 2209 1703 2254 Arpi-

889 2265 987 2295 num,
1012 2253 1176 2298 oppidum
1202 2252 1344 2292 Italiae,
1371 2253 1519 2287 Marium
1544 2260 1580 2288 et
1601 2255 1704 2289 Cice-

888 2311 1016 2333 ronem.
1063 2299 1124 2332 sed
1151 2297 1349 2343 αὐξητικὸν
1381 2299 1436 2332 vel
1459 2301 1705 2345 βεβαιωτικὸν

890 2357 966 2379 esse
991 2344 1032 2379 τό
1060 2344 1129 2389 πὲρ
1156 2347 1188 2379 h.
1211 2346 1221 2378 l
1261 2346 1453 2379 arbitratur
1477 2348 1530 2389 U,
1562 2355 1704 2384 auctore

890 2393 960 2425 Th.
988 2404 1021 2436 p.
1039 2392 1118 2426 450.
1154 2393 1198 2424 cf.
1225 2391 1343 2436 Viger
1371 2404 1400 2436 p
1421 2392 1513 2435 441„
1540 2395 1593 2427 cui
1618 2395 1704 2431 male

890 2438 1087 2494 obloquitur
1112 2439 1335 2471 Hermannus.
1374 2439 1503 2493 Od3ss.
1531 2437 1574 2480 δ’,
1600 2443 1702 2497 6073:

892 2483 936 2519 ου’
961 2484 1030 2529 γάρ
1063 2498 1117 2525 τις
1148 2496 1271 2528 νησίον
1296 2483 1502 2526 ιππήλατος
1526 2485 1615 2522 οὐδ’
1640 2484 1703 2523 εὕ-

890 2533 943 2566 λε’
933 2545 1046 2575 μων,
1084 2530 1174 2566 Αἴθ’
1208 2528 1265 2565 ἁλὶ
1297 2534 1505 2567 κεκλιᾞαται
1537 2532 1704 2591 ’[θακη

892 2577 939 2613 δέ
964 2591 1008 2614 τε
1033 2578 1110 2613 καὶ
1135 2578 1243 2620 περὶ
1275 2578 1476 2613 πασέων.
1526 2585 1561 2613 et
1585 2581 1631 2615 ib.
1658 2580 1702 2624 ν’,

890 2625 991 2659 242..
1027 2623 1110 2669 ἤτοι
1144 2623 1211 2667 μὲν
1235 2628 1386 2669 τρηχεῖα
1410 2626 1472 2661 καὶ
1498 2626 1566 2671 οὐχ
1589 2626 1703 2674 ἱππή-

891 2670 999 2711 λατός
1027 2672 1126 2708 ἐστιν
1151 2678 1218 2704 etc.

938 2720 1016 2754 202.
1064 2717 1228 2761 μήδεα
1254 2715 1501 2772 βουλεύματα.
1535 2719 1702 2756 πυκνά.

891 2763 1020 2800 πολλά.
1045 2763 1107 2809 (ἢ)
1133 2762 1277 2799 συνετά.
1298 2764 1379 2798 Sch.

937 2822 1018 2859 204.
1066 2825 1117 2858 sic
1136 2823 1228 2857 Mori
1246 2823 1407 2864 Barocc„
1432 2823 1529 2869 Lips.
1555 2835 1574 2857 a
1590 2836 1633 2858 m.
1656 2827 1703 2866 1.,

893 2870 1043 2905 Vindob.
1077 2870 1188 2904 editus
1225 2870 1266 2903 ab
1299 2870 1418 2904 Altero
1450 2875 1484 2903 et
1518 2870 1657 2904 Vratisl.
1683 2882 1704 2906 a

894 2927 936 2950 m.
965 2919 996 2952 1.
1020 2917 1142 2962 vulgo:
1167 2915 1297 2955 ἔειπες.
1331 2917 1377 2950 cf.
1405 2914 1452 2956 α’,
1479 2918 1555 2952 106.
1595 2918 1700 2952 Sch.:

892 2975 916 3045 ἔ
921 2976 997 3046 1η5μ.
1042 2960 1194 3008 ἀληθές.
1240 2963 1286 2997 cf.
1320 2961 1367 3005 α’,
1391 2961 1472 2998 514.
1498 2967 1535 2996 et
1557 2963 1703 2998 inferius
