1811 3269
617 694 1222 740 ΥΠΟΘΕΣΙΣ

205 849 385 895 ΤΗΣ
443 847 495 893 Α
556 842 964 891 ΟΜΗΡΟΥ
1033 840 1614 889 ΡΑΨΩΙΔῙΑΣ.

75 1109 300 1186 Χρύσης,
334 1127 473 1183 ἱερεὺς
502 1130 579 1171 τοῦ
607 1125 904 1180 Ἀπόλλωνος,
935 1127 1223 1182 παραγίνεται
1253 1124 1323 1168 ἐπὶ
1347 1124 1426 1167 τόν
1455 1122 1746 1179 ναύσταθμον

75 1214 166 1255 τῶν
202 1208 454 1266 Ἑλλήνων,
510 1207 778 1264 βουλόμενος
821 1208 1160 1262 λουτρώσασθαι
1209 1205 1289 1262 τὴν
1332 1205 1558 1260 θυγατέρα
1605 1204 1745 1247 αὐτου

81 1291 317 1346 Χρυσηΐδα.
369 1287 453 1332 οὐκ
484 1285 722 1343 ἀπολαβών
751 1288 824 1350 δὲς
863 1286 969 1330 ἀλλὰ
998 1286 1073 1330 καὶ
1101 1283 1208 1342 μεθ’
1241 1285 1413 1340 ὕβρεως
1444 1282 1735 1339 ἁποδιωχθεὶς

76 1369 163 1414 ὑπὸ
191 1369 533 1425 Ἀγαμέμνονος,
565 1365 726 1423 ηὔξατο
757 1372 818 1425 τῷ
846 1366 1087 1411 Ἀπόλλωνι
1117 1365 1227 1409 κατὰ
1257 1368 1347 1407 τῶν
1382 1363 1615 1419 Ἑλλήνων.
1660 1365 1746 1405 λοι-

77 1453 167 1507 μοῦ
209 1449 254 1494 δὲ
292 1447 559 1504 γενομένου,
603 1447 677 1490 καὶ
707 1450 906 1500 πολλῶν,
949 1444 1007 1497 ὡς
1047 1444 1184 1496 εἰκός,
1228 1443 1637 1500 διαφθειρομένων,
1675 1441 1742 1504 έκ-

77 1530 261 1586 κλησίαν
306 1526 521 1585 Ἀχιλλεύς
569 1525 805 1582 συνήγαγε.
866 1525 1123 1581 Κάλχαντος
1171 1524 1218 1568 δὲ
1267 1521 1628 1578 διασαφήσαντος
1661 1520 1747 1578 ’τὴν

78 1609 222 1668 ἀληθῆ
266 1609 433 1659 αἰτίαν,
479 1606 554 1651 καὶ
591 1605 876 1657 κελεύσαντος
907 1602 1129 1661 Ἀχιλλέως
1170 1602 1469 1655 ἐξιλάσκεσθαι
1507 1602 1586 1646 τὸν
1625 1601 1746 1649 θεὸν,

76 1688 357 1747 Ἀγαμέμνων
390 1685 612 1744 ὀργισθεὶς
653 1671 861 1743 διηνέχθη
902 1684 1014 1740 πρὸς
1054 1683 1135 1727 τὸν
1173 1681 1383 1740 Ἀχιλλέα,
1415 1683 1490 1726 καὶ
1527 1681 1665 1726 αὐτοῦ
1694 1680 1745 1726 τὸ

79 1771 207 1827 γέρας
237 1767 459 1812 ἀπέσπασε
489 1766 571 1823 τὴν
604 1767 832 1822 Βρισηΐδα.
877 1764 901 1808 ὁ
937 1764 983 1809 δὲ
1014 1762 1231 1821 ὀργίζεται
1260 1768 1353 1815 τοῖς
1379 1763 1570 1819 Ἕλλησι.
1622 1761 1746 1813 Θέτις

79 1851 150 1904 δὲ,
189 1852 272 1893 τοῦ
310 1849 415 1892 υἱοῦ
455 1846 713 1903 δεηθέντος,
759 1846 819 1896 εἷς
845 1844 1077 1901 ’Όλυμπον
1108 1842 1360 1888 ἀνελθοῦσα
1399 1841 1590 1899 ’ᾐτήσατο
1624 1839 1744 1895 παρὰ

77 1933 159 1974 τοῦ
189 1928 324 1980 Διὸς,
356 1927 472 1979 ὅπως
499 1926 605 1977 τοὺς
639 1929 792 1981 Τρῶας
830 1923 1214 1979 ἐπικρατεστέρους
1250 1927 1341 1967 τῶν
1365 1921 1586 1979 Ἑλλήνων
1614 1920 1746 1978 ποιή-

79 2021 148 2068 σῃ.
191 2008 311 2064 ““Ήρα
352 2008 398 2052 δὲ
440 2011 611 2063 γνοῦσα
649 2010 779 2050 τοῦτο
815 2004 1022 2062 διηνέχθη
1063 2002 1176 2058 πρὸς
1205 2003 1284 2048 τόν
1312 2004 1422 2054 Δία,
1461 2001 1542 2053 ἕως
1583 1999 1748 2052 αὐτοὺς

81 2089 281 2134 διέλυσεν
310 2088 574 2144 ”Ηφαιστος,
617 2088 876 2142 οἰνοχοήσας
915 2084 963 2128 ἐν
1003 2083 1224 2139 ἐκπώματι
1263 2083 1462 2139 χρυσείῳ.
1509 2083 1553 2124 οῖ
1590 2081 1662 2133 δὲ,
1696 2079 1744 2124 τό

82 2169 238 2214 λοιπὸν
265 2172 342 2226 τῆς
370 2166 534 2225 ἡμέρας
564 2164 878 2223 εὐωχηθέντες,
910 2166 970 2215 εἰς
999 2163 1143 2207 ὕπνον
1172 2163 1420 2218 τρέπονται.
