1811 3269
758 164 1155 207 ΟΜΗΡΟΥ

294 273 511 342 δεξιτερὸν
539 273 650 318 κατὰ
678 272 817 330 μαζόν
844 272 976 344 ὀιστῷ
1004 274 1253 330 τριγλώχινι

253 330 274 354 *
291 317 513 401 βεβλήκει·
542 330 638 374 τότε
667 332 742 374 καί
770 347 846 386 μιν
875 319 1138 400 ἀνήκεστον
1147 332 1281 386 λάβεν
1310 329 1455 402 ἄλγος.

176 391 258 435 395
287 390 384 456 τλῆ
399 385 442 430 δ’
467 386 610 441 Ἀΐδης
640 387 687 430 ἐν
717 392 831 431 τοῖσι
859 385 1074 456 πελώριος
1104 385 1225 430 ω’κύν
1255 387 1423 439 ὀϊστὸν,

291 442 385 486 εὐτέ
416 460 493 497 μιν
523 443 665 495 ωὐτὸς
695 442 834 515 ἀνὴρ,
864 443 961 494 υἱὸς
991 442 1100 493 Διὸς
1130 443 1357 500 αἰγιόχοιο,

287 499 335 543 ἐν
366 500 502 568 Πύλῳ
533 500 581 544 ἐν
609 501 809 546 νεκύεσσι
838 501 986 568 βαλών
1015 498 1229 571 ὀδύνῃσιν
1260 501 1433 545 5'.6mxev

288 554 429 610 αὐτὰρ
461 557 486 600 6
517 560 575 614 βῆ
603 558 716 613 πρὸς
747 560 874 614 δῶμα
903 555 1013 606 Διὸς
1040 556 1114 600 καὶ
1142 556 1312 626 μακρὸν
1331 557 1578 629 ”Ολυμπον,

285 616 370 681 κῆρ
400 612 539 669 α’χέων
568 613 780 687 ὀδύνῃσι,
814 611 1111 668 πεπαρμένος·
1144 611 1282 669 αὐτὰρ
1313 613 1457 667 ὀϊστὸς

172 670 254 714 400
285 668 390 726 ὤμῳ
422 670 486 714 ἔνι
508 674 707 743 στιβαρῷ
736 670 949 743 ἠλήλατο,

968 671 1084 740 κῆδε
1116 670 1162 713 δὲ
1191 670 1355 724 θυμόν.

283 730 344 782 τῷ
373 725 418 770 δ’
451 727 522 772 ἐπὶ
550 718 740 786 Παιήων
775 725 1036 784 ὀδυνηφάτα
1067 743 1281 782 φαρμακα
1310 727 1493 771 πάσσων

110 849 171 894 qui
197 854 251 883 ter
275 862 461 901 percussus
486 856 522 887 et
546 857 671 897 quarto
706 853 780 886 ictu
804 851 924 886 vulne-

111 902 208 930 ratus
235 904 306 937 est,
330 899 421 932 teste
447 899 600 933 Hesiodo
624 900 723 932 Scut.
743 899 787 932 H.
807 900 922 934 359—

111 943 212 983 367.;
246 943 327 977 item
360 945 544 990 Neptunus
569 945 696 988 (Pind.
725 945 782 978 Ol.
807 946 852 986 9,
877 942 923 979 43

111 987 262 1032 —47)‚
287 990 347 1034 qui
374 992 622 1036 Periclymeno,
649 990 751 1025 Nelei
768 990 852 1030 filio,
870 991 924 1024 fa-

111 1034 273 1069 cultatem
297 1035 396 1070 dedit
418 1037 558 1070 formam
576 1036 726 1071 mutandi
746 1016 923 1081 (Apollod.

112 1083 150 1122 1,
174 1083 217 1122 9,
243 1082 307 1125 9).
348 1087 469 1116 contra
495 1083 658 1117 Herculis
682 1083 800 1117 currui
822 1082 923 1116 insti-

110 1126 153 1160 tit
171 1106 347 1169 Minerva,
372 1128 439 1162 viri
465 1129 614 1172 fautrix,
650 1134 687 1162 ut
719 1134 841 1163 auctor
866 1133 920 1163 est

108 1172 224 1206 Schol.
251 1174 294 1208 ad
320 1153 365 1220 βξ,
388 1175 470 1210 336.
503 1175 547 1209 de
578 1175 714 1209 Junone
744 1176 814 1208 telo
840 1186 919 1221 per-

108 1229 207 1251 cussa
232 1225 437 1254 narraverat
462 1221 650 1266 Panyasis.
686 1233 720 1255 v.
745 1222 849 1257 Obss.
873 1221 916 1255 ad

106 1265 265 1346 ἓΡοΠοᾱ.
290 1266 313 1300 1.
340 1266 362 1300 l.
389 1278 424 1312 Ρ.
452 1269 529 1303 188.
556 1268 676 1301 ΕτΗ.
709 1267 753 1301 cf.
779 1279 855 1301 ann.
874 1267 918 1301 ad

129 1312 177 1345 06

151 1357 241 1412 393,
265 1356 299 1392 4.
347 1360 492 1403 τριγλ.
524 1361 621 1404 τρεῖς
637 1355 804 1416 ἀκιδας,”
786 1371 917 1404 εχοντι.

105 1401 282 1459 τριγώνῳ.
309 1402 375 1446 (δ’,
402 1406 565 1448 151.)-
591 1404 724 1450 ἆνήκ.
754 1404 919 1447 ἀνίατον,

105 1447 378 1492 ἀθεράπευτον.
403 1451 485 1484 Sch.
519 1452 563 1485 cf.
590 1464 668 1486 ann.
693 1452 738 1485 ad
762 1453 842 1488 398.

150 1496 240 1537 395,
266 1498 299 1531 6.
349 1495 398 1532 ἐν
421 1500 563 1532 τοῖσι.
600 1498 640 1533 ἐν
663 1496 831 1540 τούτοις,
863 1505 917 1531 in·-

104 1546 157 1575 ter
186 1542 266 1583 hos,
299 1543 366 1576 hoc
397 1543 499 1578 bello.
533 1563 578 1568 —
619 1545 722 1578 Sch..
759 1543 916 1585 ωύτός

104 1585 232 1643 οἷνήρ.
277 1586 296 1623 6
323 1588 442 1631 αύτὸς
465 1588 571 1635 ἀνήρ.
621 1590 849 1646 δισυλλάβως
874 1592 916 1626 δὲ

104 1631 370 1678 ἀναγνωστέον.
398 1637 520 1679 (semel
545 1638 670 1678 Hom„
696 1639 820 1682 passim
843 1638 914 1671 He·-

102 1680 261 1721 rodotus,
285 1681 372 1715 dixit
397 1680 536 1724 ωύτὸς,
561 1683 795 1718 contractione
822 1683 914 1717 Ιοηὶ-

102 1737 161 1768 ca,
198 1727 392 1771 spirituque
429 1734 572 1763 mutato.
618 1729 727 1763 simile
752 1734 805 1763 est
828 1727 915 1772 ὤρι-

103 1784 187 1812 στος
211 1772 252 1814 λ,
278 1775 358 1808 288.
404 1775 448 1808 cf.
473 1775 507 1808 H
539 1781 596 1816 et,
632 1787 718 1820 quos
742 1775 912 1818 laudavit,

102 1819 220 1864 Etym.
246 1825 280 1853 et
298 1821 449 1864 Gregor.
468 1821 720 1867 Cor.p.108.)
737 1841 783 1846 -
804 1821 881 1857 υξό
896 1835 913 1862 ς

103 1870 144 1899 Δ.
171 1865 257 1909 αἰγ.
282 1865 365 1899 Sch.
392 1867 435 1900 ad
461 1868 563 1902 392.·
568 1833 710 1909 ρπαῖς
728 1865 853 1912 ’.Αμφ
890 1865 910 1904 6

96 1906 290 1956 Ηρακλῆς.
344 1911 532 1968 εκοιτέραις
560 1910 631 1957 γὰρ
664 1916 912 1974 γενεαλογίαις

99 1960 204 1992 καλεῖ
224 1954 340 1993 αὐτὸν
368 1955 386 1993 6
413 1971 471 2001 π.,
509 1957 570 1995 ὁτὲ
605 1973 672 2004 μεν
705 1959 798 2002 Διὸς
827 1960 914 1996 υιὸν

99 2003 234 2048 λέγων,
260 2002 320 2040 ὁτὲ
346 2002 386 2039 δε
406 2002 691 2061 Ἀμφιτρύωνος.

145 2052 225 2086 397.
273 2048 322 2085 ἐν
359 2051 512 2098 Πύλῳ.
564 2053 598 2087 in
637 2053 755 2087 eadem
798 2064 912 2098 pugna

99 2107 172 2130 cum
197 2096 308 2131 Neleo
335 2098 378 2131 ad
403 2087 537 2143 Pylum.
576 2111 609 2133 v.
637 2099 791 2143 Apollod.
810 2102 852 2141 2,
877 2101 911 2141 7,

98 2143 133 2177 3.
159 2146 193 2176 et
217 2142 260 2176 de
284 2144 521 2178 consentiente
545 2145 635 2179 fama
653 2145 826 2186 Eleorum,
852 2158 911 2190 ap.

99 2199 186 2232 quos
209 2194 285 2222 erat
309 2191 472 2234 templum
497 2191 626 2231 Hadis,
653 2193 753 2225 Paus.
779 2191 814 2232 6,
839 2193 910 2233 253

98 2235 179 2268 item
204 2235 358 2268 Senecae
382 2237 486 2270 Herc.
503 2237 572 2271 fur.
589 2239 711 2273 560-
721 2239 804 2273 565.
828 2237 907 2271 Ari-

97 2281 256 2314 starchus
281 2287 393 2316 tamen
420 2288 456 2316 et
479 2282 536 2316 alii
555 2284 640 2317 hanc
654 2284 815 2317 Herculis
830 2295 907 2318 cum

97 2327 192 2360 Orco
218 2338 364 2371 pugnam
389 2329 432 2361 ad
444 2329 577 2362 inferos
593 2330 812 2372 transtulere,
833 2341 906 2363 cum

97 2371 178 2405 illuc
198 2372 433 2408 descendisset
454 2375 620 2409 Hercules
638 2376 825 2410 Cerberum
845 2376 906 2409 ab·

98 2417 256 2459 ductum,
283 2418 326 2453 de
349 2431 418 2464 quo
441 2420 495 2462 θ’,
514 2423 609 2463 367.,
633 2422 753 2456 vocab.
772 2433 907 2455 sumen-

97 2468 149 2498 tes
173 2464 223 2497 illi
246 2463 362 2505 πύλος
385 2477 447 2511 pro
477 2467 598 2512 πύλη,
632 2473 670 2501 ut
701 2468 839 2509 δείελος
872 2479 906 2512 Ρ.

97 2510 211 2554 δείλη,
239 2509 389 2556 εσπερος
414 2524 447 2558 Ρ.
465 2513 610 2556 ἑσπέρα,
635 2512 750 2558 μόρος
768 2526 803 2559 p.
823 2517 908 2558 μοῖ-

97 2568 156 2598 ρα.
198 2567 232 2590 v.
256 2557 336 2591 Sch.
361 2558 434 2599 br.‚
467 2559 597 2594 Scholl.
623 2560 672 2601 B,
709 2560 825 2602 Leid„
862 2561 905 2601 E,

95 2602 211 2638 Schol.
234 2602 378 2637 Pindari
403 2604 444 2638 ad
472 2605 529 2639 Ol.
554 2608 596 2648 9,
621 2585 679 2642 43’.
703 2611 738 2640 et
761 2608 832 2647 50.
859 2608 906 2640 Α-

96 2647 222 2702 polion.
251 2651 288 2690 1,
314 2650 416 2691 1350,
442 2651 557 2696 Etym.
583 2652 618 2685 in
643 2652 786 2698 αἴθρῳ,
806 2652 905 2686 Suid.

96 2694 131 2727 in
151 2692 265 2738 πύλῳ.
300 2696 575 2750 Agatharchides
595 2709 730 2744 quoque
743 2687 797 2733 de
819 2697 905 2732 mari

96 2740 199 2773 rubro
223 2751 257 2785 Ρ.
281 2741 354 2774 11.:
386 2739 451 2777 τὸν
476 2742 516 2778 δὲ
531 2742 644 2788 ’ᾍδην
677 2744 716 2781 ἐν
747 2739 775 2802 ᾦ
801 2743 903 2789 τόπῳ

95 2784 164 2830 τὴν
196 2786 382 2832 βασιλείαν
414 2786 528 2833 εἶχεν,
561 2789 675 2826 ἐκεῖσε
699 2787 772 2835 ὑφ’
793 2779 903 2834 ‘Hou-

94 2831 222 2872 κλέους
237 2831 463 2875 τοξευθέντα
480 2839 562 2878 ταῖς
583 2838 769 2882 μεγίσταις
794 2835 900 2882 αλγη-

96 2876 180 2914 δόσι
209 2881 428 2934 περιπεσεῖν.
475 2882 537 2916 sed
571 2883 729 2918 inaudita
751 2884 901 2917 Homero

95 2935 161 2959 vox
186 2929 240 2958 est
262 2920 282 2960 6
305 2923 442 2967 πύλος,
476 2939 539 2962 nec
574 2929 660 2964 alias
684 2928 831 2972 usitata,
868 2933 904 2964 et

95 2982 139 3005 ne
165 2969 285 3014 πύλην
316 2971 453 3028 quidem
477 2973 565 3008 dicit
588 2978 713 3019 poeta,
746 2975 806 3008 sed
830 2973 903 3011 πύ-

97 3020 182 3062 λας,
204 3016 324 3061 πύλας
346 3015 481 3062 ἀΐδαο,
515 3020 610 3056 velut
632 3021 724 3057 infra
748 3019 842 3066 646,
867 3019 904 3064 ι’,

947 1863 963 1875 ''
966 1867 1142 1909 Ολυμπον
1177 1863 1336 1909 ἔχουσιν.

969 852 1052 896 312,
1079 851 1208 897 Odyss.
1233 851 1275 895 ξ’,
1303 853 1370 889 156
1388 856 1453 887 etc.
1486 851 1594 896 igitur
1613 850 1781 891 νέκυες

970 898 991 931 h
1028 898 1050 931 l.
1084 909 1151 932 non
1179 903 1258 932 sunt
1291 899 1415 941 Inferi,
1449 899 1510 933 sed
1535 899 1627 932 caesi
1652 898 1687 931 in
1711 898 1778 931 isto

970 944 1100 989 proelio
1134 945 1225 990 apud
1258 945 1399 990 P)lum,
1433 955 1517 990 quos
1549 944 1641 978 inter
1664 944 1778 978 Orcus

971 995 1163 1034 prostratus
1196 1002 1272 1024 esse
1305 991 1434 1025 dicitur
1466 992 1509 1025 ab
1533 990 1705 1048 Hercule,
1738 994 1778 1024 ut

968 1037 1059 1070 infra
1077 1038 1156 1071 885.
1181 1037 1225 1071 de
1249 1048 1288 1070 se
1310 1037 1399 1095 ipse
1412 1037 1527 1071 Marst
1554 1032 1576 1082 ἦ
1595 1035 1634 1072 τέ
1651 1049 1690 1072 κε
1711 1036 1778 1080 δη·

968 1081 1035 1126 ρὸν
1059 1081 1182 1118 Αύτοῦ
1210 1081 1353 1141 πήματ’
1381 1081 1541 1129 ἔπασχον
1566 1081 1605 1118 ἐν
1631 1084 1779 1129 αἰνῇσιν

965 1126 1167 1164 νεκάδεσσι.
1198 1148 1236 1152 -
1273 1128 1346 1172 (ἐν
1370 1142 1464 1165 νεκ.
1492 1128 1658 1184 βαλών.
1692 1135 1778 1163 tme-

966 1175 1051 1229 sis.)
1087 1195 1132 1200 —
1173 1173 1238 1211 66.
1265 1174 1326 1211 5¹6.
1361 1180 1462 1210 vetus
1496 1175 1633 1210 dicendi
1666 1176 1777 1209 forma

965 1221 1066 1255 etiam
1091 1233 1146 1266 ap.
1172 1221 1295 1262 Pind.,
1329 1222 1610 1267 quemadmodum
1643 1226 1679 1256 et
1710 1222 1777 1255 La-

964 1267 1027 1301 tini
1055 1269 1139 1301 haec
1163 1272 1200 1301 et
1223 1267 1345 1301 similia
1367 1268 1485 1301 dicunt
1511 1269 1598 1302 dare
1624 1268 1775 1313 aliquem

964 1314 1051 1354 leto,
1070 1317 1198 1358 jugae.
1223 1314 1254 1346 E
1275 1314 1306 1347 K
1328 1319 1364 1347 et
1382 1314 1429 1348 Η.

1010 1338 1089 1394 398.
1136 1371 1219 1393 sane
1238 1359 1357 1393 mirum
1380 1364 1444 1401 est,
1468 1359 1660 1394 Inferorum
1676 1359 1776 1393 deum

965 1404 1092 1439 abiisse
1121 1405 1191 1438 dici
1224 1405 1267 1440 ad
1301 1406 1507 1451 Olympum,
1540 1405 1574 1439 in
1606 1416 1674 1450 quo
1706 1416 1775 1440 non
1810 1407 1811 1436 ἐ

963 1451 1052 1485 solet
1076 1450 1229 1492 versari3
1252 1451 1312 1485 sed
1327 1452 1493 1486 Paeeonis
1513 1463 1615 1486 causa
1626 1464 1674 1486 eo
1693 1462 1775 1496 pro-

963 1497 1132 1531 ficiscitur
1166 1498 1366 1531 vulneratus
1414 1498 1486 1541 (cf.
1520 1498 1663 1533 inferius
1694 1500 1774 1534 899.
1809 1507 1811 1525 ³

963 1544 1101 1588 seqq),
1126 1555 1260 1588 quoque
1280 1543 1314 1576 id
1334 1548 1387 1577 est
1405 1544 1618 1585 insolentius,
1644 1555 1685 1578 eo
1702 1555 1774 1578 ma-

957 1590 1066 1633 jorem
1086 1601 1162 1623 eum
1181 1601 1221 1623 ex
1246 1589 1387 1623 vulnere
1414 1590 1564 1624 dolorem
1592 1589 1774 1634 concepis-

961 1647 1019 1677 se,
1044 1640 1081 1668 ut
1106 1648 1173 1680 quo
1199 1635 1318 1669 dolore
1343 1636 1387 1669 de
1409 1642 1503 1670 statu
1523 1636 1678 1679 dejectus
1694 1636 1773 1669 fue-

959 1681 1018 1723 rit,
1043 1681 1227 1725 intelligas.
1263 1693 1405 1726 prorsus
1422 1688 1535 1716 autem
1554 1681 1687 1716 ferendi
1703 1692 1772 1716 non

958 1732 1039 1761 sunt
1063 1739 1184 1761 versus
1208 1726 1287 1763 403.
1314 1733 1348 1761 et
1373 1727 1475 1769 404.
1500 1728 1566 1762 nisi
1591 1727 1694 1761 alium
1723 1727 1772 1761 il-

958 1773 999 1806 lis
1029 1773 1138 1807 locum
1171 1773 1340 1818 aptiorem
1374 1774 1621 1808 invenerimus:
1657 1785 1771 1819 neque

958 1819 1044 1852 enim
1071 1819 1170 1853 Pluto
1195 1820 1411 1854 annumerari
1434 1826 1550 1865 potest
1570 1822 1698 1863 θεοῖς,
1731 1818 1771 1855 οἳ

1403 1867 1466 1900 hos
1497 1866 1616 1921 itaque
1648 1876 1771 1900 versus

959 1917 1037 1957 post
1060 1912 1140 1947 394.
1175 1911 1375 1945 inserendos
1407 1923 1484 1947 esse
1507 1912 1676 1954 arbitror,
1713 1918 1770 1947 to·

960 1963 1100 2002 tumque
1123 1958 1228 1991 istum
1252 1958 1363 1992 locum
1386 1958 1437 1992 ita
1456 1959 1626 1993 scribam
1650 1959 1716 2016 τλῆ
1731 1956 1766 1994 δ’

949 2001 1046 2048 ’Ἡρη
1070 2024 1116 2028 -
1142 2002 1315 2062 Βεβλήκει
1338 2004 1439 2047 (τότε
1461 2006 1526 2040 καί
1548 2018 1613 2050 μιν
1635 2004 1768 2051 ἀνηκε-

958 2061 1046 2085 στον
1068 2048 1180 2096 λάβεν
1205 2049 1360 2095 ἄλγος)·
1384 2049 1569 2096 Σχέτλιος,
1593 2071 1638 2076 -
1662 2050 1768 2096 ἔχου-

958 2109 1026 2132 σιν
1075 2102 1222 2141 apparet
1251 2097 1308 2130 hic
1333 2108 1468 2142 quoque
1493 2109 1620 2143 pravus
1643 2098 1767 2132 multo-

956 2154 1029 2177 rum
1054 2143 1133 2176 olim
1156 2153 1228 2176 mos
1253 2142 1492 2185 librariorum,
1524 2144 1582 2188 qui
1611 2144 1702 2178 forte
1727 2155 1767 2179 ο·

955 2189 1056 2222 missa
1079 2200 1143 2221 non
1168 2199 1229 2221 suo
1254 2188 1329 2222 loco
1355 2187 1628 2224 adscribebant
1617 2201 1653 2223 in
1673 2201 1766 2224 mar-

955 2235 1035 2279 gine
1060 2233 1160 2274 libri,
1185 2233 1279 2267 sed
1271 2245 1306 2266 ln
1330 2233 1405 2278 ipso
1430 2236 1552 2270 ordine
1576 2237 1763 2281 ponebant,

953 2280 1052 2325 quasi
1077 2280 1161 2313 nihil
1185 2280 1391 2314 infuscatum
1416 2286 1528 2324 esset,
1559 2294 1604 2316 ne
1633 2293 1764 2327 poenas

953 2327 1076 2361 darent
1098 2325 1326 2360 oscitationis.

998 2374 1077 2408 399.
1127 2371 1176 2406 sic
1192 2371 1520 2429 interpungendum
1555 2377 1620 2410 est.
1675 2373 1763 2410 male

952 2419 1071 2454 codd.·
1096 2419 1164 2463 κῆρ
1178 2416 1304 2462 ἀχέων,
1317 2415 1474 2465 ὀδύνησι
1491 2432 1574 2456 πεπ.
1588 2439 1632 2445 -
1651 2432 1762 2462 πει,

949 2477 1133 2510 percussus
1156 2464 1296 2508 sagitta.

998 2512 1086 2552 400,
1111 2510 1191 2546 401.
1241 2512 1358 2557 στιβ.
1390 2512 1538 2548 robusto.
1572 2512 1660 2557 Ap.=
1685 2522 1762 2548 στι-

951 2559 1097 2603 βαραῖς.
1131 2557 1310 2611 ἰσχυραῖς.
1345 2558 1485 2613 proprie
1507 2553 1684 2613 στιβαρόν
1707 2562 1762 2593 est

951 2604 1000 2646 id,
1024 2603 1113 2649 quod
1134 2602 1260 2637 calcari
1284 2603 1359 2638 sive
1378 2605 1433 2638 cui
1452 2604 1563 2638 insisti
1584 2608 1661 2638 tuto
1680 2609 1761 2649 pot-
1790 2627 1792 2645 =

951 2656 1016 2685 est.
1053 2650 1177 2693 κῆδε.
1210 2646 1347 2692 ἐλύπει,
1373 2647 1474 2694 η’νια,
1499 2648 1647 2686 ἐκάκου.
1680 2649 1758 2687 ἐπὶ
1790 2657 1792 2663 ’

950 2695 1228 2732 -πάσσων,
1273 2695 1317 2737 δ’,
1341 2698 1432 2738 Ξ18,
1457 2698 1491 2732 9.
1543 2693 1758 2741 Παιήων.

950 2739 969 2778 6
995 2744 1070 2778 τῶν
1094 2743 1196 2777 θεῶν
1220 2738 1358 2785 ἰατρός.
1382 2743 1682 2785 (commemoratur
1700 2742 1758 2777 hic

950 2788 1034 2823 deus
1067 2788 1166 2822 etiam
1199 2798 1219 2820 a
1255 2788 1406 2821 Pindaro
1445 2795 1551 2833 atque
1584 2788 1757 2832 Aeschylo

949 2838 1013 2878 Ag.
1041 2836 1129 2878 139„
1154 2844 1346 2878 quanquam
1371 2834 1436 2868 boc
1461 2835 1598 2879 quidem
1614 2834 1714 2869 loco
1704 2845 1759 2868 m-

948 2881 1060 2937 telligi
1085 2884 1199 2936 potest
1221 2879 1343 2935 Apollo
1366 2879 1528 2916 medicus.
1560 2882 1646 2926 Ap..
1638 2892 1647 2902 ·
1669 2891 1758 2915 παι-

950 2925 1059 2982 λονα.
1098 2939 1187 2961 ποτε
1210 2923 1277 2969 μὲν
1298 2925 1364 2962 τὸν
1387 2925 1582 2971 λεγόμενον
1603 2926 1757 2967 παιᾶνα,

950 2985 1070 3017 υμνον
1106 2973 1158 3013 εἰς
1186 2969 1395 3007 Ἀπόλλωνα
1435 2971 1495 3008 ἐπι
1536 2970 1757 3031 παραιτήσει

949 3021 1089 3065 λοιμῶν
1111 3014 1134 3065 ἠ
1159 3017 1322 3055 στάσεων
1344 3016 1413 3064 (α’,
1437 3018 1558 3064 473.)·
1591 3017 1681 3058 ποτὲ
1714 3017 1757 3058 δὲ
1781 3044 1785 3059 .
