<?xml version="1.0" encoding="UTF-8"?>
<!DOCTYPE html PUBLIC "-//W3C//DTD XHTML 1.0 Transitional//EN"
    "http://www.w3.org/TR/xhtml1/DTD/xhtml1-transitional.dtd">
<html xmlns="http://www.w3.org/1999/xhtml" xml:lang="en" lang="en">
 <head>
  <title>
</title>
<meta http-equiv="Content-Type" content="text/html;charset=utf-8" />
  <meta name='ocr-system' content='tesseract 3.04.00' />
  <meta name='ocr-capabilities' content='ocr_page ocr_carea ocr_par ocr_line ocrx_word'/>
</head>
<body>
  <div class='ocr_page' id='page_1' title='image "./carmina01home/carmina01home_0080.png"; bbox 0 0 1811 3269; ppageno 0'>
   <div class='ocr_carea' id='block_1_1' title="bbox 120 179 345 275">
    <p class='ocr_par' dir='ltr' id='par_1_1' title="bbox 120 179 345 275">
     <span class='ocr_line' id='line_1_1' title="bbox 120 179 177 219; baseline 0 0"><span class='ocrx_word' id='word_1_1' title='bbox 120 179 177 219; x_wconf 83' lang='lat'>66</span> 
     </span>
     <span class='ocr_line' id='line_1_2' title="bbox 310 243 345 275; baseline 0 0"><span class='ocrx_word' id='word_1_2' title='bbox 310 243 345 275; x_wconf 67' lang='lat' dir='ltr'>‘h</span> 
     </span>
    </p>
   </div>
   <div class='ocr_carea' id='block_1_2' title="bbox 748 180 1158 223">
    <p class='ocr_par' dir='ltr' id='par_1_2' title="bbox 748 180 1158 223">
     <span class='ocr_line' id='line_1_3' title="bbox 748 180 1158 223; baseline 0.005 -2"><span class='ocrx_word' id='word_1_3' title='bbox 748 180 1158 223; x_wconf 73' lang='grc' dir='ltr'><em>ΟΜΗΡΟΥ</em></span> 
     </span>
    </p>
   </div>
   <div class='ocr_carea' id='block_1_3' title="bbox 1544 217 1557 261">
    <p class='ocr_par' dir='ltr' id='par_1_3' title="bbox 1544 217 1557 261">
     <span class='ocr_line' id='line_1_4' title="bbox 1544 217 1557 261; baseline 0 0"><span class='ocrx_word' id='word_1_4' title='bbox 1544 217 1557 261; x_wconf 51' lang='lat' dir='ltr'>X</span> 
     </span>
    </p>
   </div>
   <div class='ocr_carea' id='block_1_4' title="bbox 175 282 1721 589">
    <p class='ocr_par' dir='ltr' id='par_1_4' title="bbox 175 282 1721 574">
     <span class='ocr_line' id='line_1_5' title="bbox 288 282 1596 347; baseline 0.007 -17"><span class='ocrx_word' id='word_1_5' title='bbox 288 282 435 343; x_wconf 50' lang='lat'>&amp;1369</span> <span class='ocrx_word' id='word_1_6' title='bbox 463 288 541 346; x_wconf 73' lang='grc' dir='ltr'>ἒβη</span> <span class='ocrx_word' id='word_1_7' title='bbox 568 288 680 333; x_wconf 80' lang='grc' dir='ltr'><strong><em>κατὰ</em></strong></span> <span class='ocrx_word' id='word_1_8' title='bbox 711 290 864 347; x_wconf 87' lang='grc' dir='ltr'><strong><em>δαῖτα,</em></strong></span> <span class='ocrx_word' id='word_1_9' title='bbox 892 290 993 334; x_wconf 83' lang='grc' dir='ltr'><strong><em>θεοὶ</em></strong></span> <span class='ocrx_word' id='word_1_10' title='bbox 1023 287 1069 334; x_wconf 87' lang='grc' dir='ltr'>δ’</span> <span class='ocrx_word' id='word_1_11' title='bbox 1099 291 1192 347; x_wconf 76' lang='grc' dir='ltr'><strong><em>ἅμα</em></strong></span> <span class='ocrx_word' id='word_1_12' title='bbox 1222 291 1383 344; x_wconf 76' lang='grc' dir='ltr'><strong><em>πάντες</em></strong></span> <span class='ocrx_word' id='word_1_13' title='bbox 1416 292 1596 339; x_wconf 80' lang='grc' dir='ltr'><strong><em>ἕποντο·</em></strong></span> 
     </span>
     <span class='ocr_line' id='line_1_6' title="bbox 175 306 1430 420; baseline 0.006 -33"><span class='ocrx_word' id='word_1_14' title='bbox 175 344 259 387; x_wconf 83' lang='grc'>425</span> <span class='ocrx_word' id='word_1_15' title='bbox 289 306 541 416; x_wconf 76' lang='grc' dir='ltr'><strong><em>δωδεκάτῃη</em></strong></span> <span class='ocrx_word' id='word_1_16' title='bbox 544 345 591 389; x_wconf 84' lang='grc' dir='ltr'>δέ</span> <span class='ocrx_word' id='word_1_17' title='bbox 620 362 688 389; x_wconf 90' lang='grc' dir='ltr'>τοι</span> <span class='ocrx_word' id='word_1_18' title='bbox 719 348 845 397; x_wconf 88' lang='grc' dir='ltr'>αὐτις</span> <span class='ocrx_word' id='word_1_19' title='bbox 873 346 1091 391; x_wconf 75' lang='grc' dir='ltr'><strong><em>ἐλεύσεται</em></strong></span> <span class='ocrx_word' id='word_1_20' title='bbox 1122 348 1430 420; x_wconf 80' lang='grc' dir='ltr'><strong><em>Οὔλυμπόνδε·</em></strong></span> 
     </span>
     <span class='ocr_line' id='line_1_7' title="bbox 289 400 1721 479; baseline 0.007 -36"><span class='ocrx_word' id='word_1_21' title='bbox 289 401 363 444; x_wconf 83' lang='grc' dir='ltr'><strong><em>καὶ</em></strong></span> <span class='ocrx_word' id='word_1_22' title='bbox 392 400 481 444; x_wconf 88' lang='grc' dir='ltr'><strong><em>τότ’</em></strong></span> <span class='ocrx_word' id='word_1_23' title='bbox 513 401 657 445; x_wconf 65' lang='grc' dir='ltr'>ἔπειτά</span> <span class='ocrx_word' id='word_1_24' title='bbox 685 419 754 446; x_wconf 88' lang='grc' dir='ltr'>τοι</span> <span class='ocrx_word' id='word_1_25' title='bbox 783 409 872 459; x_wconf 83' lang='grc' dir='ltr'>εἰμι</span> <span class='ocrx_word' id='word_1_26' title='bbox 898 403 1010 455; x_wconf 82' lang='grc' dir='ltr'>Διὸς</span> <span class='ocrx_word' id='word_1_27' title='bbox 1039 405 1140 448; x_wconf 82' lang='grc' dir='ltr'><strong><em>ποτὶ</em></strong></span> <span class='ocrx_word' id='word_1_28' title='bbox 1172 407 1437 479; x_wconf 81' lang='grc' dir='ltr'><strong><em>χαλκοβατὲς</em></strong></span> <span class='ocrx_word' id='word_1_29' title='bbox 1467 409 1546 460; x_wconf 86' lang='grc' dir='ltr'>δω,</span> <span class='ocrx_word' id='word_1_30' title='bbox 1666 460 1668 462; x_wconf 34' lang='lat'>,</span> <span class='ocrx_word' id='word_1_31' title='bbox 1698 414 1721 442; x_wconf 68' lang='lat' dir='ltr'><em>s</em></span> 
     </span>
     <span class='ocr_line' id='line_1_8' title="bbox 257 456 1699 527; baseline 0.005 -26"><span class='ocrx_word' id='word_1_32' title='bbox 257 457 364 501; x_wconf 84' lang='grc' dir='ltr'><strong><em>*καί</em></strong></span> <span class='ocrx_word' id='word_1_33' title='bbox 392 475 472 527; x_wconf 88' lang='grc' dir='ltr'>μιν</span> <span class='ocrx_word' id='word_1_34' title='bbox 495 458 791 513; x_wconf 79' lang='grc' dir='ltr'>γουνάσομαι,</span> <span class='ocrx_word' id='word_1_35' title='bbox 822 462 897 505; x_wconf 84' lang='grc' dir='ltr'><strong><em>καί</em></strong></span> <span class='ocrx_word' id='word_1_36' title='bbox 924 477 1000 515; x_wconf 88' lang='grc' dir='ltr'>μιν</span> <span class='ocrx_word' id='word_1_37' title='bbox 1029 456 1333 506; x_wconf 57' lang='lat' dir='ltr'>nsioeeaaf&#39;*</span> <span class='ocrx_word' id='word_1_38' title='bbox 1285 468 1378 506; x_wconf 77' lang='grc' dir='ltr'>οιῶ.</span> <span class='ocrx_word' id='word_1_39' title='bbox 1392 469 1419 489; x_wconf 82' lang='grc'>“</span> <span class='ocrx_word' id='word_1_40' title='bbox 1695 467 1699 470; x_wconf 84' lang='grc'>’</span> 
     </span>
     <span class='ocr_line' id='line_1_9' title="bbox 323 513 1605 589; baseline 0.006 -33.146"><span class='ocrx_word' id='word_1_41' title='bbox 323 513 413 565; x_wconf 77' lang='grc' dir='ltr'>“Ως</span> <span class='ocrx_word' id='word_1_42' title='bbox 443 514 532 569; x_wconf 86' lang='grc' dir='ltr'><strong><em>α’ρα</em></strong></span> <span class='ocrx_word' id='word_1_43' title='bbox 567 515 801 571; x_wconf 83' lang='grc' dir='ltr'><strong><em>φωνήσασ’</em></strong></span> <span class='ocrx_word' id='word_1_44' title='bbox 833 516 1108 589; x_wconf 74' lang='grc' dir='ltr'><strong><em>ἅπεβήσατο·</em></strong></span> <span class='ocrx_word' id='word_1_45' title='bbox 1140 518 1217 561; x_wconf 91' lang='grc' dir='ltr'>τὸν</span> <span class='ocrx_word' id='word_1_46' title='bbox 1247 517 1288 562; x_wconf 88' lang='grc' dir='ltr'>δ’</span> <span class='ocrx_word' id='word_1_47' title='bbox 1319 517 1429 564; x_wconf 66' lang='grc' dir='ltr'>ἕλικ’</span> <span class='ocrx_word' id='word_1_48' title='bbox 1466 518 1605 564; x_wconf 79' lang='grc' dir='ltr'><strong><em>αὐτοῦ</em></strong></span> 
     </span>
    </p>
   </div>
   <div class='ocr_carea' id='block_1_5' title="bbox 286 570 1326 631">
    <p class='ocr_par' dir='ltr' id='par_1_5' title="bbox 286 570 1326 631">
     <span class='ocr_line' id='line_1_10' title="bbox 286 570 1326 631; baseline 0.007 -18"><span class='ocrx_word' id='word_1_49' title='bbox 286 570 511 626; x_wconf 83' lang='grc' dir='ltr'><strong><em>χωόμενον</em></strong></span> <span class='ocrx_word' id='word_1_50' title='bbox 539 572 650 615; x_wconf 82' lang='grc' dir='ltr'><strong><em>κατὰ</em></strong></span> <span class='ocrx_word' id='word_1_51' title='bbox 680 573 830 628; x_wconf 81' lang='grc' dir='ltr'><strong><em>θυμὸν</em></strong></span> <span class='ocrx_word' id='word_1_52' title='bbox 858 574 1070 627; x_wconf 73' lang='grc' dir='ltr'><strong><em>ἐϋζώνοιο</em></strong></span> <span class='ocrx_word' id='word_1_53' title='bbox 1099 573 1326 631; x_wconf 73' lang='grc' dir='ltr'><strong><em>γυναικὸς,</em></strong></span> 
     </span>
    </p>
   </div>
   <div class='ocr_carea' id='block_1_6' title="bbox 1370 592 1488 635">
    <p class='ocr_par' dir='ltr' id='par_1_6' title="bbox 1370 592 1488 635">
     <span class='ocr_line' id='line_1_11' title="bbox 1370 592 1488 635; baseline -0.03 -3.424"><span class='ocrx_word' id='word_1_54' title='bbox 1370 592 1488 635; x_wconf 49' lang='grc' dir='ltr'>ιιι]</span> 
     </span>
    </p>
   </div>
   <div class='ocr_carea' id='block_1_7' title="bbox 174 626 1780 766">
    <p class='ocr_par' dir='ltr' id='par_1_7' title="bbox 174 626 1780 745">
     <span class='ocr_line' id='line_1_12' title="bbox 174 626 1780 696; baseline 0.006 -28"><span class='ocrx_word' id='word_1_55' title='bbox 174 628 257 672; x_wconf 87' lang='grc'>430</span> <span class='ocrx_word' id='word_1_56' title='bbox 287 627 366 684; x_wconf 82' lang='grc' dir='ltr'>τήν</span> <span class='ocrx_word' id='word_1_57' title='bbox 399 628 455 683; x_wconf 78' lang='grc' dir='ltr'><strong><em>ῥα</em></strong></span> <span class='ocrx_word' id='word_1_58' title='bbox 484 629 558 685; x_wconf 84' lang='grc' dir='ltr'>βίῃ</span> <span class='ocrx_word' id='word_1_59' title='bbox 589 626 796 683; x_wconf 75' lang='grc' dir='ltr'><strong><em>ἀέκοντος</em></strong></span> <span class='ocrx_word' id='word_1_60' title='bbox 829 628 1054 687; x_wconf 72' lang='grc' dir='ltr'>ἀπηύρων.</span> <span class='ocrx_word' id='word_1_61' title='bbox 1081 661 1133 691; x_wconf 60' lang='lat' dir='ltr'><em>f</em></span> <span class='ocrx_word' id='word_1_62' title='bbox 1717 638 1780 696; x_wconf 15' lang='grc' dir='ltr'>,ἐν</span> 
     </span>
     <span class='ocr_line' id='line_1_13' title="bbox 335 670 1604 766; baseline 0.006 -38"><span class='ocrx_word' id='word_1_63' title='bbox 335 695 466 730; x_wconf 89' lang='lat' dir='ltr'>domum</span> <span class='ocrx_word' id='word_1_64' title='bbox 490 696 667 766; x_wconf 80' lang='lat' dir='ltr'>reducitur</span> <span class='ocrx_word' id='word_1_65' title='bbox 690 697 785 745; x_wconf 75' lang='lat' dir='ltr'>Chr)</span> <span class='ocrx_word' id='word_1_66' title='bbox 789 700 880 742; x_wconf 82' lang='lat' dir='ltr'>seis,</span> <span class='ocrx_word' id='word_1_67' title='bbox 902 697 1131 743; x_wconf 75' lang='lat' dir='ltr'>mactatisque</span> <span class='ocrx_word' id='word_1_68' title='bbox 1153 696 1278 732; x_wconf 70' lang='lat' dir='ltr'>hostiis</span> <span class='ocrx_word' id='word_1_69' title='bbox 1301 670 1476 758; x_wconf 74' lang='lat' dir='ltr'>expiatur</span> <span class='ocrx_word' id='word_1_70' title='bbox 1477 700 1604 735; x_wconf 83' lang='lat' dir='ltr'>scelus.</span> 
     </span>
    </p>
   </div>
   <div class='ocr_carea' id='block_1_8' title="bbox 1082 741 1504 798">
    <p class='ocr_par' dir='ltr' id='par_1_8' title="bbox 1082 741 1504 798">
     <span class='ocr_line' id='line_1_14' title="bbox 1082 741 1504 798; baseline 0.007 -12"><span class='ocrx_word' id='word_1_71' title='bbox 1082 741 1236 798; x_wconf 81' lang='grc' dir='ltr'><strong><em>Αὐτὰρ</em></strong></span> <span class='ocrx_word' id='word_1_72' title='bbox 1270 741 1504 796; x_wconf 80' lang='grc' dir='ltr'><strong><em>Ὀδυσσεὺς</em></strong></span> 
     </span>
    </p>
   </div>
   <div class='ocr_carea' id='block_1_9' title="bbox 283 786 1464 915">
    <p class='ocr_par' dir='ltr' id='par_1_9' title="bbox 283 786 1464 915">
     <span class='ocr_line' id='line_1_15' title="bbox 283 786 1333 872; baseline 0.003 -32"><span class='ocrx_word' id='word_1_73' title='bbox 283 796 328 846; x_wconf 81' lang='grc' dir='ltr'>ἐς</span> <span class='ocrx_word' id='word_1_74' title='bbox 358 794 538 869; x_wconf 81' lang='grc' dir='ltr'><strong><em>Χρύσην</em></strong></span> <span class='ocrx_word' id='word_1_75' title='bbox 570 786 742 851; x_wconf 67' lang='grc' dir='ltr'><strong><em>ἵκανεν,</em></strong></span> <span class='ocrx_word' id='word_1_76' title='bbox 773 800 894 857; x_wconf 77' lang='grc' dir='ltr'><strong><em>ἄγων</em></strong></span> <span class='ocrx_word' id='word_1_77' title='bbox 924 800 1046 857; x_wconf 81' lang='grc' dir='ltr'><strong><em>ἱερὴν</em></strong></span> <span class='ocrx_word' id='word_1_78' title='bbox 1074 800 1333 872; x_wconf 80' lang='grc' dir='ltr'><strong><em>ἑκατόμβην.</em></strong></span> 
     </span>
     <span class='ocr_line' id='line_1_16' title="bbox 284 853 1464 915; baseline 0.004 -18"><span class='ocrx_word' id='word_1_79' title='bbox 284 854 331 897; x_wconf 84' lang='grc' dir='ltr'><strong><em>οἷ</em></strong></span> <span class='ocrx_word' id='word_1_80' title='bbox 357 853 402 898; x_wconf 89' lang='grc' dir='ltr'>δ’</span> <span class='ocrx_word' id='word_1_81' title='bbox 434 853 506 898; x_wconf 81' lang='grc' dir='ltr'>ὅτε</span> <span class='ocrx_word' id='word_1_82' title='bbox 536 856 604 912; x_wconf 81' lang='grc' dir='ltr'>δη</span> <span class='ocrx_word' id='word_1_83' title='bbox 615 855 794 914; x_wconf 76' lang='grc' dir='ltr'><strong><em>λιμένος</em></strong></span> <span class='ocrx_word' id='word_1_84' title='bbox 819 857 1118 915; x_wconf 79' lang='grc' dir='ltr'><strong><em>πολυβενθέος</em></strong></span> <span class='ocrx_word' id='word_1_85' title='bbox 1142 857 1268 909; x_wconf 80' lang='grc' dir='ltr'><strong><em>ἐντός</em></strong></span> <span class='ocrx_word' id='word_1_86' title='bbox 1296 858 1464 910; x_wconf 86' lang='grc' dir='ltr'><strong><em>ι’κοντο,</em></strong></span> 
     </span>
    </p>
   </div>
   <div class='ocr_carea' id='block_1_10' title="bbox 103 957 932 3080">
    <p class='ocr_par' dir='ltr' id='par_1_10' title="bbox 103 957 932 2650">
     <span class='ocr_line' id='line_1_17' title="bbox 114 957 927 1003; baseline 0.009 -14"><span class='ocrx_word' id='word_1_87' title='bbox 114 967 255 990; x_wconf 86' lang='lat' dir='ltr'>necesse</span> <span class='ocrx_word' id='word_1_88' title='bbox 286 959 359 997; x_wconf 86' lang='lat' dir='ltr'>est;</span> <span class='ocrx_word' id='word_1_89' title='bbox 401 957 494 1003; x_wconf 89' lang='lat' dir='ltr'>quod</span> <span class='ocrx_word' id='word_1_90' title='bbox 540 970 673 994; x_wconf 89' lang='lat' dir='ltr'>sacrum</span> <span class='ocrx_word' id='word_1_91' title='bbox 706 971 768 995; x_wconf 87' lang='lat' dir='ltr'>seu</span> <span class='ocrx_word' id='word_1_92' title='bbox 802 961 927 996; x_wconf 84' lang='lat' dir='ltr'>festum</span> 
     </span>
     <span class='ocr_line' id='line_1_18' title="bbox 113 1002 926 1051; baseline 0.009 -17"><span class='ocrx_word' id='word_1_93' title='bbox 113 1002 213 1047; x_wconf 84' lang='lat' dir='ltr'>quale</span> <span class='ocrx_word' id='word_1_94' title='bbox 260 1002 400 1044; x_wconf 87' lang='lat' dir='ltr'>fuerit,</span> <span class='ocrx_word' id='word_1_95' title='bbox 444 1003 610 1039; x_wconf 81' lang='lat' dir='ltr'>curiosius</span> <span class='ocrx_word' id='word_1_96' title='bbox 649 1006 926 1051; x_wconf 80' lang='lat' dir='ltr'>inquisiv3erunt</span> 
     </span>
     <span class='ocr_line' id='line_1_19' title="bbox 114 1047 926 1097; baseline 0.009 -17"><span class='ocrx_word' id='word_1_97' title='bbox 114 1047 251 1092; x_wconf 80' lang='lat' dir='ltr'>quidam</span> <span class='ocrx_word' id='word_1_98' title='bbox 279 1048 490 1092; x_wconf 71' lang='grc' dir='ltr'><strong><em>ἱστορικαῖς,</em></strong></span> <span class='ocrx_word' id='word_1_99' title='bbox 523 1056 563 1084; x_wconf 86' lang='lat' dir='ltr'>ut</span> <span class='ocrx_word' id='word_1_100' title='bbox 594 1051 643 1085; x_wconf 85' lang='lat' dir='ltr'>ait</span> <span class='ocrx_word' id='word_1_101' title='bbox 668 1052 720 1093; x_wconf 86' lang='lat' dir='ltr'>E,</span> <span class='ocrx_word' id='word_1_102' title='bbox 746 1053 804 1097; x_wconf 89' lang='lat' dir='ltr'>qui</span> <span class='ocrx_word' id='word_1_103' title='bbox 828 1054 926 1087; x_wconf 87' lang='lat' dir='ltr'>Jovis</span> 
     </span>
     <span class='ocr_line' id='line_1_20' title="bbox 113 1093 925 1153; baseline 0.01 -26"><span class='ocrx_word' id='word_1_104' title='bbox 113 1093 239 1128; x_wconf 85' lang='lat' dir='ltr'>festum</span> <span class='ocrx_word' id='word_1_105' title='bbox 262 1094 535 1153; x_wconf 67' lang='lat' dir='ltr'>Diospplitanum</span> <span class='ocrx_word' id='word_1_106' title='bbox 560 1097 831 1152; x_wconf 73' lang='lat' dir='ltr'>intelligebant,</span> <span class='ocrx_word' id='word_1_107' title='bbox 864 1099 925 1135; x_wconf 85' lang='grc' dir='ltr'><strong><em>λε’-</em></strong></span> 
     </span>
     <span class='ocr_line' id='line_1_21' title="bbox 111 1137 925 1197; baseline 0.009 -23"><span class='ocrx_word' id='word_1_108' title='bbox 111 1152 238 1197; x_wconf 74' lang='grc' dir='ltr'><strong><em>γοντες</em></strong></span> <span class='ocrx_word' id='word_1_109' title='bbox 272 1137 330 1176; x_wconf 77' lang='grc' dir='ltr'>ὅτι</span> <span class='ocrx_word' id='word_1_110' title='bbox 363 1140 402 1177; x_wconf 79' lang='grc' dir='ltr'>ἐν</span> <span class='ocrx_word' id='word_1_111' title='bbox 427 1142 625 1179; x_wconf 82' lang='grc' dir='ltr'>Διοσπόλει</span> <span class='ocrx_word' id='word_1_112' title='bbox 655 1143 824 1189; x_wconf 77' lang='grc' dir='ltr'><strong><em>μέγιστόν</em></strong></span> <span class='ocrx_word' id='word_1_113' title='bbox 849 1145 925 1181; x_wconf 74' lang='grc' dir='ltr'>ἐστι</span> 
     </span>
     <span class='ocr_line' id='line_1_22' title="bbox 112 1184 924 1245; baseline 0.01 -25"><span class='ocrx_word' id='word_1_114' title='bbox 112 1185 206 1227; x_wconf 85' lang='grc' dir='ltr'>Διὸς</span> <span class='ocrx_word' id='word_1_115' title='bbox 229 1186 347 1230; x_wconf 72' lang='grc' dir='ltr'><strong><em>ἱερὸν,</em></strong></span> <span class='ocrx_word' id='word_1_116' title='bbox 374 1184 447 1232; x_wconf 78' lang='grc' dir='ltr'><strong><em>αφ’</em></strong></span> <span class='ocrx_word' id='word_1_117' title='bbox 473 1189 518 1224; x_wconf 77' lang='grc' dir='ltr'><strong><em>οὐ</em></strong></span> <span class='ocrx_word' id='word_1_118' title='bbox 537 1189 718 1245; x_wconf 82' lang='grc' dir='ltr'><strong><em>λαβόντες</em></strong></span> <span class='ocrx_word' id='word_1_119' title='bbox 743 1193 924 1233; x_wconf 81' lang='grc' dir='ltr'><strong><em>Αἰθίοπες</em></strong></span> 
     </span>
     <span class='ocr_line' id='line_1_23' title="bbox 112 1232 922 1291; baseline 0.01 -25"><span class='ocrx_word' id='word_1_120' title='bbox 112 1234 194 1275; x_wconf 86' lang='lat' dir='ltr'>(imo</span> <span class='ocrx_word' id='word_1_121' title='bbox 230 1232 452 1289; x_wconf 79' lang='grc' dir='ltr'>Αἰγύπτιοι)</span> <span class='ocrx_word' id='word_1_122' title='bbox 478 1234 572 1291; x_wconf 60' lang='grc' dir='ltr'>Διὸς</span> <span class='ocrx_word' id='word_1_123' title='bbox 606 1237 743 1279; x_wconf 80' lang='grc' dir='ltr'><strong><em>ξόανον</em></strong></span> <span class='ocrx_word' id='word_1_124' title='bbox 767 1238 828 1274; x_wconf 80' lang='grc' dir='ltr'><strong><em>καὶ</em></strong></span> <span class='ocrx_word' id='word_1_125' title='bbox 855 1237 922 1274; x_wconf 77' lang='grc' dir='ltr'><strong><em>ἅλ-</em></strong></span> 
     </span>
     <span class='ocr_line' id='line_1_24' title="bbox 110 1278 923 1329; baseline 0.009 -15"><span class='ocrx_word' id='word_1_126' title='bbox 110 1283 185 1314; x_wconf 84' lang='grc' dir='ltr'>λων</span> <span class='ocrx_word' id='word_1_127' title='bbox 210 1278 401 1324; x_wconf 80' lang='grc' dir='ltr'><strong><em>δαιμόνων</em></strong></span> <span class='ocrx_word' id='word_1_128' title='bbox 423 1294 491 1317; x_wconf 82' lang='grc' dir='ltr'>συν</span> <span class='ocrx_word' id='word_1_129' title='bbox 511 1282 614 1329; x_wconf 77' lang='grc' dir='ltr'><strong><em>αὐτῷ</em></strong></span> <span class='ocrx_word' id='word_1_130' title='bbox 629 1283 725 1319; x_wconf 78' lang='grc' dir='ltr'><strong><em>κατά</em></strong></span> <span class='ocrx_word' id='word_1_131' title='bbox 741 1298 826 1320; x_wconf 86' lang='grc' dir='ltr'><strong><em>τινα</em></strong></span> <span class='ocrx_word' id='word_1_132' title='bbox 842 1299 923 1321; x_wconf 80' lang='grc' dir='ltr'>και·</span> 
     </span>
     <span class='ocr_line' id='line_1_25' title="bbox 109 1325 920 1382; baseline 0.007 -22"><span class='ocrx_word' id='word_1_133' title='bbox 109 1325 178 1382; x_wconf 55' lang='grc' dir='ltr'>ρὶιν</span> <span class='ocrx_word' id='word_1_134' title='bbox 207 1327 427 1371; x_wconf 71' lang='grc' dir='ltr'><strong><em>τετα,με’νον</em></strong></span> <span class='ocrx_word' id='word_1_135' title='bbox 457 1332 714 1371; x_wconf 77' lang='grc' dir='ltr'><strong><em>περινοστοῦσι</em></strong></span> <span class='ocrx_word' id='word_1_136' title='bbox 747 1345 794 1366; x_wconf 81' lang='grc' dir='ltr'>τα</span> <span class='ocrx_word' id='word_1_137' title='bbox 825 1331 920 1367; x_wconf 73' lang='grc' dir='ltr'><strong><em>κατὰ</em></strong></span> 
     </span>
     <span class='ocr_line' id='line_1_26' title="bbox 109 1372 920 1432; baseline 0.009 -26"><span class='ocrx_word' id='word_1_138' title='bbox 109 1385 178 1415; x_wconf 87' lang='grc' dir='ltr'>την</span> <span class='ocrx_word' id='word_1_139' title='bbox 185 1372 369 1432; x_wconf 82' lang='grc' dir='ltr'>Λιβύην.</span> <span class='ocrx_word' id='word_1_140' title='bbox 404 1374 467 1408; x_wconf 81' lang='grc' dir='ltr'><strong><em>καὶ</em></strong></span> <span class='ocrx_word' id='word_1_141' title='bbox 490 1378 782 1431; x_wconf 76' lang='grc' dir='ltr'><strong><em>πανηγυρίζουσι</em></strong></span> <span class='ocrx_word' id='word_1_142' title='bbox 805 1382 920 1412; x_wconf 83' lang='grc' dir='ltr'><strong><em>πολυ-</em></strong></span> 
     </span>
     <span class='ocr_line' id='line_1_27' title="bbox 109 1418 920 1466; baseline 0.007 -13"><span class='ocrx_word' id='word_1_143' title='bbox 109 1419 219 1460; x_wconf 87' lang='grc' dir='ltr'><strong><em>τελως</em></strong></span> <span class='ocrx_word' id='word_1_144' title='bbox 237 1419 298 1456; x_wconf 82' lang='grc' dir='ltr'>ἐπὶ</span> <span class='ocrx_word' id='word_1_145' title='bbox 317 1418 460 1456; x_wconf 83' lang='grc' dir='ltr'><strong><em>δωδεκα</em></strong></span> <span class='ocrx_word' id='word_1_146' title='bbox 485 1419 635 1466; x_wconf 81' lang='grc' dir='ltr'><strong><em>ἡμέρας,</em></strong></span> <span class='ocrx_word' id='word_1_147' title='bbox 661 1422 738 1458; x_wconf 79' lang='grc' dir='ltr'><strong><em>ἐπεὶ</em></strong></span> <span class='ocrx_word' id='word_1_148' title='bbox 757 1423 819 1458; x_wconf 81' lang='grc' dir='ltr'><strong><em>καὶ</em></strong></span> <span class='ocrx_word' id='word_1_149' title='bbox 836 1435 920 1459; x_wconf 92' lang='grc' dir='ltr'><strong><em>τοσ-</em></strong></span> 
     </span>
     <span class='ocr_line' id='line_1_28' title="bbox 110 1463 919 1511; baseline 0.006 -12"><span class='ocrx_word' id='word_1_150' title='bbox 110 1467 218 1500; x_wconf 80' lang='grc' dir='ltr'><strong><em>οῦτοι</em></strong></span> <span class='ocrx_word' id='word_1_151' title='bbox 255 1463 350 1511; x_wconf 77' lang='grc' dir='ltr'><strong><em>παρ’</em></strong></span> <span class='ocrx_word' id='word_1_152' title='bbox 387 1466 518 1508; x_wconf 82' lang='grc' dir='ltr'><strong><em>αὐτοῖς</em></strong></span> <span class='ocrx_word' id='word_1_153' title='bbox 546 1480 581 1502; x_wconf 90' lang='grc' dir='ltr'>οι</span> <span class='ocrx_word' id='word_1_154' title='bbox 603 1470 700 1504; x_wconf 76' lang='grc' dir='ltr'>θεοί.</span> <span class='ocrx_word' id='word_1_155' title='bbox 737 1470 782 1504; x_wconf 84' lang='lat' dir='ltr'>cf</span> <span class='ocrx_word' id='word_1_156' title='bbox 815 1471 919 1506; x_wconf 87' lang='lat' dir='ltr'><strong>Diod.</strong></span> 
     </span>
     <span class='ocr_line' id='line_1_29' title="bbox 110 1511 916 1561; baseline 0.007 -16"><span class='ocrx_word' id='word_1_157' title='bbox 110 1511 181 1547; x_wconf 86' lang='lat' dir='ltr'>Sic.</span> <span class='ocrx_word' id='word_1_158' title='bbox 204 1513 237 1554; x_wconf 91' lang='lat'>1,</span> <span class='ocrx_word' id='word_1_159' title='bbox 259 1513 340 1555; x_wconf 89' lang='grc'>97.,</span> <span class='ocrx_word' id='word_1_160' title='bbox 365 1513 423 1557; x_wconf 90' lang='lat' dir='ltr'>qui</span> <span class='ocrx_word' id='word_1_161' title='bbox 447 1519 484 1548; x_wconf 85' lang='lat' dir='ltr'>et</span> <span class='ocrx_word' id='word_1_162' title='bbox 507 1515 626 1548; x_wconf 89' lang='lat' dir='ltr'>Nilum</span> <span class='ocrx_word' id='word_1_163' title='bbox 652 1516 827 1550; x_wconf 80' lang='lat' dir='ltr'>Oceanum</span> <span class='ocrx_word' id='word_1_164' title='bbox 853 1528 916 1561; x_wconf 88' lang='lat' dir='ltr'>ap-</span> 
     </span>
     <span class='ocr_line' id='line_1_30' title="bbox 109 1537 915 1605; baseline 0.008 -14"><span class='ocrx_word' id='word_1_165' title='bbox 109 1537 237 1603; x_wconf 65' lang='lat' dir='ltr'>pellari&#39;</span> <span class='ocrx_word' id='word_1_166' title='bbox 255 1558 342 1592; x_wconf 75' lang='lat' dir='ltr'>dicit</span> <span class='ocrx_word' id='word_1_167' title='bbox 364 1570 421 1604; x_wconf 88' lang='lat' dir='ltr'>ap.</span> <span class='ocrx_word' id='word_1_168' title='bbox 448 1560 639 1605; x_wconf 76' lang='lat' dir='ltr'>Aegyptios</span> <span class='ocrx_word' id='word_1_169' title='bbox 665 1564 697 1602; x_wconf 86' lang='lat'>1,</span> <span class='ocrx_word' id='word_1_170' title='bbox 719 1564 772 1596; x_wconf 87' lang='grc'>12.</span> <span class='ocrx_word' id='word_1_171' title='bbox 799 1567 834 1595; x_wconf 86' lang='lat' dir='ltr'>et</span> <span class='ocrx_word' id='word_1_172' title='bbox 860 1564 915 1597; x_wconf 87' lang='lat'>19.</span> 
     </span>
     <span class='ocr_line' id='line_1_31' title="bbox 109 1604 915 1652; baseline 0.007 -16"><span class='ocrx_word' id='word_1_173' title='bbox 109 1604 168 1637; x_wconf 82' lang='lat' dir='ltr'>alii</span> <span class='ocrx_word' id='word_1_174' title='bbox 192 1605 237 1640; x_wconf 87' lang='lat' dir='ltr'>de</span> <span class='ocrx_word' id='word_1_175' title='bbox 267 1606 475 1638; x_wconf 85' lang='lat' dir='ltr'>astronomia</span> <span class='ocrx_word' id='word_1_176' title='bbox 598 1607 753 1651; x_wconf 88' lang='lat' dir='ltr'>ptiorum</span> <span class='ocrx_word' id='word_1_177' title='bbox 779 1609 915 1652; x_wconf 82' lang='lat' dir='ltr'>cogita-</span> 
     </span>
     <span class='ocr_line' id='line_1_32' title="bbox 109 1650 916 1699; baseline 0.007 -17"><span class='ocrx_word' id='word_1_178' title='bbox 109 1650 212 1691; x_wconf 87' lang='lat' dir='ltr'>bant,</span> <span class='ocrx_word' id='word_1_179' title='bbox 236 1661 292 1695; x_wconf 83' lang='lat' dir='ltr'>ap.</span> <span class='ocrx_word' id='word_1_180' title='bbox 313 1662 399 1695; x_wconf 92' lang='lat' dir='ltr'>quos</span> <span class='ocrx_word' id='word_1_181' title='bbox 423 1651 474 1684; x_wconf 90' lang='lat' dir='ltr'>sol</span> <span class='ocrx_word' id='word_1_182' title='bbox 597 1652 673 1686; x_wconf 88' lang='lat' dir='ltr'>nnis</span> <span class='ocrx_word' id='word_1_183' title='bbox 696 1653 739 1686; x_wconf 90' lang='lat' dir='ltr'>ad</span> <span class='ocrx_word' id='word_1_184' title='bbox 763 1655 861 1699; x_wconf 67' lang='lat' dir='ltr'>Aeg)</span> <span class='ocrx_word' id='word_1_185' title='bbox 865 1654 916 1698; x_wconf 84' lang='lat' dir='ltr'>pti</span> 
     </span>
     <span class='ocr_line' id='line_1_33' title="bbox 108 1695 916 1753; baseline 0.006 -24"><span class='ocrx_word' id='word_1_186' title='bbox 108 1695 195 1729; x_wconf 82' lang='lat' dir='ltr'>fines</span> <span class='ocrx_word' id='word_1_187' title='bbox 220 1697 388 1731; x_wconf 75' lang='lat' dir='ltr'>australes</span> <span class='ocrx_word' id='word_1_188' title='bbox 414 1699 582 1732; x_wconf 88' lang='lat' dir='ltr'>accedens</span> <span class='ocrx_word' id='word_1_189' title='bbox 608 1699 794 1753; x_wconf 83' lang='lat' dir='ltr'>Aethiopes</span> <span class='ocrx_word' id='word_1_190' title='bbox 818 1701 916 1734; x_wconf 87' lang='lat' dir='ltr'>adire</span> 
     </span>
     <span class='ocr_line' id='line_1_34' title="bbox 108 1741 915 1789; baseline 0.007 -15"><span class='ocrx_word' id='word_1_191' title='bbox 108 1741 318 1783; x_wconf 83' lang='lat' dir='ltr'>videbatur,</span> <span class='ocrx_word' id='word_1_192' title='bbox 342 1744 564 1787; x_wconf 80' lang='lat' dir='ltr'>sequentibus</span> <span class='ocrx_word' id='word_1_193' title='bbox 590 1746 633 1779; x_wconf 89' lang='grc'>12</span> <span class='ocrx_word' id='word_1_194' title='bbox 659 1746 765 1789; x_wconf 85' lang='lat' dir='ltr'>signis</span> <span class='ocrx_word' id='word_1_195' title='bbox 785 1746 915 1780; x_wconf 87' lang='lat' dir='ltr'>Zodia-</span> 
     </span>
     <span class='ocr_line' id='line_1_35' title="bbox 107 1787 932 1833; baseline 0.006 -12"><span class='ocrx_word' id='word_1_196' title='bbox 107 1787 141 1821; x_wconf 87' lang='lat' dir='ltr'>ci</span> <span class='ocrx_word' id='word_1_197' title='bbox 164 1788 374 1833; x_wconf 83' lang='lat' dir='ltr'>totidemque</span> <span class='ocrx_word' id='word_1_198' title='bbox 397 1790 582 1831; x_wconf 88' lang='lat' dir='ltr'>mensibus,</span> <span class='ocrx_word' id='word_1_199' title='bbox 607 1790 642 1823; x_wconf 93' lang='lat' dir='ltr'>in</span> <span class='ocrx_word' id='word_1_200' title='bbox 667 1792 748 1826; x_wconf 86' lang='lat' dir='ltr'>deos</span> <span class='ocrx_word' id='word_1_201' title='bbox 773 1791 932 1826; x_wconf 71' lang='lat' dir='ltr'>mutatis·</span> 
     </span>
     <span class='ocr_line' id='line_1_36' title="bbox 107 1833 915 1883; baseline 0.007 -17"><span class='ocrx_word' id='word_1_202' title='bbox 107 1833 384 1879; x_wconf 83' lang='lat' dir='ltr'>hieroglyphice;</span> <span class='ocrx_word' id='word_1_203' title='bbox 417 1847 516 1880; x_wconf 86' lang='lat' dir='ltr'>quam</span> <span class='ocrx_word' id='word_1_204' title='bbox 551 1837 738 1880; x_wconf 81' lang='lat' dir='ltr'>rationem,</span> <span class='ocrx_word' id='word_1_205' title='bbox 774 1849 816 1872; x_wconf 89' lang='lat' dir='ltr'>ne</span> <span class='ocrx_word' id='word_1_206' title='bbox 846 1837 915 1883; x_wconf 84' lang='lat' dir='ltr'>ipsi</span> 
     </span>
     <span class='ocr_line' id='line_1_37' title="bbox 107 1880 916 1928; baseline 0.007 -16"><span class='ocrx_word' id='word_1_207' title='bbox 107 1880 244 1924; x_wconf 87' lang='lat' dir='ltr'>quidem</span> <span class='ocrx_word' id='word_1_208' title='bbox 268 1880 452 1915; x_wconf 83' lang='lat' dir='ltr'>Eustathio</span> <span class='ocrx_word' id='word_1_209' title='bbox 474 1883 526 1926; x_wconf 87' lang='lat' dir='ltr'>(p.</span> <span class='ocrx_word' id='word_1_210' title='bbox 549 1883 646 1926; x_wconf 83' lang='grc'>128.)</span> <span class='ocrx_word' id='word_1_211' title='bbox 664 1884 828 1928; x_wconf 84' lang='lat' dir='ltr'>ignotam,</span> <span class='ocrx_word' id='word_1_212' title='bbox 855 1896 916 1918; x_wconf 87' lang='lat' dir='ltr'>ex-</span> 
     </span>
     <span class='ocr_line' id='line_1_38' title="bbox 106 1925 916 1971; baseline 0.008 -13"><span class='ocrx_word' id='word_1_213' title='bbox 106 1925 226 1970; x_wconf 87' lang='lat' dir='ltr'>posuit</span> <span class='ocrx_word' id='word_1_214' title='bbox 256 1926 412 1971; x_wconf 84' lang='lat' dir='ltr'>inprimis</span> <span class='ocrx_word' id='word_1_215' title='bbox 445 1928 624 1962; x_wconf 84' lang='lat' dir='ltr'>Gatterer.</span> <span class='ocrx_word' id='word_1_216' title='bbox 667 1930 702 1963; x_wconf 88' lang='lat' dir='ltr'>in</span> <span class='ocrx_word' id='word_1_217' title='bbox 737 1935 916 1964; x_wconf 84' lang='lat' dir='ltr'>comment.</span> 
     </span>
     <span class='ocr_line' id='line_1_39' title="bbox 107 1971 917 2020; baseline 0.008 -16"><span class='ocrx_word' id='word_1_218' title='bbox 107 1971 152 2005; x_wconf 88' lang='lat' dir='ltr'>de</span> <span class='ocrx_word' id='word_1_219' title='bbox 175 1972 360 2016; x_wconf 84' lang='lat' dir='ltr'>theogonia</span> <span class='ocrx_word' id='word_1_220' title='bbox 380 1975 631 2018; x_wconf 58' lang='lat' dir='ltr'>Aegyptiorum</span> <span class='ocrx_word' id='word_1_221' title='bbox 656 1976 774 2020; x_wconf 87' lang='lat' dir='ltr'>(Scrip</span> <span class='ocrx_word' id='word_1_222' title='bbox 778 1981 816 2009; x_wconf 76' lang='lat' dir='ltr'>tt.</span> <span class='ocrx_word' id='word_1_223' title='bbox 837 1976 917 2010; x_wconf 91' lang='lat' dir='ltr'>Soc.</span> 
     </span>
     <span class='ocr_line' id='line_1_40' title="bbox 106 2017 919 2066; baseline 0.006 -15"><span class='ocrx_word' id='word_1_224' title='bbox 106 2017 238 2052; x_wconf 88' lang='lat' dir='ltr'>Scient.</span> <span class='ocrx_word' id='word_1_225' title='bbox 264 2017 423 2062; x_wconf 84' lang='lat' dir='ltr'>Gotting.</span> <span class='ocrx_word' id='word_1_226' title='bbox 451 2021 551 2055; x_wconf 84' lang='lat'>1785.</span> <span class='ocrx_word' id='word_1_227' title='bbox 572 2021 641 2054; x_wconf 84' lang='lat' dir='ltr'>vol.</span> <span class='ocrx_word' id='word_1_228' title='bbox 663 2023 715 2066; x_wconf 90' lang='lat'>7.)</span> <span class='ocrx_word' id='word_1_229' title='bbox 739 2027 776 2056; x_wconf 88' lang='lat' dir='ltr'>et</span> <span class='ocrx_word' id='word_1_230' title='bbox 803 2024 919 2056; x_wconf 81' lang='lat' dir='ltr'>Welt-</span> 
     </span>
     <span class='ocr_line' id='line_1_41' title="bbox 105 2064 910 2117; baseline 0.007 -21"><span class='ocrx_word' id='word_1_231' title='bbox 105 2064 354 2117; x_wconf 83' lang='lat' dir='ltr'>gesch.1785.</span> <span class='ocrx_word' id='word_1_232' title='bbox 389 2065 453 2099; x_wconf 87' lang='lat' dir='ltr'>vol</span> <span class='ocrx_word' id='word_1_233' title='bbox 480 2066 506 2099; x_wconf 98' lang='grc' dir='ltr'>Ι.</span> <span class='ocrx_word' id='word_1_234' title='bbox 539 2078 571 2111; x_wconf 90' lang='lat' dir='ltr'>p.</span> <span class='ocrx_word' id='word_1_235' title='bbox 597 2069 678 2104; x_wconf 86' lang='grc'>213.</span> <span class='ocrx_word' id='word_1_236' title='bbox 714 2068 910 2102; x_wconf 82' lang='lat' dir='ltr'>subtiliores</span> 
     </span>
     <span class='ocr_line' id='line_1_42' title="bbox 108 2109 911 2159; baseline 0.006 -16"><span class='ocrx_word' id='word_1_237' title='bbox 108 2109 210 2144; x_wconf 84' lang='lat' dir='ltr'>etiam</span> <span class='ocrx_word' id='word_1_238' title='bbox 251 2110 406 2154; x_wconf 81' lang='lat' dir='ltr'>argutias</span> <span class='ocrx_word' id='word_1_239' title='bbox 448 2111 659 2156; x_wconf 84' lang='lat' dir='ltr'>Stoicorum,</span> <span class='ocrx_word' id='word_1_240' title='bbox 697 2114 759 2159; x_wconf 90' lang='lat' dir='ltr'>qui</span> <span class='ocrx_word' id='word_1_241' title='bbox 791 2115 911 2148; x_wconf 85' lang='lat' dir='ltr'>stellas</span> 
     </span>
     <span class='ocr_line' id='line_1_43' title="bbox 106 2155 911 2205; baseline 0.006 -17"><span class='ocrx_word' id='word_1_242' title='bbox 106 2155 191 2189; x_wconf 83' lang='lat' dir='ltr'>mari</span> <span class='ocrx_word' id='word_1_243' title='bbox 215 2156 341 2190; x_wconf 87' lang='lat' dir='ltr'>nutriri</span> <span class='ocrx_word' id='word_1_244' title='bbox 371 2157 580 2199; x_wconf 83' lang='lat' dir='ltr'>credebant,</span> <span class='ocrx_word' id='word_1_245' title='bbox 610 2171 644 2193; x_wconf 88' lang='lat' dir='ltr'>v.</span> <span class='ocrx_word' id='word_1_246' title='bbox 671 2171 727 2205; x_wconf 84' lang='lat' dir='ltr'>ap.</span> <span class='ocrx_word' id='word_1_247' title='bbox 751 2160 911 2195; x_wconf 86' lang='lat' dir='ltr'>Macrob.</span> 
     </span>
     <span class='ocr_line' id='line_1_44' title="bbox 106 2202 911 2261; baseline 0.008 -26"><span class='ocrx_word' id='word_1_248' title='bbox 106 2202 183 2235; x_wconf 74' lang='lat' dir='ltr'>Sat.</span> <span class='ocrx_word' id='word_1_249' title='bbox 208 2203 239 2246; x_wconf 88' lang='lat'>1,</span> <span class='ocrx_word' id='word_1_250' title='bbox 273 2204 330 2238; x_wconf 91' lang='grc'>23.</span> <span class='ocrx_word' id='word_1_251' title='bbox 364 2208 400 2236; x_wconf 86' lang='lat' dir='ltr'>et</span> <span class='ocrx_word' id='word_1_252' title='bbox 429 2203 543 2238; x_wconf 89' lang='lat' dir='ltr'>Somn.</span> <span class='ocrx_word' id='word_1_253' title='bbox 581 2205 677 2251; x_wconf 87' lang='lat' dir='ltr'>Scip.</span> <span class='ocrx_word' id='word_1_254' title='bbox 711 2207 744 2240; x_wconf 90' lang='grc'>2.</span> <span class='ocrx_word' id='word_1_255' title='bbox 746 2217 803 2261; x_wconf 86' lang='lat' dir='ltr'>p.</span> <span class='ocrx_word' id='word_1_256' title='bbox 834 2209 911 2242; x_wconf 90' lang='grc'>170.</span> 
     </span>
     <span class='ocr_line' id='line_1_45' title="bbox 105 2248 913 2296; baseline 0.009 -16"><span class='ocrx_word' id='word_1_257' title='bbox 105 2258 203 2293; x_wconf 87' lang='lat' dir='ltr'>sequ.</span> <span class='ocrx_word' id='word_1_258' title='bbox 238 2248 286 2282; x_wconf 85' lang='lat' dir='ltr'>cf.</span> <span class='ocrx_word' id='word_1_259' title='bbox 319 2248 366 2281; x_wconf 89' lang='lat' dir='ltr'>H.</span> <span class='ocrx_word' id='word_1_260' title='bbox 398 2254 435 2282; x_wconf 83' lang='lat' dir='ltr'>et</span> <span class='ocrx_word' id='word_1_261' title='bbox 466 2248 618 2295; x_wconf 86' lang='lat' dir='ltr'>interpp.</span> <span class='ocrx_word' id='word_1_262' title='bbox 651 2272 695 2277; x_wconf 96' lang='lat'><strong>—</strong></span> <span class='ocrx_word' id='word_1_263' title='bbox 730 2248 913 2296; x_wconf 74' lang='grc' dir='ltr'><strong><em>ἀμύμο-</em></strong></span> 
     </span>
     <span class='ocr_line' id='line_1_46' title="bbox 105 2291 912 2342; baseline 0.005 -14"><span class='ocrx_word' id='word_1_264' title='bbox 105 2306 202 2334; x_wconf 86' lang='grc' dir='ltr'><strong><em>νας.</em></strong></span> <span class='ocrx_word' id='word_1_265' title='bbox 227 2291 449 2339; x_wconf 76' lang='grc' dir='ltr'><strong><em>ἄμωμήτους</em></strong></span> <span class='ocrx_word' id='word_1_266' title='bbox 461 2302 527 2330; x_wconf 92' lang='lat' dir='ltr'>etc.</span> <span class='ocrx_word' id='word_1_267' title='bbox 545 2297 627 2332; x_wconf 90' lang='lat' dir='ltr'>Sch.</span> <span class='ocrx_word' id='word_1_268' title='bbox 646 2299 912 2342; x_wconf 83' lang='lat' dir='ltr'>irreprehensos,</span> 
     </span>
     <span class='ocr_line' id='line_1_47' title="bbox 166 2340 913 2397; baseline 0.009 -25.43"><span class='ocrx_word' id='word_1_269' title='bbox 166 2340 313 2394; x_wconf 87' lang='lat' dir='ltr'>e.pios,</span> <span class='ocrx_word' id='word_1_270' title='bbox 339 2342 477 2397; x_wconf 82' lang='lat' dir='ltr'>probos,</span> <span class='ocrx_word' id='word_1_271' title='bbox 500 2342 546 2376; x_wconf 80' lang='lat' dir='ltr'>cf.</span> <span class='ocrx_word' id='word_1_272' title='bbox 562 2344 619 2377; x_wconf 87' lang='grc'>92.</span> <span class='ocrx_word' id='word_1_273' title='bbox 642 2363 684 2369; x_wconf 86' lang='lat'>—</span> <span class='ocrx_word' id='word_1_274' title='bbox 709 2346 814 2380; x_wconf 75' lang='grc' dir='ltr'>Λίθ.</span> <span class='ocrx_word' id='word_1_275' title='bbox 840 2345 913 2378; x_wconf 83' lang='lat' dir='ltr'>for-</span> 
     </span>
     <span class='ocr_line' id='line_1_48' title="bbox 105 2365 913 2432; baseline 0.01 -13"><span class='ocrx_word' id='word_1_276' title='bbox 105 2397 160 2419; x_wconf 87' lang='lat' dir='ltr'>ma</span> <span class='ocrx_word' id='word_1_277' title='bbox 182 2365 300 2420; x_wconf 76' lang='lat' dir='ltr'>similis</span> <span class='ocrx_word' id='word_1_278' title='bbox 323 2388 392 2422; x_wconf 83' lang='grc' dir='ltr'>τοῦ</span> <span class='ocrx_word' id='word_1_279' title='bbox 419 2385 590 2431; x_wconf 81' lang='grc' dir='ltr'><strong><em>ἡνιοχεύς</em></strong></span> <span class='ocrx_word' id='word_1_280' title='bbox 609 2387 646 2431; x_wconf 86' lang='grc' dir='ltr'>ε’,</span> <span class='ocrx_word' id='word_1_281' title='bbox 665 2391 745 2431; x_wconf 87' lang='grc'><strong>505,</strong></span> <span class='ocrx_word' id='word_1_282' title='bbox 766 2390 821 2432; x_wconf 75' lang='grc' dir='ltr'>θ’,</span> <span class='ocrx_word' id='word_1_283' title='bbox 833 2393 913 2427; x_wconf 92' lang='grc'>312.</span> 
     </span>
     <span class='ocr_line' id='line_1_49' title="bbox 105 2417 914 2478; baseline 0.006 -13"><span class='ocrx_word' id='word_1_284' title='bbox 105 2439 186 2473; x_wconf 62' lang='lat' dir='ltr'>etc„</span> <span class='ocrx_word' id='word_1_285' title='bbox 211 2444 301 2477; x_wconf 92' lang='lat' dir='ltr'>quae</span> <span class='ocrx_word' id='word_1_286' title='bbox 323 2438 468 2467; x_wconf 76' lang='lat' dir='ltr'>metrum</span> <span class='ocrx_word' id='word_1_287' title='bbox 497 2435 606 2478; x_wconf 79' lang='lat' dir='ltr'>juvat.</span> <span class='ocrx_word' id='word_1_288' title='bbox 636 2417 779 2471; x_wconf 79' lang='lat' dir='ltr'>&#39;fuerunt</span> <span class='ocrx_word' id='word_1_289' title='bbox 803 2444 914 2472; x_wconf 88' lang='lat' dir='ltr'>autem</span> 
     </span>
     <span class='ocr_line' id='line_1_50' title="bbox 105 2478 915 2573; baseline 0.009 -17"><span class='ocrx_word' id='word_1_290' title='bbox 105 2478 282 2558; x_wconf 58' lang='grc' dir='ltr'>ξὲἒίἷξῗῗὲ.</span> <span class='ocrx_word' id='word_1_291' title='bbox 318 2479 765 2579; x_wconf 47' lang='grc' dir='ltr'>’ζῗξῗέρίῗμῧωοὲὶωξέε</span> <span class='ocrx_word' id='word_1_292' title='bbox 798 2495 915 2573; x_wconf 62' lang='lat'>‘3⁰33‘</span> 
     </span>
     <span class='ocr_line' id='line_1_51' title="bbox 103 2543 915 2650; baseline 0.012 -48"><span class='ocrx_word' id='word_1_293' title='bbox 103 2569 198 2650; x_wconf 47' lang='grc' dir='ltr'><strong><em>Ζὰς.)</em></strong></span> <span class='ocrx_word' id='word_1_294' title='bbox 230 2570 349 2604; x_wconf 84' lang='lat' dir='ltr'>vocari</span> <span class='ocrx_word' id='word_1_295' title='bbox 379 2571 468 2605; x_wconf 83' lang='lat' dir='ltr'>solet</span> <span class='ocrx_word' id='word_1_296' title='bbox 499 2573 650 2618; x_wconf 81' lang='grc' dir='ltr'><strong><em>αἴθοψ·</em></strong></span> <span class='ocrx_word' id='word_1_297' title='bbox 677 2587 710 2609; x_wconf 85' lang='lat' dir='ltr'>v.</span> <span class='ocrx_word' id='word_1_298' title='bbox 737 2576 808 2611; x_wconf 87' lang='grc'>462</span> <span class='ocrx_word' id='word_1_299' title='bbox 817 2543 891 2618; x_wconf 63' lang='grc' dir='ltr'>,κδ</span> <span class='ocrx_word' id='word_1_300' title='bbox 903 2600 915 2618; x_wconf 90' lang='grc'>,</span> 
     </span>
    </p>

    <p class='ocr_par' dir='ltr' id='par_1_11' title="bbox 127 2618 271 2651">
     <span class='ocr_line' id='line_1_52' title="bbox 127 2618 271 2651; baseline -0.015 0"><span class='ocrx_word' id='word_1_301' title='bbox 127 2618 173 2651; x_wconf 87' lang='grc'>95</span> <span class='ocrx_word' id='word_1_302' title='bbox 206 2622 271 2650; x_wconf 88' lang='lat' dir='ltr'>etc.</span> 
     </span>
    </p>

    <p class='ocr_par' dir='ltr' id='par_1_12' title="bbox 103 2660 918 3080">
     <span class='ocr_line' id='line_1_53' title="bbox 151 2660 915 2701; baseline 0.007 -5"><span class='ocrx_word' id='word_1_303' title='bbox 151 2660 230 2696; x_wconf 87' lang='grc'>424.</span> <span class='ocrx_word' id='word_1_304' title='bbox 254 2675 376 2697; x_wconf 80' lang='grc' dir='ltr'><strong><em>κατα</em></strong></span> <span class='ocrx_word' id='word_1_305' title='bbox 402 2663 436 2697; x_wconf 88' lang='lat'>6.</span> <span class='ocrx_word' id='word_1_306' title='bbox 470 2662 522 2697; x_wconf 83' lang='lat' dir='ltr'>sic</span> <span class='ocrx_word' id='word_1_307' title='bbox 546 2664 747 2700; x_wconf 82' lang='lat' dir='ltr'>Aristarcho</span> <span class='ocrx_word' id='word_1_308' title='bbox 772 2671 915 2701; x_wconf 79' lang='lat' dir='ltr'>auctore</span> 
     </span>
     <span class='ocr_line' id='line_1_54' title="bbox 104 2707 914 2756; baseline 0.01 -17"><span class='ocrx_word' id='word_1_309' title='bbox 104 2707 151 2739; x_wconf 92' lang='lat' dir='ltr'>W</span> <span class='ocrx_word' id='word_1_310' title='bbox 176 2711 212 2740; x_wconf 89' lang='lat' dir='ltr'>et</span> <span class='ocrx_word' id='word_1_311' title='bbox 243 2707 288 2742; x_wconf 89' lang='lat' dir='ltr'>H.</span> <span class='ocrx_word' id='word_1_312' title='bbox 317 2709 444 2753; x_wconf 88' lang='lat' dir='ltr'>vulgo·</span> <span class='ocrx_word' id='word_1_313' title='bbox 483 2709 575 2752; x_wconf 80' lang='grc' dir='ltr'><strong><em>μετὰ</em></strong></span> <span class='ocrx_word' id='word_1_314' title='bbox 601 2712 634 2746; x_wconf 87' lang='lat'>6.</span> <span class='ocrx_word' id='word_1_315' title='bbox 649 2735 660 2753; x_wconf 91' lang='lat'>‚</span> <span class='ocrx_word' id='word_1_316' title='bbox 687 2713 779 2756; x_wconf 89' lang='lat' dir='ltr'>quod</span> <span class='ocrx_word' id='word_1_317' title='bbox 803 2713 914 2747; x_wconf 78' lang='lat' dir='ltr'>inele-</span> 
     </span>
     <span class='ocr_line' id='line_1_55' title="bbox 105 2753 914 2802; baseline 0.009 -16"><span class='ocrx_word' id='word_1_318' title='bbox 105 2763 204 2797; x_wconf 74' lang='lat' dir='ltr'>gans·</span> <span class='ocrx_word' id='word_1_319' title='bbox 228 2753 329 2788; x_wconf 88' lang='lat' dir='ltr'>finem</span> <span class='ocrx_word' id='word_1_320' title='bbox 363 2754 509 2789; x_wconf 82' lang='lat' dir='ltr'>actionis</span> <span class='ocrx_word' id='word_1_321' title='bbox 544 2762 581 2791; x_wconf 84' lang='lat' dir='ltr'>et</span> <span class='ocrx_word' id='word_1_322' title='bbox 604 2757 781 2792; x_wconf 86' lang='lat' dir='ltr'>consilium</span> <span class='ocrx_word' id='word_1_323' title='bbox 805 2759 914 2802; x_wconf 86' lang='lat' dir='ltr'>signi-</span> 
     </span>
     <span class='ocr_line' id='line_1_56' title="bbox 103 2798 912 2879; baseline 0.009 -47"><span class='ocrx_word' id='word_1_324' title='bbox 103 2798 422 2879; x_wconf 62' lang='grc' dir='ltr'>ᾗωὲὃριαερωίῐίο</span> <span class='ocrx_word' id='word_1_325' title='bbox 445 2801 565 2846; x_wconf 69' lang='grc' dir='ltr'><strong><em>κατὰ,</em></strong></span> <span class='ocrx_word' id='word_1_326' title='bbox 598 2807 637 2837; x_wconf 84' lang='lat' dir='ltr'>ut</span> <span class='ocrx_word' id='word_1_327' title='bbox 661 2804 764 2839; x_wconf 83' lang='lat' dir='ltr'>docet</span> <span class='ocrx_word' id='word_1_328' title='bbox 787 2805 912 2840; x_wconf 76' lang='lat' dir='ltr'>matth.</span> 
     </span>
     <span class='ocr_line' id='line_1_57' title="bbox 104 2846 915 2939; baseline 0.006 -14"><span class='ocrx_word' id='word_1_329' title='bbox 104 2846 127 2887; x_wconf 62' lang='grc' dir='ltr'><strong>ἓ</strong></span> <span class='ocrx_word' id='word_1_330' title='bbox 148 2889 232 2926; x_wconf 87' lang='grc'>426.</span> <span class='ocrx_word' id='word_1_331' title='bbox 256 2893 383 2935; x_wconf 78' lang='grc' dir='ltr'>χαλκ.</span> <span class='ocrx_word' id='word_1_332' title='bbox 410 2891 495 2933; x_wconf 78' lang='grc' dir='ltr'>διδ,</span> <span class='ocrx_word' id='word_1_333' title='bbox 527 2905 609 2928; x_wconf 79' lang='lat' dir='ltr'>aere</span> <span class='ocrx_word' id='word_1_334' title='bbox 635 2895 828 2939; x_wconf 70' lang='lat' dir='ltr'>fundatam</span> <span class='ocrx_word' id='word_1_335' title='bbox 851 2896 915 2930; x_wconf 83' lang='lat' dir='ltr'>do-</span> 
     </span>
     <span class='ocr_line' id='line_1_58' title="bbox 104 2938 916 2982; baseline 0.009 -13"><span class='ocrx_word' id='word_1_336' title='bbox 104 2947 218 2979; x_wconf 79' lang='lat' dir='ltr'>mum,</span> <span class='ocrx_word' id='word_1_337' title='bbox 259 2938 356 2982; x_wconf 84' lang='lat' dir='ltr'>cujus</span> <span class='ocrx_word' id='word_1_338' title='bbox 387 2938 614 2982; x_wconf 86' lang='lat' dir='ltr'>pavimentum</span> <span class='ocrx_word' id='word_1_339' title='bbox 646 2952 728 2975; x_wconf 88' lang='lat' dir='ltr'>aere</span> <span class='ocrx_word' id='word_1_340' title='bbox 758 2946 916 2976; x_wconf 77' lang='lat' dir='ltr'>constra-</span> 
     </span>
     <span class='ocr_line' id='line_1_59' title="bbox 104 2981 913 3033; baseline 0.009 -18"><span class='ocrx_word' id='word_1_341' title='bbox 104 2986 175 3016; x_wconf 86' lang='lat' dir='ltr'>tum</span> <span class='ocrx_word' id='word_1_342' title='bbox 200 2987 265 3019; x_wconf 86' lang='lat' dir='ltr'>est.</span> <span class='ocrx_word' id='word_1_343' title='bbox 288 2984 335 3018; x_wconf 83' lang='lat' dir='ltr'>cf.</span> <span class='ocrx_word' id='word_1_344' title='bbox 358 2981 387 3026; x_wconf 83' lang='grc' dir='ltr'>ξ’</span> <span class='ocrx_word' id='word_1_345' title='bbox 391 3007 403 3025; x_wconf 91' lang='grc'>,</span> <span class='ocrx_word' id='word_1_346' title='bbox 421 2985 501 3026; x_wconf 87' lang='grc'>173,</span> <span class='ocrx_word' id='word_1_347' title='bbox 522 2985 604 3027; x_wconf 90' lang='grc'>438,</span> <span class='ocrx_word' id='word_1_348' title='bbox 618 2987 700 3022; x_wconf 90' lang='grc'><strong>505.</strong></span> <span class='ocrx_word' id='word_1_349' title='bbox 726 2988 913 3033; x_wconf 78' lang='lat' dir='ltr'>etOdyss.</span> 
     </span>
     <span class='ocr_line' id='line_1_60' title="bbox 104 3027 918 3080; baseline 0.009 -17"><span class='ocrx_word' id='word_1_350' title='bbox 104 3027 154 3073; x_wconf 89' lang='grc'>4.,</span> <span class='ocrx_word' id='word_1_351' title='bbox 176 3027 239 3064; x_wconf 74' lang='lat' dir='ltr'>ubi</span> <span class='ocrx_word' id='word_1_352' title='bbox 257 3029 393 3064; x_wconf 84' lang='lat' dir='ltr'>Alcinoi</span> <span class='ocrx_word' id='word_1_353' title='bbox 425 3030 531 3066; x_wconf 80' lang='lat' dir='ltr'>aedes</span> <span class='ocrx_word' id='word_1_354' title='bbox 557 3031 736 3075; x_wconf 82' lang='lat' dir='ltr'>dicuntur,</span> <span class='ocrx_word' id='word_1_355' title='bbox 771 3044 918 3080; x_wconf 79' lang='lat' dir='ltr'>quarum</span> 
     </span>
    </p>
   </div>
   <div class='ocr_carea' id='block_1_11' title="bbox 960 957 1811 1986">
    <p class='ocr_par' dir='ltr' id='par_1_13' title="bbox 960 957 1811 1986">
     <span class='ocr_line' id='line_1_61' title="bbox 971 957 1778 1016; baseline -0.004 -20"><span class='ocrx_word' id='word_1_356' title='bbox 971 959 1127 1016; x_wconf 77' lang='grc' dir='ltr'><strong><em>χάλκεον</em></strong></span> <span class='ocrx_word' id='word_1_357' title='bbox 1153 957 1270 996; x_wconf 88' lang='grc' dir='ltr'><strong><em>ουδὸν</em></strong></span> <span class='ocrx_word' id='word_1_358' title='bbox 1290 962 1493 1004; x_wconf 58' lang='lat' dir='ltr'>memoratu</span> <span class='ocrx_word' id='word_1_359' title='bbox 1493 958 1607 1003; x_wconf 91' lang='grc'>8’,3.</span> <span class='ocrx_word' id='word_1_360' title='bbox 1624 963 1662 994; x_wconf 92' lang='lat' dir='ltr'>ut</span> <span class='ocrx_word' id='word_1_361' title='bbox 1684 959 1778 993; x_wconf 86' lang='lat' dir='ltr'>Tar-</span> 
     </span>
     <span class='ocr_line' id='line_1_62' title="bbox 971 1005 1778 1052; baseline -0.001 -11"><span class='ocrx_word' id='word_1_362' title='bbox 971 1006 1042 1041; x_wconf 80' lang='lat' dir='ltr'>tari</span> <span class='ocrx_word' id='word_1_363' title='bbox 1063 1005 1122 1047; x_wconf 84' lang='grc' dir='ltr'>θ’,</span> <span class='ocrx_word' id='word_1_364' title='bbox 1150 1008 1204 1042; x_wconf 90' lang='grc'>15.</span> <span class='ocrx_word' id='word_1_365' title='bbox 1241 1018 1295 1052; x_wconf 90' lang='lat' dir='ltr'>ap.</span> <span class='ocrx_word' id='word_1_366' title='bbox 1321 1007 1515 1041; x_wconf 85' lang='lat' dir='ltr'>Menelaum</span> <span class='ocrx_word' id='word_1_367' title='bbox 1547 1005 1778 1041; x_wconf 85' lang='lat' dir='ltr'>Telemachus</span> 
     </span>
     <span class='ocr_line' id='line_1_63' title="bbox 971 1044 1778 1108; baseline -0.002 -21"><span class='ocrx_word' id='word_1_368' title='bbox 971 1053 1101 1108; x_wconf 82' lang='lat' dir='ltr'>Odyss.</span> <span class='ocrx_word' id='word_1_369' title='bbox 1120 1051 1165 1093; x_wconf 89' lang='lat'>6,</span> <span class='ocrx_word' id='word_1_370' title='bbox 1183 1044 1238 1088; x_wconf 76' lang='lat'>72⁹.</span> <span class='ocrx_word' id='word_1_371' title='bbox 1265 1052 1453 1087; x_wconf 87' lang='lat' dir='ltr'>admiratur</span> <span class='ocrx_word' id='word_1_372' title='bbox 1463 1052 1614 1107; x_wconf 79' lang='grc' dir='ltr'><strong><em>χαλκοῦ</em></strong></span> <span class='ocrx_word' id='word_1_373' title='bbox 1636 1064 1674 1087; x_wconf 84' lang='grc' dir='ltr'>τε</span> <span class='ocrx_word' id='word_1_374' title='bbox 1700 1063 1778 1086; x_wconf 89' lang='grc' dir='ltr'><strong><em>στε-</em></strong></span> 
     </span>
     <span class='ocr_line' id='line_1_64' title="bbox 970 1097 1778 1157; baseline -0.004 -22"><span class='ocrx_word' id='word_1_375' title='bbox 970 1098 1089 1155; x_wconf 81' lang='grc' dir='ltr'><strong><em>ροπὴν</em></strong></span> <span class='ocrx_word' id='word_1_376' title='bbox 1117 1097 1355 1156; x_wconf 75' lang='grc' dir='ltr'><strong><em>καδδαῖματα</em></strong></span> <span class='ocrx_word' id='word_1_377' title='bbox 1403 1097 1580 1157; x_wconf 81' lang='grc' dir='ltr'><strong><em>ἠχήεντα,</em></strong></span> <span class='ocrx_word' id='word_1_378' title='bbox 1623 1099 1778 1156; x_wconf 54' lang='grc' dir='ltr'><strong><em>Χρυσοῦ</em></strong></span> 
     </span>
     <span class='ocr_line' id='line_1_65' title="bbox 969 1140 1773 1191; baseline -0.001 -10"><span class='ocrx_word' id='word_1_379' title='bbox 969 1160 989 1181; x_wconf 87' lang='grc' dir='ltr'><strong><em>τ</em></strong></span> <span class='ocrx_word' id='word_1_380' title='bbox 1016 1173 1026 1187; x_wconf 87' lang='grc'>,</span> <span class='ocrx_word' id='word_1_381' title='bbox 1060 1142 1236 1191; x_wconf 79' lang='grc' dir='ltr'><strong><em>ἠλέκτρου</em></strong></span> <span class='ocrx_word' id='word_1_382' title='bbox 1278 1159 1337 1187; x_wconf 88' lang='grc' dir='ltr'>τε,</span> <span class='ocrx_word' id='word_1_383' title='bbox 1379 1158 1442 1180; x_wconf 81' lang='grc' dir='ltr'>και</span> <span class='ocrx_word' id='word_1_384' title='bbox 1484 1143 1552 1190; x_wconf 70' lang='grc' dir='ltr'>ἆργ</span> <span class='ocrx_word' id='word_1_385' title='bbox 1555 1143 1672 1190; x_wconf 79' lang='grc' dir='ltr'><strong><em>ύρου,</em></strong></span> <span class='ocrx_word' id='word_1_386' title='bbox 1710 1140 1773 1189; x_wconf 78' lang='grc' dir='ltr'>ἠδ’</span> 
     </span>
     <span class='ocr_line' id='line_1_66' title="bbox 968 1191 1792 1242; baseline 0 -15"><span class='ocrx_word' id='word_1_387' title='bbox 968 1191 1180 1236; x_wconf 76' lang='grc' dir='ltr'><strong><em>ἐλέφαντος.</em></strong></span> <span class='ocrx_word' id='word_1_388' title='bbox 1206 1204 1238 1226; x_wconf 90' lang='lat' dir='ltr'>v.</span> <span class='ocrx_word' id='word_1_389' title='bbox 1267 1192 1312 1234; x_wconf 88' lang='lat' dir='ltr'>K,</span> <span class='ocrx_word' id='word_1_390' title='bbox 1336 1192 1472 1226; x_wconf 75' lang='lat' dir='ltr'>Nitsch.</span> <span class='ocrx_word' id='word_1_391' title='bbox 1503 1193 1573 1227; x_wconf 62' lang='grc' dir='ltr'>ιο1.</span> <span class='ocrx_word' id='word_1_392' title='bbox 1591 1191 1618 1226; x_wconf 93' lang='grc' dir='ltr'>Ι.</span> <span class='ocrx_word' id='word_1_393' title='bbox 1641 1203 1676 1236; x_wconf 89' lang='lat' dir='ltr'>p.</span> <span class='ocrx_word' id='word_1_394' title='bbox 1693 1191 1792 1242; x_wconf 51' lang='lat'>34²⁸</span> 
     </span>
     <span class='ocr_line' id='line_1_67' title="bbox 968 1236 1776 1293; baseline 0 -22"><span class='ocrx_word' id='word_1_395' title='bbox 968 1239 1065 1272; x_wconf 84' lang='lat' dir='ltr'>Hase</span> <span class='ocrx_word' id='word_1_396' title='bbox 1101 1250 1136 1284; x_wconf 89' lang='lat' dir='ltr'>p.</span> <span class='ocrx_word' id='word_1_397' title='bbox 1155 1239 1212 1274; x_wconf 86' lang='lat'>57.</span> <span class='ocrx_word' id='word_1_398' title='bbox 1230 1239 1295 1293; x_wconf 88' lang='grc'>58</span> <span class='ocrx_word' id='word_1_399' title='bbox 1329 1236 1505 1282; x_wconf 84' lang='grc' dir='ltr'><strong><em>χαλκεον,</em></strong></span> <span class='ocrx_word' id='word_1_400' title='bbox 1531 1237 1776 1282; x_wconf 79' lang='grc' dir='ltr'><strong><em>πολύχαλκον,</em></strong></span> 
     </span>
     <span class='ocr_line' id='line_1_68' title="bbox 969 1281 1776 1329; baseline -0.004 -10"><span class='ocrx_word' id='word_1_401' title='bbox 969 1282 1164 1329; x_wconf 83' lang='grc' dir='ltr'><strong><em>σιδήρεον,</em></strong></span> <span class='ocrx_word' id='word_1_402' title='bbox 1197 1281 1360 1328; x_wconf 73' lang='grc' dir='ltr'><strong><em>οὐρανὸν</em></strong></span> <span class='ocrx_word' id='word_1_403' title='bbox 1384 1284 1473 1318; x_wconf 80' lang='lat' dir='ltr'>dixit</span> <span class='ocrx_word' id='word_1_404' title='bbox 1496 1284 1600 1318; x_wconf 80' lang='lat' dir='ltr'>alias:</span> <span class='ocrx_word' id='word_1_405' title='bbox 1633 1283 1776 1318; x_wconf 78' lang='lat' dir='ltr'>v.v51-</span> 
     </span>
     <span class='ocr_line' id='line_1_69' title="bbox 967 1330 1775 1375; baseline -0.001 -11"><span class='ocrx_word' id='word_1_406' title='bbox 967 1332 1030 1364; x_wconf 85' lang='lat' dir='ltr'>ker</span> <span class='ocrx_word' id='word_1_407' title='bbox 1064 1342 1098 1374; x_wconf 91' lang='lat' dir='ltr'>p.</span> <span class='ocrx_word' id='word_1_408' title='bbox 1117 1332 1151 1365; x_wconf 90' lang='lat'>5.</span> <span class='ocrx_word' id='word_1_409' title='bbox 1176 1349 1219 1355; x_wconf 89' lang='lat'><strong>—</strong></span> <span class='ocrx_word' id='word_1_410' title='bbox 1243 1331 1305 1365; x_wconf 80' lang='grc' dir='ltr'>δῶ</span> <span class='ocrx_word' id='word_1_411' title='bbox 1325 1342 1357 1375; x_wconf 91' lang='lat' dir='ltr'>p.</span> <span class='ocrx_word' id='word_1_412' title='bbox 1377 1330 1483 1372; x_wconf 73' lang='grc' dir='ltr'><strong><em>δῶμα</em></strong></span> <span class='ocrx_word' id='word_1_413' title='bbox 1506 1341 1570 1374; x_wconf 89' lang='lat' dir='ltr'>per</span> <span class='ocrx_word' id='word_1_414' title='bbox 1587 1340 1775 1374; x_wconf 87' lang='lat' dir='ltr'>apocopen.</span> 
     </span>
     <span class='ocr_line' id='line_1_70' title="bbox 966 1372 1774 1422; baseline 0.001 -12"><span class='ocrx_word' id='word_1_415' title='bbox 966 1388 1031 1422; x_wconf 89' lang='lat' dir='ltr'>pro</span> <span class='ocrx_word' id='word_1_416' title='bbox 1056 1372 1214 1420; x_wconf 79' lang='grc' dir='ltr'><strong><em>δώματα</em></strong></span> <span class='ocrx_word' id='word_1_417' title='bbox 1245 1375 1335 1410; x_wconf 76' lang='lat' dir='ltr'>dixit</span> <span class='ocrx_word' id='word_1_418' title='bbox 1357 1375 1501 1410; x_wconf 88' lang='lat' dir='ltr'>Hesiod.</span> <span class='ocrx_word' id='word_1_419' title='bbox 1534 1376 1671 1419; x_wconf 82' lang='lat' dir='ltr'>Theog.</span> <span class='ocrx_word' id='word_1_420' title='bbox 1693 1376 1774 1411; x_wconf 84' lang='grc'>932-</span> 
     </span>
     <span class='ocr_line' id='line_1_71' title="bbox 1011 1432 1775 1478; baseline -0.001 -11"><span class='ocrx_word' id='word_1_421' title='bbox 1011 1433 1092 1468; x_wconf 88' lang='grc'>427.</span> <span class='ocrx_word' id='word_1_422' title='bbox 1132 1444 1200 1466; x_wconf 90' lang='lat' dir='ltr'>non</span> <span class='ocrx_word' id='word_1_423' title='bbox 1232 1436 1300 1466; x_wconf 84' lang='lat' dir='ltr'>tam</span> <span class='ocrx_word' id='word_1_424' title='bbox 1333 1432 1491 1478; x_wconf 87' lang='lat' dir='ltr'>putidum</span> <span class='ocrx_word' id='word_1_425' title='bbox 1528 1432 1609 1467; x_wconf 88' lang='lat' dir='ltr'>novi</span> <span class='ocrx_word' id='word_1_426' title='bbox 1641 1432 1775 1467; x_wconf 85' lang='lat' dir='ltr'>Home·-</span> 
     </span>
     <span class='ocr_line' id='line_1_72' title="bbox 965 1477 1774 1524; baseline -0.001 -11"><span class='ocrx_word' id='word_1_427' title='bbox 965 1491 1062 1521; x_wconf 89' lang='lat' dir='ltr'>rum,</span> <span class='ocrx_word' id='word_1_428' title='bbox 1088 1483 1125 1512; x_wconf 87' lang='lat' dir='ltr'>ut</span> <span class='ocrx_word' id='word_1_429' title='bbox 1148 1479 1200 1513; x_wconf 82' lang='lat' dir='ltr'>ita</span> <span class='ocrx_word' id='word_1_430' title='bbox 1223 1478 1357 1512; x_wconf 89' lang='lat' dir='ltr'>locutus</span> <span class='ocrx_word' id='word_1_431' title='bbox 1378 1490 1453 1512; x_wconf 86' lang='lat' dir='ltr'>esse</span> <span class='ocrx_word' id='word_1_432' title='bbox 1475 1477 1648 1513; x_wconf 84' lang='lat' dir='ltr'>videatur.</span> <span class='ocrx_word' id='word_1_433' title='bbox 1673 1479 1774 1524; x_wconf 88' lang='lat' dir='ltr'>plane</span> 
     </span>
     <span class='ocr_line' id='line_1_73' title="bbox 962 1523 1775 1569; baseline 0 -10"><span class='ocrx_word' id='word_1_434' title='bbox 962 1526 1181 1559; x_wconf 87' lang='lat' dir='ltr'>scribendum</span> <span class='ocrx_word' id='word_1_435' title='bbox 1215 1525 1364 1558; x_wconf 83' lang='lat' dir='ltr'>arbitror</span> <span class='ocrx_word' id='word_1_436' title='bbox 1397 1524 1460 1560; x_wconf 84' lang='grc' dir='ltr'><strong><em>καὶ</em></strong></span> <span class='ocrx_word' id='word_1_437' title='bbox 1483 1523 1552 1569; x_wconf 73' lang='grc' dir='ltr'>μὲν</span> <span class='ocrx_word' id='word_1_438' title='bbox 1578 1525 1775 1560; x_wconf 78' lang='grc' dir='ltr'><strong><em>πείσεσθαι.</em></strong></span> 
     </span>
     <span class='ocr_line' id='line_1_74' title="bbox 963 1569 1773 1614; baseline 0 -8"><span class='ocrx_word' id='word_1_439' title='bbox 963 1570 1055 1613; x_wconf 77' lang='grc' dir='ltr'>ὀΐω,</span> <span class='ocrx_word' id='word_1_440' title='bbox 1088 1571 1121 1604; x_wconf 90' lang='grc' dir='ltr'>1ι.</span> <span class='ocrx_word' id='word_1_441' title='bbox 1144 1583 1174 1604; x_wconf 90' lang='lat' dir='ltr'>e.</span> <span class='ocrx_word' id='word_1_442' title='bbox 1210 1571 1273 1605; x_wconf 79' lang='grc' dir='ltr'><strong><em>καὶ</em></strong></span> <span class='ocrx_word' id='word_1_443' title='bbox 1302 1569 1396 1614; x_wconf 78' lang='grc' dir='ltr'><strong><em>μὴν,</em></strong></span> <span class='ocrx_word' id='word_1_444' title='bbox 1431 1575 1471 1605; x_wconf 87' lang='lat' dir='ltr'>ut</span> <span class='ocrx_word' id='word_1_445' title='bbox 1505 1570 1551 1613; x_wconf 88' lang='grc' dir='ltr'>ι’,</span> <span class='ocrx_word' id='word_1_446' title='bbox 1582 1571 1684 1606; x_wconf 79' lang='lat'>628.:</span> <span class='ocrx_word' id='word_1_447' title='bbox 1710 1571 1773 1606; x_wconf 80' lang='grc' dir='ltr'><strong><em>καὶ</em></strong></span> 
     </span>
     <span class='ocr_line' id='line_1_75' title="bbox 961 1615 1772 1674; baseline 0 -22"><span class='ocrx_word' id='word_1_448' title='bbox 961 1616 1027 1674; x_wconf 82' lang='grc' dir='ltr'>μέν</span> <span class='ocrx_word' id='word_1_449' title='bbox 1053 1618 1109 1657; x_wconf 86' lang='grc' dir='ltr'><strong><em>τίς</em></strong></span> <span class='ocrx_word' id='word_1_450' title='bbox 1132 1629 1171 1652; x_wconf 87' lang='grc' dir='ltr'>τε</span> <span class='ocrx_word' id='word_1_451' title='bbox 1193 1615 1430 1660; x_wconf 77' lang='grc' dir='ltr'><strong><em>κασιγνήτοιο</em></strong></span> <span class='ocrx_word' id='word_1_452' title='bbox 1455 1617 1591 1661; x_wconf 84' lang='grc' dir='ltr'><strong><em>φόνοιο</em></strong></span> <span class='ocrx_word' id='word_1_453' title='bbox 1614 1616 1772 1663; x_wconf 82' lang='grc' dir='ltr'><strong><em>Ποινὴν,</em></strong></span> 
     </span>
     <span class='ocr_line' id='line_1_76' title="bbox 961 1658 1773 1718; baseline -0.001 -19"><span class='ocrx_word' id='word_1_454' title='bbox 961 1659 987 1707; x_wconf 80' lang='grc' dir='ltr'><em>ἢ</em></span> <span class='ocrx_word' id='word_1_455' title='bbox 1021 1658 1066 1699; x_wconf 83' lang='grc' dir='ltr'><strong><em>οὗ</em></strong></span> <span class='ocrx_word' id='word_1_456' title='bbox 1099 1663 1234 1704; x_wconf 86' lang='grc' dir='ltr'>παιδὸς</span> <span class='ocrx_word' id='word_1_457' title='bbox 1275 1662 1426 1718; x_wconf 75' lang='grc' dir='ltr'><strong><em>ἐδέξατο</em></strong></span> <span class='ocrx_word' id='word_1_458' title='bbox 1459 1665 1694 1705; x_wconf 78' lang='grc' dir='ltr'><strong><em>τεθνειῶτος.</em></strong></span> <span class='ocrx_word' id='word_1_459' title='bbox 1723 1664 1773 1698; x_wconf 86' lang='lat' dir='ltr'>sic</span> 
     </span>
     <span class='ocr_line' id='line_1_77' title="bbox 963 1709 1771 1768; baseline 0.003 -25"><span class='ocrx_word' id='word_1_460' title='bbox 963 1711 1091 1754; x_wconf 49' lang='lat' dir='ltr'>Odyss.</span> <span class='ocrx_word' id='word_1_461' title='bbox 1115 1709 1165 1751; x_wconf 83' lang='grc' dir='ltr'>π’,</span> <span class='ocrx_word' id='word_1_462' title='bbox 1191 1709 1271 1746; x_wconf 89' lang='grc'>440.</span> <span class='ocrx_word' id='word_1_463' title='bbox 1295 1710 1332 1743; x_wconf 91' lang='lat' dir='ltr'>in</span> <span class='ocrx_word' id='word_1_464' title='bbox 1357 1710 1410 1746; x_wconf 88' lang='lat' dir='ltr'>ed.</span> <span class='ocrx_word' id='word_1_465' title='bbox 1433 1710 1589 1768; x_wconf 86' lang='lat' dir='ltr'>Hervag.</span> <span class='ocrx_word' id='word_1_466' title='bbox 1614 1722 1646 1746; x_wconf 90' lang='lat' dir='ltr'>a.</span> <span class='ocrx_word' id='word_1_467' title='bbox 1670 1711 1771 1745; x_wconf 89' lang='grc'><strong>1551.</strong></span> 
     </span>
     <span class='ocr_line' id='line_1_78' title="bbox 960 1755 1773 1801; baseline 0 -12"><span class='ocrx_word' id='word_1_468' title='bbox 960 1757 1090 1801; x_wconf 83' lang='lat' dir='ltr'>legitur</span> <span class='ocrx_word' id='word_1_469' title='bbox 1113 1756 1176 1790; x_wconf 82' lang='grc' dir='ltr'><strong><em>καί</em></strong></span> <span class='ocrx_word' id='word_1_470' title='bbox 1199 1768 1262 1799; x_wconf 91' lang='grc' dir='ltr'>μιν</span> <span class='ocrx_word' id='word_1_471' title='bbox 1285 1755 1537 1800; x_wconf 78' lang='grc' dir='ltr'><strong><em>τετελεσμένον</em></strong></span> <span class='ocrx_word' id='word_1_472' title='bbox 1563 1755 1686 1798; x_wconf 79' lang='grc' dir='ltr'>ἔσται,</span> <span class='ocrx_word' id='word_1_473' title='bbox 1710 1755 1773 1790; x_wconf 89' lang='lat' dir='ltr'>ubi</span> 
     </span>
     <span class='ocr_line' id='line_1_79' title="bbox 961 1802 1773 1848; baseline 0.001 -13"><span class='ocrx_word' id='word_1_474' title='bbox 961 1814 1049 1836; x_wconf 90' lang='lat' dir='ltr'>nunc</span> <span class='ocrx_word' id='word_1_475' title='bbox 1074 1803 1135 1838; x_wconf 83' lang='grc' dir='ltr'><strong><em>καὶ</em></strong></span> <span class='ocrx_word' id='word_1_476' title='bbox 1159 1802 1256 1846; x_wconf 76' lang='grc' dir='ltr'><strong><em>μὴν,</em></strong></span> <span class='ocrx_word' id='word_1_477' title='bbox 1283 1814 1350 1848; x_wconf 90' lang='lat' dir='ltr'>quo</span> <span class='ocrx_word' id='word_1_478' title='bbox 1376 1802 1477 1836; x_wconf 88' lang='lat' dir='ltr'>etiam</span> <span class='ocrx_word' id='word_1_479' title='bbox 1496 1804 1574 1848; x_wconf 88' lang='lat' dir='ltr'>ipso</span> <span class='ocrx_word' id='word_1_480' title='bbox 1599 1803 1675 1837; x_wconf 91' lang='lat' dir='ltr'>loco</span> <span class='ocrx_word' id='word_1_481' title='bbox 1699 1813 1773 1836; x_wconf 85' lang='lat' dir='ltr'>ma·</span> 
     </span>
     <span class='ocr_line' id='line_1_80' title="bbox 961 1848 1811 1893; baseline 0.001 -12"><span class='ocrx_word' id='word_1_482' title='bbox 961 1849 1019 1882; x_wconf 88' lang='lat' dir='ltr'>lim</span> <span class='ocrx_word' id='word_1_483' title='bbox 1051 1849 1114 1883; x_wconf 85' lang='grc' dir='ltr'>και</span> <span class='ocrx_word' id='word_1_484' title='bbox 1146 1861 1234 1892; x_wconf 81' lang='grc' dir='ltr'><strong><em>μεν,</em></strong></span> <span class='ocrx_word' id='word_1_485' title='bbox 1266 1860 1360 1882; x_wconf 90' lang='lat' dir='ltr'>more</span> <span class='ocrx_word' id='word_1_486' title='bbox 1393 1849 1520 1893; x_wconf 88' lang='lat' dir='ltr'>prisco.</span> <span class='ocrx_word' id='word_1_487' title='bbox 1554 1854 1677 1883; x_wconf 87' lang='lat' dir='ltr'>contra</span> <span class='ocrx_word' id='word_1_488' title='bbox 1706 1848 1771 1893; x_wconf 85' lang='grc' dir='ltr'>μὶν</span> <span class='ocrx_word' id='word_1_489' title='bbox 1810 1868 1811 1874; x_wconf 66' lang='lat'><em>=</em></span> 
     </span>
     <span class='ocr_line' id='line_1_81' title="bbox 962 1893 1773 1940; baseline 0 -12"><span class='ocrx_word' id='word_1_490' title='bbox 962 1906 1025 1940; x_wconf 92' lang='lat' dir='ltr'>pro</span> <span class='ocrx_word' id='word_1_491' title='bbox 1058 1893 1126 1938; x_wconf 73' lang='grc' dir='ltr'>μὲν</span> <span class='ocrx_word' id='word_1_492' title='bbox 1160 1901 1256 1929; x_wconf 86' lang='lat' dir='ltr'>recte</span> <span class='ocrx_word' id='word_1_493' title='bbox 1281 1894 1429 1940; x_wconf 87' lang='lat' dir='ltr'>positum</span> <span class='ocrx_word' id='word_1_494' title='bbox 1454 1900 1508 1928; x_wconf 90' lang='lat' dir='ltr'>est</span> <span class='ocrx_word' id='word_1_495' title='bbox 1542 1895 1578 1928; x_wconf 90' lang='lat' dir='ltr'>in</span> <span class='ocrx_word' id='word_1_496' title='bbox 1603 1894 1773 1929; x_wconf 75' lang='lat' dir='ltr'>Antholo—</span> 
     </span>
     <span class='ocr_line' id='line_1_82' title="bbox 962 1941 1771 1986; baseline 0.002 -13"><span class='ocrx_word' id='word_1_497' title='bbox 962 1941 1040 1985; x_wconf 84' lang='lat' dir='ltr'>gia:</span> <span class='ocrx_word' id='word_1_498' title='bbox 1078 1954 1114 1976; x_wconf 87' lang='lat' dir='ltr'>v.</span> <span class='ocrx_word' id='word_1_499' title='bbox 1148 1941 1288 1976; x_wconf 84' lang='lat' dir='ltr'>Jacobs.</span> <span class='ocrx_word' id='word_1_500' title='bbox 1323 1941 1425 1975; x_wconf 86' lang='lat' dir='ltr'>Anth.</span> <span class='ocrx_word' id='word_1_501' title='bbox 1460 1941 1536 1976; x_wconf 85' lang='lat' dir='ltr'>Pal.</span> <span class='ocrx_word' id='word_1_502' title='bbox 1572 1942 1606 1977; x_wconf 92' lang='grc'>3.</span> <span class='ocrx_word' id='word_1_503' title='bbox 1632 1952 1666 1986; x_wconf 84' lang='lat' dir='ltr'>p-</span> <span class='ocrx_word' id='word_1_504' title='bbox 1690 1941 1771 1976; x_wconf 87' lang='grc'>372.</span> 
     </span>
    </p>
   </div>
   <div class='ocr_carea' id='block_1_12' title="bbox 957 1998 1793 2780">
    <p class='ocr_par' dir='ltr' id='par_1_14' title="bbox 963 1998 1734 2089">
     <span class='ocr_line' id='line_1_83' title="bbox 963 1998 1190 2031; baseline 0.004 -11"><span class='ocrx_word' id='word_1_505' title='bbox 963 1998 1063 2031; x_wconf 83' lang='lat' dir='ltr'>sequ.</span> <span class='ocrx_word' id='word_1_506' title='bbox 1173 1998 1190 2021; x_wconf 74' lang='grc' dir='ltr'><strong><em>ο</em></strong></span> 
     </span>
     <span class='ocr_line' id='line_1_84' title="bbox 1011 2040 1769 2089; baseline 0 -12"><span class='ocrx_word' id='word_1_507' title='bbox 1011 2042 1093 2077; x_wconf 86' lang='grc'>429.</span> <span class='ocrx_word' id='word_1_508' title='bbox 1117 2040 1210 2086; x_wconf 78' lang='grc' dir='ltr'>ε’ὕζ.</span> <span class='ocrx_word' id='word_1_509' title='bbox 1243 2056 1343 2089; x_wconf 76' lang='grc' dir='ltr'><strong><em>γνν.</em></strong></span> <span class='ocrx_word' id='word_1_510' title='bbox 1367 2043 1476 2088; x_wconf 79' lang='lat' dir='ltr'>genit.</span> <span class='ocrx_word' id='word_1_511' title='bbox 1501 2055 1637 2079; x_wconf 88' lang='lat' dir='ltr'>causae.</span> <span class='ocrx_word' id='word_1_512' title='bbox 1664 2043 1769 2078; x_wconf 83' lang='lat' dir='ltr'>sch..</span> 
     </span>
    </p>

    <p class='ocr_par' dir='ltr' id='par_1_15' title="bbox 957 2085 1772 2780">
     <span class='ocr_line' id='line_1_85' title="bbox 958 2085 1771 2135; baseline 0.001 -11"><span class='ocrx_word' id='word_1_513' title='bbox 958 2085 1144 2131; x_wconf 81' lang='grc' dir='ltr'><strong><em>εὖζωστου</em></strong></span> <span class='ocrx_word' id='word_1_514' title='bbox 1193 2089 1259 2125; x_wconf 85' lang='lat' dir='ltr'>imo</span> <span class='ocrx_word' id='word_1_515' title='bbox 1284 2091 1451 2135; x_wconf 83' lang='grc' dir='ltr'><strong><em>ζωστῆς)</em></strong></span> <span class='ocrx_word' id='word_1_516' title='bbox 1478 2091 1598 2132; x_wconf 83' lang='grc' dir='ltr'><strong><em>καλως</em></strong></span> <span class='ocrx_word' id='word_1_517' title='bbox 1623 2091 1771 2134; x_wconf 83' lang='grc' dir='ltr'><strong><em>(καλλι-</em></strong></span> 
     </span>
     <span class='ocr_line' id='line_1_86' title="bbox 958 2134 1769 2183; baseline 0.004 -14"><span class='ocrx_word' id='word_1_518' title='bbox 958 2134 1101 2177; x_wconf 81' lang='grc' dir='ltr'><strong><em>ζώνους</em></strong></span> <span class='ocrx_word' id='word_1_519' title='bbox 1234 2142 1357 2183; x_wconf 85' lang='lat' dir='ltr'>vocat,</span> <span class='ocrx_word' id='word_1_520' title='bbox 1391 2138 1488 2170; x_wconf 77' lang='lat' dir='ltr'>velut</span> <span class='ocrx_word' id='word_1_521' title='bbox 1514 2135 1560 2180; x_wconf 87' lang='grc' dir='ltr'>η’,</span> <span class='ocrx_word' id='word_1_522' title='bbox 1583 2137 1682 2180; x_wconf 87' lang='grc'>139)</span> <span class='ocrx_word' id='word_1_523' title='bbox 1706 2135 1769 2172; x_wconf 75' lang='grc' dir='ltr'><strong><em>καὶ</em></strong></span> 
     </span>
     <span class='ocr_line' id='line_1_87' title="bbox 958 2179 1770 2227; baseline 0.002 -11"><span class='ocrx_word' id='word_1_524' title='bbox 958 2179 1108 2217; x_wconf 75' lang='grc' dir='ltr'><strong><em>ευστόλο</em></strong></span> <span class='ocrx_word' id='word_1_525' title='bbox 1209 2181 1254 2226; x_wconf 86' lang='grc' dir='ltr'>φ’</span> <span class='ocrx_word' id='word_1_526' title='bbox 1291 2182 1336 2217; x_wconf 79' lang='grc' dir='ltr'><strong><em>οὐ</em></strong></span> <span class='ocrx_word' id='word_1_527' title='bbox 1371 2181 1563 2224; x_wconf 69' lang='grc' dir='ltr'><strong><em>εὐειδοῦς,</em></strong></span> <span class='ocrx_word' id='word_1_528' title='bbox 1599 2182 1672 2218; x_wconf 75' lang='grc' dir='ltr'>ἀπὸ</span> <span class='ocrx_word' id='word_1_529' title='bbox 1705 2182 1770 2227; x_wconf 84' lang='grc' dir='ltr'>μέ·</span> 
     </span>
     <span class='ocr_line' id='line_1_88' title="bbox 957 2208 1768 2274; baseline -0.001 -11"><span class='ocrx_word' id='word_1_530' title='bbox 957 2241 1056 2272; x_wconf 85' lang='grc' dir='ltr'>ρους.</span> <span class='ocrx_word' id='word_1_531' title='bbox 1077 2228 1134 2262; x_wconf 89' lang='lat' dir='ltr'>ide</span> <span class='ocrx_word' id='word_1_532' title='bbox 1182 2234 1234 2262; x_wconf 83' lang='lat' dir='ltr'>est</span> <span class='ocrx_word' id='word_1_533' title='bbox 1251 2227 1519 2274; x_wconf 81' lang='grc' dir='ltr'><strong><em>βαθύζωνοςί,</em></strong></span> <span class='ocrx_word' id='word_1_534' title='bbox 1530 2208 1612 2270; x_wconf 88' lang='lat'>590,</span> <span class='ocrx_word' id='word_1_535' title='bbox 1638 2229 1768 2274; x_wconf 85' lang='lat' dir='ltr'>Odyss.</span> 
     </span>
     <span class='ocr_line' id='line_1_89' title="bbox 958 2273 1771 2328; baseline -0.001 -18"><span class='ocrx_word' id='word_1_536' title='bbox 958 2273 1303 2328; x_wconf 80' lang='lat' dir='ltr'>3‚154‚Aeschy.1</span> <span class='ocrx_word' id='word_1_537' title='bbox 1348 2276 1555 2310; x_wconf 75' lang='lat' dir='ltr'>Pers-132.</span> <span class='ocrx_word' id='word_1_538' title='bbox 1591 2275 1771 2320; x_wconf 83' lang='lat' dir='ltr'>Tr‹janae</span> 
     </span>
     <span class='ocr_line' id='line_1_90' title="bbox 961 2320 1772 2376; baseline 0.001 -23"><span class='ocrx_word' id='word_1_539' title='bbox 961 2320 1097 2366; x_wconf 88' lang='lat' dir='ltr'>quidem</span> <span class='ocrx_word' id='word_1_540' title='bbox 1122 2320 1301 2361; x_wconf 86' lang='lat' dir='ltr'>mulieres,</span> <span class='ocrx_word' id='word_1_541' title='bbox 1307 2321 1420 2370; x_wconf 77' lang='lat' dir='ltr'>velut</span> <span class='ocrx_word' id='word_1_542' title='bbox 1445 2321 1585 2366; x_wconf 84' lang='lat' dir='ltr'>proprio</span> <span class='ocrx_word' id='word_1_543' title='bbox 1603 2322 1772 2376; x_wconf 82' lang='lat' dir='ltr'>epitheto,</span> 
     </span>
     <span class='ocr_line' id='line_1_91' title="bbox 959 2353 1768 2412; baseline 0.002 -13"><span class='ocrx_word' id='word_1_544' title='bbox 959 2373 1126 2400; x_wconf 77' lang='lat' dir='ltr'>vocantur</span> <span class='ocrx_word' id='word_1_545' title='bbox 1142 2353 1439 2412; x_wconf 75' lang='grc' dir='ltr'><strong><em>βαθύκολποισ’,</em></strong></span> <span class='ocrx_word' id='word_1_546' title='bbox 1464 2369 1541 2407; x_wconf 81' lang='grc'>122,</span> <span class='ocrx_word' id='word_1_547' title='bbox 1565 2369 1646 2409; x_wconf 87' lang='grc'>339,</span> <span class='ocrx_word' id='word_1_548' title='bbox 1665 2363 1768 2408; x_wconf 82' lang='lat' dir='ltr'>etm‘,</span> 
     </span>
     <span class='ocr_line' id='line_1_92' title="bbox 959 2394 1770 2466; baseline -0.001 -18"><span class='ocrx_word' id='word_1_549' title='bbox 959 2414 1063 2466; x_wconf 81' lang='grc'><strong>215.;</strong></span> <span class='ocrx_word' id='word_1_550' title='bbox 1098 2412 1160 2446; x_wconf 90' lang='lat' dir='ltr'>sed</span> <span class='ocrx_word' id='word_1_551' title='bbox 1194 2413 1296 2447; x_wconf 85' lang='lat' dir='ltr'>etiam</span> <span class='ocrx_word' id='word_1_552' title='bbox 1313 2409 1504 2458; x_wconf 49' lang='lat' dir='ltr'>‘Nymphae</span> <span class='ocrx_word' id='word_1_553' title='bbox 1528 2394 1652 2458; x_wconf 82' lang='lat' dir='ltr'>hymno</span> <span class='ocrx_word' id='word_1_554' title='bbox 1678 2413 1770 2447; x_wconf 82' lang='lat' dir='ltr'>anti-</span> 
     </span>
     <span class='ocr_line' id='line_1_93' title="bbox 960 2458 1768 2504; baseline 0.001 -13"><span class='ocrx_word' id='word_1_555' title='bbox 960 2458 1121 2504; x_wconf 87' lang='lat' dir='ltr'>quissimo</span> <span class='ocrx_word' id='word_1_556' title='bbox 1153 2458 1186 2491; x_wconf 89' lang='lat' dir='ltr'>in</span> <span class='ocrx_word' id='word_1_557' title='bbox 1222 2460 1391 2493; x_wconf 80' lang='lat' dir='ltr'>Venerem</span> <span class='ocrx_word' id='word_1_558' title='bbox 1414 2461 1495 2494; x_wconf 83' lang='grc'>258.</span> <span class='ocrx_word' id='word_1_559' title='bbox 1528 2466 1624 2493; x_wconf 86' lang='lat' dir='ltr'>recte</span> <span class='ocrx_word' id='word_1_560' title='bbox 1646 2459 1768 2504; x_wconf 82' lang='lat' dir='ltr'>igitur,</span> 
     </span>
     <span class='ocr_line' id='line_1_94' title="bbox 960 2505 1769 2600; baseline 0.004 -16"><span class='ocrx_word' id='word_1_561' title='bbox 960 2516 1106 2600; x_wconf 54' lang='grc' dir='ltr'>ἓξὲὲῖῗ</span> <span class='ocrx_word' id='word_1_562' title='bbox 1130 2505 1457 2595; x_wconf 54' lang='lat' dir='ltr'>qffiibffizoeoffikss</span> <span class='ocrx_word' id='word_1_563' title='bbox 1475 2505 1769 2595; x_wconf 60' lang='lat' dir='ltr'>.¹}g‘:‚11⁵.{2{’3.³¹¹².³3</span> 
     </span>
     <span class='ocr_line' id='line_1_95' title="bbox 961 2594 1793 2642; baseline -0.001 -10"><span class='ocrx_word' id='word_1_564' title='bbox 961 2594 1003 2632; x_wconf 77' lang='grc' dir='ltr'><strong><em>εὖ</em></strong></span> <span class='ocrx_word' id='word_1_565' title='bbox 1031 2594 1246 2638; x_wconf 82' lang='grc' dir='ltr'><strong><em>ζώννυσθαι</em></strong></span> <span class='ocrx_word' id='word_1_566' title='bbox 1268 2597 1330 2630; x_wconf 91' lang='lat' dir='ltr'>sub</span> <span class='ocrx_word' id='word_1_567' title='bbox 1355 2601 1520 2642; x_wconf 89' lang='lat' dir='ltr'>pectore,</span> <span class='ocrx_word' id='word_1_568' title='bbox 1546 2608 1668 2642; x_wconf 83' lang='lat' dir='ltr'>magno</span> <span class='ocrx_word' id='word_1_569' title='bbox 1693 2608 1793 2632; x_wconf 89' lang='lat' dir='ltr'>cum</span> 
     </span>
     <span class='ocr_line' id='line_1_96' title="bbox 960 2639 1792 2688; baseline 0 -12"><span class='ocrx_word' id='word_1_570' title='bbox 960 2643 1038 2677; x_wconf 88' lang='lat' dir='ltr'>sinu</span> <span class='ocrx_word' id='word_1_571' title='bbox 1062 2643 1180 2676; x_wconf 83' lang='lat' dir='ltr'>vestis.</span> <span class='ocrx_word' id='word_1_572' title='bbox 1215 2644 1262 2676; x_wconf 80' lang='lat' dir='ltr'>cf.</span> <span class='ocrx_word' id='word_1_573' title='bbox 1288 2650 1399 2676; x_wconf 86' lang='lat' dir='ltr'>tamen</span> <span class='ocrx_word' id='word_1_574' title='bbox 1425 2654 1502 2676; x_wconf 87' lang='lat' dir='ltr'>ann.</span> <span class='ocrx_word' id='word_1_575' title='bbox 1535 2643 1579 2676; x_wconf 87' lang='lat' dir='ltr'>ad</span> <span class='ocrx_word' id='word_1_576' title='bbox 1603 2639 1792 2688; x_wconf 75' lang='lat' dir='ltr'>Aeschyli</span> 
     </span>
     <span class='ocr_line' id='line_1_97' title="bbox 959 2688 1768 2733; baseline 0 -10"><span class='ocrx_word' id='word_1_577' title='bbox 959 2689 982 2723; x_wconf 91' lang='lat' dir='ltr'>l.</span> <span class='ocrx_word' id='word_1_578' title='bbox 1003 2702 1034 2724; x_wconf 92' lang='lat' dir='ltr'>c.</span> <span class='ocrx_word' id='word_1_579' title='bbox 1055 2694 1091 2722; x_wconf 84' lang='lat' dir='ltr'>et</span> <span class='ocrx_word' id='word_1_580' title='bbox 1114 2688 1266 2733; x_wconf 85' lang='lat' dir='ltr'>inprimis</span> <span class='ocrx_word' id='word_1_581' title='bbox 1297 2689 1448 2722; x_wconf 85' lang='lat' dir='ltr'>Haseum</span> <span class='ocrx_word' id='word_1_582' title='bbox 1489 2689 1625 2723; x_wconf 77' lang='lat' dir='ltr'>Griech.</span> <span class='ocrx_word' id='word_1_583' title='bbox 1649 2690 1768 2723; x_wconf 71' lang='lat' dir='ltr'>Aner-</span> 
     </span>
     <span class='ocr_line' id='line_1_98' title="bbox 958 2735 1499 2780; baseline -0.006 -10"><span class='ocrx_word' id='word_1_584' title='bbox 958 2735 1242 2770; x_wconf 79' lang='lat' dir='ltr'>thumskundel.</span> <span class='ocrx_word' id='word_1_585' title='bbox 1264 2746 1297 2780; x_wconf 88' lang='lat' dir='ltr'>p.</span> <span class='ocrx_word' id='word_1_586' title='bbox 1323 2736 1380 2770; x_wconf 88' lang='grc'>62.</span> <span class='ocrx_word' id='word_1_587' title='bbox 1402 2746 1499 2780; x_wconf 87' lang='lat' dir='ltr'>seqq.</span> 
     </span>
    </p>
   </div>
   <div class='ocr_carea' id='block_1_13' title="bbox 1004 2789 1785 2846">
    <p class='ocr_par' dir='ltr' id='par_1_16' title="bbox 1004 2789 1785 2846">
     <span class='ocr_line' id='line_1_99' title="bbox 1004 2789 1785 2846; baseline -0.004 -18"><span class='ocrx_word' id='word_1_588' title='bbox 1004 2791 1084 2828; x_wconf 90' lang='grc'>431.</span> <span class='ocrx_word' id='word_1_589' title='bbox 1119 2791 1168 2833; x_wconf 76' lang='grc' dir='ltr'>ἐς</span> <span class='ocrx_word' id='word_1_590' title='bbox 1197 2789 1403 2846; x_wconf 76' lang='grc' dir='ltr'>Χρύσην.</span> <span class='ocrx_word' id='word_1_591' title='bbox 1438 2792 1550 2826; x_wconf 82' lang='grc' dir='ltr'>Ιοοιιιιι</span> <span class='ocrx_word' id='word_1_592' title='bbox 1573 2791 1785 2839; x_wconf 86' lang='lat' dir='ltr'>significari</span> 
     </span>
    </p>
   </div>
   <div class='ocr_carea' id='block_1_14' title="bbox 1785 2669 1791 2762">
    <p class='ocr_par' dir='ltr' id='par_1_17' title="bbox 1785 2669 1791 2762">
     <span class='ocr_line' id='line_1_100' title="bbox 1785 2669 1791 2762; baseline 0 507"><span class='ocrx_word' id='word_1_593' title='bbox 1785 2669 1791 2762; x_wconf 95' lang='lat' dir='ltr'> </span> 
     </span>
    </p>
   </div>
   <div class='ocr_carea' id='block_1_15' title="bbox 929 2830 1791 2938">
    <p class='ocr_par' dir='ltr' id='par_1_18' title="bbox 929 2830 1791 2938">
     <span class='ocr_line' id='line_1_101' title="bbox 929 2830 1791 2938; baseline -0.001 -65"><span class='ocrx_word' id='word_1_594' title='bbox 929 2854 941 2868; x_wconf 84' lang='lat'><strong>·</strong></span> <span class='ocrx_word' id='word_1_595' title='bbox 959 2839 1143 2873; x_wconf 82' lang='lat' dir='ltr'>ostendunt</span> <span class='ocrx_word' id='word_1_596' title='bbox 1161 2838 1355 2883; x_wconf 87' lang='lat' dir='ltr'>sequentia.</span> <span class='ocrx_word' id='word_1_597' title='bbox 1373 2837 1417 2870; x_wconf 87' lang='lat' dir='ltr'>cf.</span> <span class='ocrx_word' id='word_1_598' title='bbox 1434 2833 1514 2876; x_wconf 89' lang='grc'>366</span> <span class='ocrx_word' id='word_1_599' title='bbox 1532 2839 1613 2879; x_wconf 86' lang='lat'>390.</span> <span class='ocrx_word' id='word_1_600' title='bbox 1635 2838 1766 2874; x_wconf 79' lang='lat' dir='ltr'>Matth.</span> <span class='ocrx_word' id='word_1_601' title='bbox 1779 2830 1791 2938; x_wconf 63' lang='lat' dir='ltr'>&#39;J&#39;</span> 
     </span>
    </p>
   </div>
   <div class='ocr_carea' id='block_1_16' title="bbox 960 2883 1638 2930">
    <p class='ocr_par' dir='ltr' id='par_1_19' title="bbox 960 2883 1638 2930">
     <span class='ocr_line' id='line_1_102' title="bbox 960 2883 1638 2930; baseline -0.003 -9"><span class='ocrx_word' id='word_1_602' title='bbox 960 2888 992 2928; x_wconf 81' lang='lat'>§-</span> <span class='ocrx_word' id='word_1_603' title='bbox 1017 2886 1098 2921; x_wconf 88' lang='lat'>578.</span> <span class='ocrx_word' id='word_1_604' title='bbox 1122 2890 1158 2919; x_wconf 89' lang='lat' dir='ltr'>et</span> <span class='ocrx_word' id='word_1_605' title='bbox 1180 2885 1224 2919; x_wconf 89' lang='lat' dir='ltr'>de</span> <span class='ocrx_word' id='word_1_606' title='bbox 1246 2884 1322 2930; x_wconf 87' lang='lat' dir='ltr'>ipso</span> <span class='ocrx_word' id='word_1_607' title='bbox 1346 2883 1405 2918; x_wconf 85' lang='lat' dir='ltr'>illo</span> <span class='ocrx_word' id='word_1_608' title='bbox 1429 2883 1556 2929; x_wconf 88' lang='lat' dir='ltr'>oppido</span> <span class='ocrx_word' id='word_1_609' title='bbox 1579 2885 1638 2922; x_wconf 84' lang='lat'>37.</span> 
     </span>
    </p>
   </div>
   <div class='ocr_carea' id='block_1_17' title="bbox 959 2907 1782 3071">
    <p class='ocr_par' dir='ltr' id='par_1_20' title="bbox 959 2907 1782 3071">
     <span class='ocr_line' id='line_1_103' title="bbox 1007 2907 1782 2996; baseline 0.003 -20"><span class='ocrx_word' id='word_1_610' title='bbox 1007 2941 1088 2976; x_wconf 89' lang='grc'>432.</span> <span class='ocrx_word' id='word_1_611' title='bbox 1112 2944 1212 2977; x_wconf 79' lang='grc' dir='ltr'>πολ.</span> <span class='ocrx_word' id='word_1_612' title='bbox 1237 2940 1332 2978; x_wconf 82' lang='grc' dir='ltr'><strong><em>πολῦ</em></strong></span> <span class='ocrx_word' id='word_1_613' title='bbox 1356 2938 1482 2996; x_wconf 50' lang='grc' dir='ltr'><strong><em>βάθος</em></strong></span> <span class='ocrx_word' id='word_1_614' title='bbox 1503 2927 1671 2986; x_wconf 75' lang='grc' dir='ltr'><strong><em>ἔχοντος,</em></strong></span> <span class='ocrx_word' id='word_1_615' title='bbox 1692 2907 1782 2996; x_wconf 49' lang='lat' dir='ltr'>liu-,l</span> 
     </span>
     <span class='ocr_line' id='line_1_104' title="bbox 960 2968 1781 3039; baseline 0.004 -17"><span class='ocrx_word' id='word_1_616' title='bbox 960 2987 1142 3023; x_wconf 81' lang='grc' dir='ltr'><strong><em>θυτοὶτον.</em></strong></span> <span class='ocrx_word' id='word_1_617' title='bbox 1167 2988 1249 3024; x_wconf 88' lang='lat' dir='ltr'>Sch.</span> <span class='ocrx_word' id='word_1_618' title='bbox 1274 2998 1366 3035; x_wconf 80' lang='lat' dir='ltr'>quae</span> <span class='ocrx_word' id='word_1_619' title='bbox 1387 2987 1498 3039; x_wconf 80' lang='lat' dir='ltr'>virtus</span> <span class='ocrx_word' id='word_1_620' title='bbox 1521 2993 1708 3036; x_wconf 74' lang='lat' dir='ltr'>portuum,</span> <span class='ocrx_word' id='word_1_621' title='bbox 1726 2968 1781 3030; x_wconf 69' lang='lat' dir='ltr'>utl</span> 
     </span>
     <span class='ocr_line' id='line_1_105' title="bbox 959 3034 1778 3071; baseline 0.01 -2"><span class='ocrx_word' id='word_1_622' title='bbox 959 3045 1057 3071; x_wconf 79' lang='lat' dir='ltr'>nemo</span> <span class='ocrx_word' id='word_1_623' title='bbox 1079 3034 1203 3071; x_wconf 71' lang='lat' dir='ltr'>nescit.</span> <span class='ocrx_word' id='word_1_624' title='bbox 1776 3050 1778 3053; x_wconf 83' lang='grc'>’</span> 
     </span>
    </p>
   </div>
  </div>
 </body>
</html>
