<?xml version="1.0" encoding="UTF-8"?>
<!DOCTYPE html PUBLIC "-//W3C//DTD XHTML 1.0 Transitional//EN"
    "http://www.w3.org/TR/xhtml1/DTD/xhtml1-transitional.dtd">
<html xmlns="http://www.w3.org/1999/xhtml" xml:lang="en" lang="en">
 <head>
  <title>
</title>
<meta http-equiv="Content-Type" content="text/html;charset=utf-8" />
  <meta name='ocr-system' content='tesseract 3.04.00' />
  <meta name='ocr-capabilities' content='ocr_page ocr_carea ocr_par ocr_line ocrx_word'/>
</head>
<body>
  <div class='ocr_page' id='page_1' title='image "./carmina01home/carmina01home_0510.png"; bbox 0 0 1811 3269; ppageno 0'>
   <div class='ocr_carea' id='block_1_1' title="bbox 99 191 183 232">
    <p class='ocr_par' dir='ltr' id='par_1_1' title="bbox 99 191 183 232">
     <span class='ocr_line' id='line_1_1' title="bbox 99 191 183 232; baseline 0.024 -2"><span class='ocrx_word' id='word_1_1' title='bbox 99 191 183 232; x_wconf 84' lang='lat'>114</span> 
     </span>
    </p>
   </div>
   <div class='ocr_carea' id='block_1_2' title="bbox 759 189 1160 230">
    <p class='ocr_par' dir='ltr' id='par_1_2' title="bbox 759 189 1160 230">
     <span class='ocr_line' id='line_1_2' title="bbox 759 189 1160 230; baseline 0 0"><span class='ocrx_word' id='word_1_2' title='bbox 759 189 1160 230; x_wconf 71' lang='grc' dir='ltr'><em>ΟΜΗΡΟΥ</em></span> 
     </span>
    </p>
   </div>
   <div class='ocr_carea' id='block_1_3' title="bbox 155 297 1604 868">
    <p class='ocr_par' dir='ltr' id='par_1_3' title="bbox 156 297 1408 354">
     <span class='ocr_line' id='line_1_3' title="bbox 156 297 1408 354; baseline -0.003 -8"><span class='ocrx_word' id='word_1_3' title='bbox 156 302 239 346; x_wconf 85' lang='grc'><em>565</em></span> <span class='ocrx_word' id='word_1_4' title='bbox 271 297 509 350; x_wconf 80' lang='grc' dir='ltr'>νύσσοντες</span> <span class='ocrx_word' id='word_1_5' title='bbox 540 299 733 350; x_wconf 80' lang='grc' dir='ltr'><em>ξυστοῖσι</em></span> <span class='ocrx_word' id='word_1_6' title='bbox 762 298 897 354; x_wconf 83' lang='grc' dir='ltr'><strong><em>μέσον</em></strong></span> <span class='ocrx_word' id='word_1_7' title='bbox 926 297 1082 351; x_wconf 87' lang='grc' dir='ltr'><em>σάκος,</em></span> <span class='ocrx_word' id='word_1_8' title='bbox 1114 299 1207 342; x_wconf 80' lang='grc' dir='ltr'><em>αἰὲν</em></span> <span class='ocrx_word' id='word_1_9' title='bbox 1237 300 1408 342; x_wconf 77' lang='grc' dir='ltr'><em>ἕποντο.</em></span> 
     </span>
    </p>

    <p class='ocr_par' dir='ltr' id='par_1_4' title="bbox 268 354 1481 582">
     <span class='ocr_line' id='line_1_4' title="bbox 272 354 1481 428; baseline 0.001 -30"><span class='ocrx_word' id='word_1_10' title='bbox 272 356 384 406; x_wconf 86' lang='grc' dir='ltr'><em>Α’ίας</em></span> <span class='ocrx_word' id='word_1_11' title='bbox 415 355 460 399; x_wconf 89' lang='grc' dir='ltr'><em>δ’</em></span> <span class='ocrx_word' id='word_1_12' title='bbox 490 354 645 399; x_wconf 79' lang='grc' dir='ltr'><em>ἄλλοτε</em></span> <span class='ocrx_word' id='word_1_13' title='bbox 678 355 758 410; x_wconf 79' lang='grc' dir='ltr'><em>μὲν</em></span> <span class='ocrx_word' id='word_1_14' title='bbox 786 355 1058 428; x_wconf 81' lang='grc' dir='ltr'><em>μνησάσκετο</em></span> <span class='ocrx_word' id='word_1_15' title='bbox 1092 355 1309 411; x_wconf 81' lang='grc' dir='ltr'><em>θούριδος</em></span> <span class='ocrx_word' id='word_1_16' title='bbox 1337 355 1481 412; x_wconf 87' lang='grc' dir='ltr'><em>ἀλκῆς,</em></span> 
     </span>
     <span class='ocr_line' id='line_1_5' title="bbox 270 410 1428 483; baseline 0.001 -29"><span class='ocrx_word' id='word_1_17' title='bbox 270 429 394 462; x_wconf 90' lang='grc' dir='ltr'><em>αυτις</em></span> <span class='ocrx_word' id='word_1_18' title='bbox 423 410 768 482; x_wconf 79' lang='grc' dir='ltr'><em>υποστρεφθεὶς,</em></span> <span class='ocrx_word' id='word_1_19' title='bbox 799 415 872 456; x_wconf 87' lang='grc' dir='ltr'><em>καὶ</em></span> <span class='ocrx_word' id='word_1_20' title='bbox 901 413 1169 483; x_wconf 78' lang='grc' dir='ltr'><em>ἐρητύσασκε</em></span> <span class='ocrx_word' id='word_1_21' title='bbox 1200 413 1428 468; x_wconf 74' lang='grc' dir='ltr'><em>φάλαγγας</em></span> 
     </span>
     <span class='ocr_line' id='line_1_6' title="bbox 275 468 1474 540; baseline 0.001 -29"><span class='ocrx_word' id='word_1_22' title='bbox 275 469 442 538; x_wconf 82' lang='grc' dir='ltr'><em>Τρώων</em></span> <span class='ocrx_word' id='word_1_23' title='bbox 475 469 760 523; x_wconf 80' lang='grc' dir='ltr'><em>ἱπποδάμων</em></span> <span class='ocrx_word' id='word_1_24' title='bbox 791 468 862 513; x_wconf 77' lang='grc' dir='ltr'><em>ὁτὲ</em></span> <span class='ocrx_word' id='word_1_25' title='bbox 894 470 940 514; x_wconf 78' lang='grc' dir='ltr'><em>δὲ</em></span> <span class='ocrx_word' id='word_1_26' title='bbox 967 469 1251 540; x_wconf 80' lang='grc' dir='ltr'><em>τρωπάσκετο</em></span> <span class='ocrx_word' id='word_1_27' title='bbox 1280 469 1474 526; x_wconf 80' lang='grc' dir='ltr'><em>φεύγειν.</em></span> 
     </span>
     <span class='ocr_line' id='line_1_7' title="bbox 268 524 1344 596; baseline 0 -27"><span class='ocrx_word' id='word_1_28' title='bbox 268 527 436 577; x_wconf 82' lang='grc' dir='ltr'><em>πάντας</em></span> <span class='ocrx_word' id='word_1_29' title='bbox 466 527 512 569; x_wconf 81' lang='grc' dir='ltr'><em>δὲ</em></span> <span class='ocrx_word' id='word_1_30' title='bbox 542 527 749 582; x_wconf 81' lang='grc' dir='ltr'><em>προέεργε</em></span> <span class='ocrx_word' id='word_1_31' title='bbox 778 527 891 577; x_wconf 82' lang='grc' dir='ltr'><em>θοὰς</em></span> <span class='ocrx_word' id='word_1_32' title='bbox 918 526 988 570; x_wconf 87' lang='grc' dir='ltr'><em>ἐπὶ</em></span> <span class='ocrx_word' id='word_1_33' title='bbox 1018 530 1129 582; x_wconf 84' lang='grc' dir='ltr'><em>νῆας</em></span> <span class='ocrx_word' id='word_1_34' title='bbox 1159 524 1344 596; x_wconf 78' lang='grc' dir='ltr'><em>ὁδεύειν,</em></span> 
     </span>
    </p>

    <p class='ocr_par' dir='ltr' id='par_1_5' title="bbox 155 581 1604 868">
     <span class='ocr_line' id='line_1_8' title="bbox 155 581 1333 639; baseline -0.002 -11"><span class='ocrx_word' id='word_1_35' title='bbox 155 586 237 629; x_wconf 81' lang='lat'><em>570</em></span> <span class='ocrx_word' id='word_1_36' title='bbox 269 581 404 633; x_wconf 78' lang='grc' dir='ltr'><em>αὐτὸς</em></span> <span class='ocrx_word' id='word_1_37' title='bbox 436 583 482 627; x_wconf 82' lang='grc' dir='ltr'><em>δὲ</em></span> <span class='ocrx_word' id='word_1_38' title='bbox 518 585 685 638; x_wconf 89' lang='grc' dir='ltr'><em>Τρωων</em></span> <span class='ocrx_word' id='word_1_39' title='bbox 714 583 788 626; x_wconf 85' lang='grc' dir='ltr'><em>καὶ</em></span> <span class='ocrx_word' id='word_1_40' title='bbox 816 582 995 639; x_wconf 85' lang='grc' dir='ltr'><em>Ἀχαιων</em></span> <span class='ocrx_word' id='word_1_41' title='bbox 1023 588 1138 626; x_wconf 86' lang='grc' dir='ltr'><em>θῦνε</em></span> <span class='ocrx_word' id='word_1_42' title='bbox 1168 583 1333 638; x_wconf 77' lang='grc' dir='ltr'><em>μεσηγὺ</em></span> 
     </span>
     <span class='ocr_line' id='line_1_9' title="bbox 271 638 1467 710; baseline 0 -28"><span class='ocrx_word' id='word_1_43' title='bbox 271 638 526 710; x_wconf 82' lang='grc' dir='ltr'><em>ἷστάμενος’</em></span> <span class='ocrx_word' id='word_1_44' title='bbox 559 640 613 684; x_wconf 80' lang='grc' dir='ltr'><em>τὰ</em></span> <span class='ocrx_word' id='word_1_45' title='bbox 644 641 690 684; x_wconf 80' lang='grc' dir='ltr'><em>δὲ</em></span> <span class='ocrx_word' id='word_1_46' title='bbox 721 642 864 695; x_wconf 85' lang='grc' dir='ltr'><em>δοῦρα</em></span> <span class='ocrx_word' id='word_1_47' title='bbox 892 639 1167 709; x_wconf 78' lang='grc' dir='ltr'><em>θρασειάων</em></span> <span class='ocrx_word' id='word_1_48' title='bbox 1178 639 1266 683; x_wconf 88' lang='grc' dir='ltr'><em>ἀπὸ</em></span> <span class='ocrx_word' id='word_1_49' title='bbox 1295 643 1467 696; x_wconf 77' lang='grc' dir='ltr'><em>χειρῶν,</em></span> 
     </span>
     <span class='ocr_line' id='line_1_10' title="bbox 267 694 1553 768; baseline 0 -29"><span class='ocrx_word' id='word_1_50' title='bbox 267 694 379 740; x_wconf 77' lang='grc' dir='ltr'><em>ἄλλα</em></span> <span class='ocrx_word' id='word_1_51' title='bbox 410 696 489 751; x_wconf 78' lang='grc' dir='ltr'><em>μὲν</em></span> <span class='ocrx_word' id='word_1_52' title='bbox 521 697 569 741; x_wconf 90' lang='grc' dir='ltr'><em>ἐν</em></span> <span class='ocrx_word' id='word_1_53' title='bbox 600 696 725 741; x_wconf 82' lang='grc' dir='ltr'><em>σάκει·</em></span> <span class='ocrx_word' id='word_1_54' title='bbox 754 696 936 766; x_wconf 80' lang='grc' dir='ltr'><em>μεγάλῳ</em></span> <span class='ocrx_word' id='word_1_55' title='bbox 957 696 1119 753; x_wconf 88' lang='grc' dir='ltr'><em>πάγεν,</em></span> <span class='ocrx_word' id='word_1_56' title='bbox 1152 695 1316 752; x_wconf 85' lang='grc' dir='ltr'><em>ὄρμενα</em></span> <span class='ocrx_word' id='word_1_57' title='bbox 1345 697 1553 768; x_wconf 80' lang='grc' dir='ltr'><em>πρόσσω’</em></span> 
     </span>
     <span class='ocr_line' id='line_1_11' title="bbox 270 752 1604 823; baseline 0 -27"><span class='ocrx_word' id='word_1_58' title='bbox 270 754 412 797; x_wconf 80' lang='grc' dir='ltr'><em>πολλά</em></span> <span class='ocrx_word' id='word_1_59' title='bbox 445 753 492 798; x_wconf 79' lang='grc' dir='ltr'><em>δὲ</em></span> <span class='ocrx_word' id='word_1_60' title='bbox 523 754 598 798; x_wconf 90' lang='grc' dir='ltr'><em>καὶ</em></span> <span class='ocrx_word' id='word_1_61' title='bbox 632 755 847 811; x_wconf 83' lang='grc' dir='ltr'><em>μεσσηγὺ,</em></span> <span class='ocrx_word' id='word_1_62' title='bbox 879 753 1021 810; x_wconf 85' lang='grc' dir='ltr'><em>πάρος</em></span> <span class='ocrx_word' id='word_1_63' title='bbox 1050 752 1185 823; x_wconf 80' lang='grc' dir='ltr'><em>χρόα</em></span> <span class='ocrx_word' id='word_1_64' title='bbox 1191 754 1352 798; x_wconf 88' lang='grc' dir='ltr'><em>λευκὸν</em></span> <span class='ocrx_word' id='word_1_65' title='bbox 1382 754 1604 809; x_wconf 83' lang='grc' dir='ltr'><em>ἐπαυρεῖν,</em></span> 
     </span>
     <span class='ocr_line' id='line_1_12' title="bbox 269 810 1274 868; baseline 0 -14"><span class='ocrx_word' id='word_1_66' title='bbox 269 810 316 854; x_wconf 87' lang='grc' dir='ltr'><em>ἐν</em></span> <span class='ocrx_word' id='word_1_67' title='bbox 345 812 449 868; x_wconf 83' lang='grc' dir='ltr'><em>γαίῃ</em></span> <span class='ocrx_word' id='word_1_68' title='bbox 480 812 681 863; x_wconf 82' lang='grc' dir='ltr'><em>ἵσταντο,</em></span> <span class='ocrx_word' id='word_1_69' title='bbox 712 810 967 868; x_wconf 84' lang='grc' dir='ltr'><em>λιλαιόμενα</em></span> <span class='ocrx_word' id='word_1_70' title='bbox 996 812 1128 867; x_wconf 82' lang='grc' dir='ltr'><em>χροὸς</em></span> <span class='ocrx_word' id='word_1_71' title='bbox 1159 812 1274 855; x_wconf 84' lang='grc' dir='ltr'><em>ἀσαι.</em></span> 
     </span>
    </p>
   </div>
   <div class='ocr_carea' id='block_1_4' title="bbox 544 891 1250 936">
    <p class='ocr_par' dir='ltr' id='par_1_6' title="bbox 544 891 1250 936">
     <span class='ocr_line' id='line_1_13' title="bbox 544 891 1250 936; baseline 0 -11"><span class='ocrx_word' id='word_1_72' title='bbox 544 891 763 936; x_wconf 83' lang='lat' dir='ltr'>Eurypylum</span> <span class='ocrx_word' id='word_1_73' title='bbox 789 903 927 936; x_wconf 87' lang='lat' dir='ltr'><strong>quoque</strong></span> <span class='ocrx_word' id='word_1_74' title='bbox 952 892 1052 925; x_wconf 86' lang='lat' dir='ltr'><strong>Paris</strong></span> <span class='ocrx_word' id='word_1_75' title='bbox 1078 892 1250 925; x_wconf 82' lang='lat' dir='ltr'><strong>vulnerat</strong></span> 
     </span>
    </p>
   </div>
   <div class='ocr_carea' id='block_1_5' title="bbox 156 960 239 1003">
    <p class='ocr_par' dir='ltr' id='par_1_7' title="bbox 156 960 239 1003">
     <span class='ocr_line' id='line_1_14' title="bbox 156 960 239 1003; baseline 0.012 -1"><span class='ocrx_word' id='word_1_76' title='bbox 156 960 239 1003; x_wconf 87' lang='lat'><em>575</em></span> 
     </span>
    </p>
   </div>
   <div class='ocr_carea' id='block_1_6' title="bbox 363 953 1530 1014">
    <p class='ocr_par' dir='ltr' id='par_1_8' title="bbox 363 953 1530 1014">
     <span class='ocr_line' id='line_1_15' title="bbox 363 953 1530 1014; baseline 0 -13"><span class='ocrx_word' id='word_1_77' title='bbox 363 957 452 1001; x_wconf 89' lang='lat' dir='ltr'><em>T6v</em></span> <span class='ocrx_word' id='word_1_78' title='bbox 482 956 525 1002; x_wconf 91' lang='grc' dir='ltr'><em>δ’</em></span> <span class='ocrx_word' id='word_1_79' title='bbox 559 976 619 1010; x_wconf 89' lang='grc' dir='ltr'><em>ως</em></span> <span class='ocrx_word' id='word_1_80' title='bbox 651 953 734 1002; x_wconf 81' lang='grc' dir='ltr'><em>οὖν</em></span> <span class='ocrx_word' id='word_1_81' title='bbox 765 957 912 1014; x_wconf 88' lang='grc' dir='ltr'><em>ἐνόησ’</em></span> <span class='ocrx_word' id='word_1_82' title='bbox 944 957 1198 1014; x_wconf 84' lang='grc' dir='ltr'><em>Εὐαίμονος</em></span> <span class='ocrx_word' id='word_1_83' title='bbox 1229 957 1390 1014; x_wconf 88' lang='grc' dir='ltr'><em>ἀγλαὸς</em></span> <span class='ocrx_word' id='word_1_84' title='bbox 1418 956 1530 1009; x_wconf 86' lang='grc' dir='ltr'><em>υιὸς,</em></span> 
     </span>
    </p>
   </div>
   <div class='ocr_carea' id='block_1_7' title="bbox 269 1013 1603 1258">
    <p class='ocr_par' dir='ltr' id='par_1_9' title="bbox 270 1013 1377 1089">
     <span class='ocr_line' id='line_1_16' title="bbox 270 1013 1377 1089; baseline 0 -31"><span class='ocrx_word' id='word_1_85' title='bbox 270 1013 563 1069; x_wconf 80' lang='grc' dir='ltr'><em>Εὐρύπυλος,</em></span> <span class='ocrx_word' id='word_1_86' title='bbox 593 1020 820 1059; x_wconf 88' lang='grc' dir='ltr'><em>πυκινοῖσι</em></span> <span class='ocrx_word' id='word_1_87' title='bbox 850 1015 1115 1089; x_wconf 83' lang='grc' dir='ltr'><em>βιαζόμενον</em></span> <span class='ocrx_word' id='word_1_88' title='bbox 1143 1016 1377 1088; x_wconf 84' lang='grc' dir='ltr'><em>βελέεσσιν,</em></span> 
     </span>
    </p>

    <p class='ocr_par' dir='ltr' id='par_1_10' title="bbox 269 1071 1603 1243">
     <span class='ocr_line' id='line_1_17' title="bbox 272 1071 1603 1130; baseline -0.001 -14"><span class='ocrx_word' id='word_1_89' title='bbox 272 1076 350 1127; x_wconf 88' lang='grc' dir='ltr'><em>στῆ</em></span> <span class='ocrx_word' id='word_1_90' title='bbox 382 1073 437 1126; x_wconf 78' lang='grc' dir='ltr'><em>ῥα</em></span> <span class='ocrx_word' id='word_1_91' title='bbox 467 1071 578 1124; x_wconf 84' lang='grc' dir='ltr'><em>παρ’</em></span> <span class='ocrx_word' id='word_1_92' title='bbox 610 1072 747 1116; x_wconf 83' lang='grc' dir='ltr'><em>αὐτὸν</em></span> <span class='ocrx_word' id='word_1_93' title='bbox 778 1072 881 1123; x_wconf 85' lang='grc' dir='ltr'><em>ἰων,</em></span> <span class='ocrx_word' id='word_1_94' title='bbox 914 1074 990 1116; x_wconf 85' lang='grc' dir='ltr'><em>καὶ</em></span> <span class='ocrx_word' id='word_1_95' title='bbox 1021 1072 1223 1118; x_wconf 80' lang='grc' dir='ltr'><em>ἀκόντισε</em></span> <span class='ocrx_word' id='word_1_96' title='bbox 1254 1073 1382 1126; x_wconf 89' lang='grc' dir='ltr'><em>δουρὶ</em></span> <span class='ocrx_word' id='word_1_97' title='bbox 1418 1073 1603 1130; x_wconf 76' lang='grc' dir='ltr'><em>φαεινῷ,</em></span> 
     </span>
     <span class='ocr_line' id='line_1_18' title="bbox 270 1128 1461 1202; baseline -0.001 -29"><span class='ocrx_word' id='word_1_98' title='bbox 270 1130 344 1173; x_wconf 82' lang='grc' dir='ltr'><em>καὶ</em></span> <span class='ocrx_word' id='word_1_99' title='bbox 379 1128 484 1184; x_wconf 88' lang='grc' dir='ltr'><em>βάλε</em></span> <span class='ocrx_word' id='word_1_100' title='bbox 521 1129 782 1186; x_wconf 89' lang='grc' dir='ltr'><em>Φαυσιάδην</em></span> <span class='ocrx_word' id='word_1_101' title='bbox 811 1130 1075 1183; x_wconf 81' lang='grc' dir='ltr'><em>Ἀπισάονα,</em></span> <span class='ocrx_word' id='word_1_102' title='bbox 1109 1130 1297 1202; x_wconf 82' lang='grc' dir='ltr'><em>ποιμένα</em></span> <span class='ocrx_word' id='word_1_103' title='bbox 1326 1133 1461 1178; x_wconf 88' lang='grc' dir='ltr'><em>λαων,</em></span> 
     </span>
     <span class='ocr_line' id='line_1_19' title="bbox 269 1184 1569 1258; baseline 0 -30"><span class='ocrx_word' id='word_1_104' title='bbox 269 1188 399 1257; x_wconf 76' lang='grc' dir='ltr'><em>ἧπαρ</em></span> <span class='ocrx_word' id='word_1_105' title='bbox 419 1185 504 1229; x_wconf 85' lang='grc' dir='ltr'><em>ὑπὸ</em></span> <span class='ocrx_word' id='word_1_106' title='bbox 534 1189 787 1241; x_wconf 86' lang='grc' dir='ltr'><em>πραπίδων,</em></span> <span class='ocrx_word' id='word_1_107' title='bbox 819 1184 947 1242; x_wconf 83' lang='grc' dir='ltr'><em>εἶθαρ</em></span> <span class='ocrx_word' id='word_1_108' title='bbox 977 1186 1019 1231; x_wconf 88' lang='grc' dir='ltr'><em>δ’</em></span> <span class='ocrx_word' id='word_1_109' title='bbox 1054 1186 1142 1231; x_wconf 77' lang='grc' dir='ltr'><em>ὑπό</em></span> <span class='ocrx_word' id='word_1_110' title='bbox 1176 1185 1357 1258; x_wconf 79' lang='grc' dir='ltr'><em>γούνατ’</em></span> <span class='ocrx_word' id='word_1_111' title='bbox 1395 1186 1569 1230; x_wconf 86' lang='grc' dir='ltr'><em>ε’λυσεν·</em></span> 
     </span>
    </p>
   </div>
   <div class='ocr_carea' id='block_1_8' title="bbox 158 1243 240 1288">
    <p class='ocr_par' dir='ltr' id='par_1_11' title="bbox 158 1243 240 1288">
     <span class='ocr_line' id='line_1_20' title="bbox 158 1243 240 1288; baseline 0.037 -3"><span class='ocrx_word' id='word_1_112' title='bbox 158 1243 240 1288; x_wconf 88' lang='grc'><em>580</em></span> 
     </span>
    </p>
   </div>
   <div class='ocr_carea' id='block_1_9' title="bbox 270 1241 1634 1315">
    <p class='ocr_par' dir='ltr' id='par_1_12' title="bbox 270 1241 1634 1315">
     <span class='ocr_line' id='line_1_21' title="bbox 270 1241 1634 1315; baseline -0.001 -29"><span class='ocrx_word' id='word_1_113' title='bbox 270 1241 543 1315; x_wconf 82' lang='grc' dir='ltr'><em>Εὐρύπυλος</em></span> <span class='ocrx_word' id='word_1_114' title='bbox 573 1243 615 1287; x_wconf 84' lang='grc' dir='ltr'><em>δ’</em></span> <span class='ocrx_word' id='word_1_115' title='bbox 645 1243 884 1297; x_wconf 81' lang='grc' dir='ltr'><em>ἐπόρουσε,</em></span> <span class='ocrx_word' id='word_1_116' title='bbox 915 1246 988 1288; x_wconf 87' lang='grc' dir='ltr'><em>καὶ</em></span> <span class='ocrx_word' id='word_1_117' title='bbox 1021 1247 1173 1288; x_wconf 87' lang='grc' dir='ltr'><em>αι’νυτο</em></span> <span class='ocrx_word' id='word_1_118' title='bbox 1203 1242 1345 1299; x_wconf 83' lang='grc' dir='ltr'><em>τεύχε’</em></span> <span class='ocrx_word' id='word_1_119' title='bbox 1379 1241 1456 1286; x_wconf 86' lang='grc' dir='ltr'><em>ἀπ’</em></span> <span class='ocrx_word' id='word_1_120' title='bbox 1489 1241 1634 1299; x_wconf 78' lang='grc' dir='ltr'><em>ὤμων.</em></span> 
     </span>
    </p>
   </div>
   <div class='ocr_carea' id='block_1_10' title="bbox 270 1298 1519 1545">
    <p class='ocr_par' dir='ltr' id='par_1_13' title="bbox 270 1298 1517 1530">
     <span class='ocr_line' id='line_1_22' title="bbox 270 1298 1383 1374; baseline -0.001 -30"><span class='ocrx_word' id='word_1_121' title='bbox 270 1298 350 1344; x_wconf 80' lang='grc' dir='ltr'><em>τόν</em></span> <span class='ocrx_word' id='word_1_122' title='bbox 381 1298 424 1343; x_wconf 86' lang='grc' dir='ltr'><em>δ’</em></span> <span class='ocrx_word' id='word_1_123' title='bbox 460 1317 518 1352; x_wconf 91' lang='grc' dir='ltr'><em>ως</em></span> <span class='ocrx_word' id='word_1_124' title='bbox 553 1302 636 1344; x_wconf 88' lang='grc' dir='ltr'><em>οὐν</em></span> <span class='ocrx_word' id='word_1_125' title='bbox 665 1300 844 1373; x_wconf 87' lang='grc' dir='ltr'><em>ἐνόησεν</em></span> <span class='ocrx_word' id='word_1_126' title='bbox 870 1299 1152 1372; x_wconf 80' lang='grc' dir='ltr'><em>Ἀλέξανδρος</em></span> <span class='ocrx_word' id='word_1_127' title='bbox 1181 1299 1383 1374; x_wconf 74' lang='grc' dir='ltr'><em>θεοειδής</em></span> 
     </span>
     <span class='ocr_line' id='line_1_23' title="bbox 271 1355 1411 1429; baseline 0 -29"><span class='ocrx_word' id='word_1_128' title='bbox 271 1355 412 1429; x_wconf 88' lang='grc' dir='ltr'><em>τεύχε’</em></span> <span class='ocrx_word' id='word_1_129' title='bbox 445 1355 751 1412; x_wconf 80' lang='grc' dir='ltr'><em>ἀπαινύμενον</em></span> <span class='ocrx_word' id='word_1_130' title='bbox 777 1356 1060 1412; x_wconf 81' lang='grc' dir='ltr'><em>Ἀπισάονος,</em></span> <span class='ocrx_word' id='word_1_131' title='bbox 1092 1356 1251 1402; x_wconf 81' lang='grc' dir='ltr'><em>αὐτίκα</em></span> <span class='ocrx_word' id='word_1_132' title='bbox 1280 1358 1411 1410; x_wconf 83' lang='grc' dir='ltr'><em>τόξον</em></span> 
     </span>
     <span class='ocr_line' id='line_1_24' title="bbox 273 1412 1519 1484; baseline -0.001 -26"><span class='ocrx_word' id='word_1_133' title='bbox 273 1412 410 1458; x_wconf 74' lang='grc' dir='ltr'><em>ἕλκετ’</em></span> <span class='ocrx_word' id='word_1_134' title='bbox 443 1413 517 1458; x_wconf 78' lang='grc' dir='ltr'><em>ἐπ’</em></span> <span class='ocrx_word' id='word_1_135' title='bbox 549 1414 829 1484; x_wconf 83' lang='grc' dir='ltr'><em>Εὐρυπύλῳ,</em></span> <span class='ocrx_word' id='word_1_136' title='bbox 860 1416 935 1459; x_wconf 85' lang='grc' dir='ltr'><em>καί</em></span> <span class='ocrx_word' id='word_1_137' title='bbox 965 1432 1041 1471; x_wconf 92' lang='grc' dir='ltr'><em>μιν</em></span> <span class='ocrx_word' id='word_1_138' title='bbox 1071 1415 1176 1471; x_wconf 84' lang='grc' dir='ltr'><em>βάλε</em></span> <span class='ocrx_word' id='word_1_139' title='bbox 1207 1415 1375 1484; x_wconf 86' lang='grc' dir='ltr'><em>μηρὸν</em></span> <span class='ocrx_word' id='word_1_140' title='bbox 1384 1413 1519 1472; x_wconf 76' lang='grc' dir='ltr'><em>ὀϊστῷ</em></span> 
     </span>
     <span class='ocr_line' id='line_1_25' title="bbox 275 1470 1418 1545; baseline 0 -30"><span class='ocrx_word' id='word_1_141' title='bbox 275 1470 442 1525; x_wconf 81' lang='grc' dir='ltr'><em>δεξιόν·</em></span> <span class='ocrx_word' id='word_1_142' title='bbox 476 1471 670 1529; x_wconf 85' lang='grc' dir='ltr'><em>ἐκλάσθη</em></span> <span class='ocrx_word' id='word_1_143' title='bbox 700 1472 746 1516; x_wconf 79' lang='grc' dir='ltr'><em>δὲ</em></span> <span class='ocrx_word' id='word_1_144' title='bbox 777 1471 935 1545; x_wconf 80' lang='grc' dir='ltr'><em>δόναξ,</em></span> <span class='ocrx_word' id='word_1_145' title='bbox 966 1472 1154 1530; x_wconf 85' lang='grc' dir='ltr'><em>ἐβάρυνε</em></span> <span class='ocrx_word' id='word_1_146' title='bbox 1183 1474 1230 1516; x_wconf 86' lang='grc' dir='ltr'><em>δὲ</em></span> <span class='ocrx_word' id='word_1_147' title='bbox 1260 1470 1418 1529; x_wconf 91' lang='grc' dir='ltr'><em>μηρόν.</em></span> 
     </span>
    </p>
   </div>
   <div class='ocr_carea' id='block_1_11' title="bbox 101 1558 917 1793">
    <p class='ocr_par' dir='ltr' id='par_1_14' title="bbox 101 1558 917 1793">
     <span class='ocr_line' id='line_1_26' title="bbox 101 1558 915 1608; baseline 0.004 -13"><span class='ocrx_word' id='word_1_148' title='bbox 101 1561 191 1600; x_wconf 84' lang='grc'><em>491,</em></span> <span class='ocrx_word' id='word_1_149' title='bbox 213 1558 255 1604; x_wconf 69' lang='grc' dir='ltr'><em>ζ,</em></span> <span class='ocrx_word' id='word_1_150' title='bbox 282 1564 362 1599; x_wconf 88' lang='grc'><em>111.</em></span> <span class='ocrx_word' id='word_1_151' title='bbox 405 1562 450 1596; x_wconf 88' lang='lat' dir='ltr'><em>cf.</em></span> <span class='ocrx_word' id='word_1_152' title='bbox 481 1573 588 1608; x_wconf 88' lang='lat' dir='ltr'>supra</span> <span class='ocrx_word' id='word_1_153' title='bbox 614 1565 694 1599; x_wconf 89' lang='grc'><em>220.</em></span> <span class='ocrx_word' id='word_1_154' title='bbox 718 1583 764 1588; x_wconf 96' lang='grc'>-</span> <span class='ocrx_word' id='word_1_155' title='bbox 799 1561 915 1598; x_wconf 86' lang='grc' dir='ltr'><em>νύσ-</em></span> 
     </span>
     <span class='ocr_line' id='line_1_27' title="bbox 103 1609 916 1663; baseline 0.004 -20"><span class='ocrx_word' id='word_1_156' title='bbox 103 1619 280 1650; x_wconf 84' lang='grc' dir='ltr'><em>σοντες</em></span> <span class='ocrx_word' id='word_1_157' title='bbox 306 1611 363 1645; x_wconf 88' lang='grc'><em>96.</em></span> <span class='ocrx_word' id='word_1_158' title='bbox 388 1627 434 1633; x_wconf 84' lang='lat'><em>——</em></span> <span class='ocrx_word' id='word_1_159' title='bbox 441 1609 585 1663; x_wconf 78' lang='grc' dir='ltr'><em>ξυστ.</em></span> <span class='ocrx_word' id='word_1_160' title='bbox 610 1612 691 1646; x_wconf 90' lang='grc'><em>260.</em></span> <span class='ocrx_word' id='word_1_161' title='bbox 719 1628 761 1635; x_wconf 87' lang='grc'><em>-·</em></span> <span class='ocrx_word' id='word_1_162' title='bbox 795 1623 916 1655; x_wconf 88' lang='grc' dir='ltr'><em>μνη-</em></span> 
     </span>
     <span class='ocr_line' id='line_1_28' title="bbox 103 1652 917 1701; baseline 0 -11"><span class='ocrx_word' id='word_1_163' title='bbox 103 1666 125 1690; x_wconf 93' lang='grc' dir='ltr'><em>σ</em></span> <span class='ocrx_word' id='word_1_164' title='bbox 135 1653 159 1689; x_wconf 88' lang='grc' dir='ltr'><em>ά</em></span> <span class='ocrx_word' id='word_1_165' title='bbox 170 1666 189 1689; x_wconf 92' lang='grc' dir='ltr'><em>σ</em></span> <span class='ocrx_word' id='word_1_166' title='bbox 202 1667 223 1688; x_wconf 87' lang='grc' dir='ltr'><em>κ</em></span> <span class='ocrx_word' id='word_1_167' title='bbox 235 1667 280 1690; x_wconf 88' lang='grc' dir='ltr'><em>ετ</em></span> <span class='ocrx_word' id='word_1_168' title='bbox 292 1668 311 1690; x_wconf 93' lang='grc' dir='ltr'><em>ο</em></span> <span class='ocrx_word' id='word_1_169' title='bbox 325 1680 336 1697; x_wconf 90' lang='grc'><em>,</em></span> <span class='ocrx_word' id='word_1_170' title='bbox 361 1652 557 1700; x_wconf 85' lang='grc' dir='ltr'><em>ἐμνήσατο,</em></span> <span class='ocrx_word' id='word_1_171' title='bbox 583 1656 833 1690; x_wconf 81' lang='lat' dir='ltr'><em>recordabatur</em></span> <span class='ocrx_word' id='word_1_172' title='bbox 849 1669 917 1701; x_wconf 85' lang='lat' dir='ltr'><em>pu-</em></span> 
     </span>
     <span class='ocr_line' id='line_1_29' title="bbox 101 1703 917 1748; baseline 0.004 -13"><span class='ocrx_word' id='word_1_173' title='bbox 101 1713 212 1748; x_wconf 79' lang='lat' dir='ltr'><em>gnae,</em></span> <span class='ocrx_word' id='word_1_174' title='bbox 232 1704 422 1747; x_wconf 84' lang='lat' dir='ltr'><strong>pugnabat.</strong></span> <span class='ocrx_word' id='word_1_175' title='bbox 458 1703 563 1737; x_wconf 82' lang='lat' dir='ltr'>semel</span> <span class='ocrx_word' id='word_1_176' title='bbox 582 1703 723 1744; x_wconf 73' lang='lat' dir='ltr'><strong>dictum</strong></span> <span class='ocrx_word' id='word_1_177' title='bbox 750 1708 787 1736; x_wconf 88' lang='lat' dir='ltr'><em>ut</em></span> <span class='ocrx_word' id='word_1_178' title='bbox 805 1717 855 1747; x_wconf 89' lang='grc' dir='ltr'><em>τρ</em></span> <span class='ocrx_word' id='word_1_179' title='bbox 869 1716 917 1738; x_wconf 81' lang='grc' dir='ltr'><em>(ο-</em></span> 
     </span>
     <span class='ocr_line' id='line_1_30' title="bbox 102 1747 916 1793; baseline 0.001 -10"><span class='ocrx_word' id='word_1_180' title='bbox 102 1750 336 1789; x_wconf 85' lang='grc' dir='ltr'><em>πάσκετο,</em></span> <span class='ocrx_word' id='word_1_181' title='bbox 371 1748 449 1791; x_wconf 80' lang='grc' dir='ltr'><em>ἐτρε</em></span> <span class='ocrx_word' id='word_1_182' title='bbox 444 1747 562 1790; x_wconf 87' lang='grc' dir='ltr'><em>’,πετο</em></span> <span class='ocrx_word' id='word_1_183' title='bbox 597 1756 632 1782; x_wconf 89' lang='lat' dir='ltr'><em>et</em></span> <span class='ocrx_word' id='word_1_184' title='bbox 670 1749 916 1793; x_wconf 82' lang='grc' dir='ltr'><em>προέεργε.</em></span> 
     </span>
    </p>
   </div>
   <div class='ocr_carea' id='block_1_12' title="bbox 102 1773 919 1945">
    <p class='ocr_par' dir='ltr' id='par_1_15' title="bbox 102 1773 919 1927">
     <span class='ocr_line' id='line_1_31' title="bbox 102 1773 919 1839; baseline 0.002 -10"><span class='ocrx_word' id='word_1_185' title='bbox 102 1793 295 1838; x_wconf 77' lang='grc' dir='ltr'><em>-ἐρητ,</em></span> <span class='ocrx_word' id='word_1_186' title='bbox 323 1773 369 1839; x_wconf 81' lang='grc' dir='ltr'><em>β’,</em></span> <span class='ocrx_word' id='word_1_187' title='bbox 395 1796 473 1830; x_wconf 83' lang='lat'>189.</span> <span class='ocrx_word' id='word_1_188' title='bbox 498 1813 544 1819; x_wconf 77' lang='lat'>—</span> <span class='ocrx_word' id='word_1_189' title='bbox 576 1795 694 1829; x_wconf 78' lang='lat' dir='ltr'>schol.</span> <span class='ocrx_word' id='word_1_190' title='bbox 722 1797 769 1829; x_wconf 81' lang='lat' dir='ltr'><em>A·</em></span> <span class='ocrx_word' id='word_1_191' title='bbox 794 1798 919 1831; x_wconf 89' lang='grc' dir='ltr'><em>πάν-</em></span> 
     </span>
     <span class='ocr_line' id='line_1_32' title="bbox 103 1837 919 1886; baseline 0 -10"><span class='ocrx_word' id='word_1_192' title='bbox 103 1853 191 1882; x_wconf 85' lang='grc' dir='ltr'><em>τας</em></span> <span class='ocrx_word' id='word_1_193' title='bbox 215 1840 265 1876; x_wconf 87' lang='grc' dir='ltr'><em>δε</em></span> <span class='ocrx_word' id='word_1_194' title='bbox 289 1854 359 1884; x_wconf 87' lang='grc' dir='ltr'><em>πρ.</em></span> <span class='ocrx_word' id='word_1_195' title='bbox 400 1837 485 1885; x_wconf 81' lang='grc' dir='ltr'><em>ἦτοι</em></span> <span class='ocrx_word' id='word_1_196' title='bbox 509 1839 645 1877; x_wconf 81' lang='grc' dir='ltr'><em>ἐκώλυε</em></span> <span class='ocrx_word' id='word_1_197' title='bbox 669 1840 758 1882; x_wconf 82' lang='grc' dir='ltr'><em>τούς</em></span> <span class='ocrx_word' id='word_1_198' title='bbox 787 1844 919 1886; x_wconf 82' lang='grc' dir='ltr'><em>Τρωας</em></span> 
     </span>
     <span class='ocr_line' id='line_1_33' title="bbox 103 1886 917 1945; baseline -0.001 -22"><span class='ocrx_word' id='word_1_199' title='bbox 103 1886 297 1945; x_wconf 79' lang='grc' dir='ltr'><em>ἐμπίπτειν</em></span> <span class='ocrx_word' id='word_1_200' title='bbox 321 1890 404 1927; x_wconf 85' lang='grc' dir='ltr'><em>ταῖς</em></span> <span class='ocrx_word' id='word_1_201' title='bbox 428 1889 551 1923; x_wconf 87' lang='grc' dir='ltr'><em>ναυσί.</em></span> <span class='ocrx_word' id='word_1_202' title='bbox 584 1907 628 1913; x_wconf 90' lang='grc'><em>--</em></span> <span class='ocrx_word' id='word_1_203' title='bbox 667 1890 800 1924; x_wconf 84' lang='grc' dir='ltr'><em>θῦνε.</em></span> <span class='ocrx_word' id='word_1_204' title='bbox 835 1888 917 1924; x_wconf 87' lang='grc'><em>342.</em></span> 
     </span>
    </p>
   </div>
   <div class='ocr_carea' id='block_1_13' title="bbox 103 1932 925 2779">
    <p class='ocr_par' dir='ltr' id='par_1_16' title="bbox 103 1932 923 2489">
     <span class='ocr_line' id='line_1_34' title="bbox 103 1932 920 1993; baseline 0.002 -25"><span class='ocrx_word' id='word_1_205' title='bbox 103 1954 148 1960; x_wconf 94' lang='lat'><em>—-</em></span> <span class='ocrx_word' id='word_1_206' title='bbox 172 1933 228 1969; x_wconf 77' lang='grc' dir='ltr'><em>τοὶ</em></span> <span class='ocrx_word' id='word_1_207' title='bbox 255 1932 306 1970; x_wconf 80' lang='grc' dir='ltr'><em>δὲ</em></span> <span class='ocrx_word' id='word_1_208' title='bbox 328 1935 504 1993; x_wconf 82' lang='grc' dir='ltr'><em>δοῦρα</em></span> <span class='ocrx_word' id='word_1_209' title='bbox 539 1945 573 1967; x_wconf 75' lang='grc' dir='ltr'><em>ν.</em></span> <span class='ocrx_word' id='word_1_210' title='bbox 602 1945 679 1968; x_wconf 82' lang='lat' dir='ltr'><em>ann.</em></span> <span class='ocrx_word' id='word_1_211' title='bbox 702 1936 745 1969; x_wconf 87' lang='lat' dir='ltr'><em>ad</em></span> <span class='ocrx_word' id='word_1_212' title='bbox 768 1935 848 1970; x_wconf 84' lang='lat'>455.</span> <span class='ocrx_word' id='word_1_213' title='bbox 873 1952 920 1958; x_wconf 90' lang='lat'>—</span> 
     </span>
     <span class='ocr_line' id='line_1_35' title="bbox 103 1977 919 2039; baseline -0.001 -22"><span class='ocrx_word' id='word_1_214' title='bbox 103 1978 280 2035; x_wconf 86' lang='grc' dir='ltr'><em>πάγεν,</em></span> <span class='ocrx_word' id='word_1_215' title='bbox 321 1979 546 2036; x_wconf 80' lang='grc' dir='ltr'><em>ἐπάγησαν.)</em></span> <span class='ocrx_word' id='word_1_216' title='bbox 623 1978 809 2039; x_wconf 79' lang='grc' dir='ltr'><em>ὄρμενα</em></span> <span class='ocrx_word' id='word_1_217' title='bbox 845 1977 919 2026; x_wconf 89' lang='grc' dir='ltr'><em>(ρ,</em></span> 
     </span>
     <span class='ocr_line' id='line_1_36' title="bbox 103 2024 920 2085; baseline -0.001 -22"><span class='ocrx_word' id='word_1_218' title='bbox 103 2029 194 2069; x_wconf 90' lang='grc'><em>738,</em></span> <span class='ocrx_word' id='word_1_219' title='bbox 220 2025 274 2071; x_wconf 84' lang='grc' dir='ltr'><em>φ’,</em></span> <span class='ocrx_word' id='word_1_220' title='bbox 302 2026 373 2085; x_wconf 88' lang='grc'><strong>14.)</strong></span> <span class='ocrx_word' id='word_1_221' title='bbox 398 2040 469 2071; x_wconf 88' lang='grc' dir='ltr'><em>πρ.</em></span> <span class='ocrx_word' id='word_1_222' title='bbox 506 2024 679 2070; x_wconf 76' lang='grc' dir='ltr'><em>ὁρμῶντα</em></span> <span class='ocrx_word' id='word_1_223' title='bbox 703 2025 764 2064; x_wconf 78' lang='grc' dir='ltr'><em>ἐπὶ</em></span> <span class='ocrx_word' id='word_1_224' title='bbox 787 2027 830 2063; x_wconf 80' lang='grc' dir='ltr'><em>τὸ</em></span> <span class='ocrx_word' id='word_1_225' title='bbox 859 2027 920 2072; x_wconf 77' lang='grc' dir='ltr'><em>ἒμ-</em></span> 
     </span>
     <span class='ocr_line' id='line_1_37' title="bbox 104 2072 920 2118; baseline 0 -8"><span class='ocrx_word' id='word_1_226' title='bbox 104 2077 284 2117; x_wconf 84' lang='grc' dir='ltr'><em>προσθεν.</em></span> <span class='ocrx_word' id='word_1_227' title='bbox 348 2073 596 2117; x_wconf 84' lang='grc' dir='ltr'><em>ἐπαυρεῖν.</em></span> <span class='ocrx_word' id='word_1_228' title='bbox 640 2073 713 2118; x_wconf 90' lang='grc' dir='ltr'><em>(ν’</em></span> <span class='ocrx_word' id='word_1_229' title='bbox 748 2076 837 2116; x_wconf 90' lang='lat'><em>649,</em></span> <span class='ocrx_word' id='word_1_230' title='bbox 879 2072 920 2117; x_wconf 87' lang='lat'><em>6&#39;,</em></span> 
     </span>
     <span class='ocr_line' id='line_1_38' title="bbox 104 2118 922 2166; baseline 0 -12"><span class='ocrx_word' id='word_1_231' title='bbox 104 2122 197 2162; x_wconf 76' lang='lat'><em>302,</em></span> <span class='ocrx_word' id='word_1_232' title='bbox 220 2118 275 2166; x_wconf 81' lang='grc' dir='ltr'><em>ψ’,</em></span> <span class='ocrx_word' id='word_1_233' title='bbox 297 2120 378 2155; x_wconf 73' lang='lat'>340.</span> <span class='ocrx_word' id='word_1_234' title='bbox 389 2120 404 2163; x_wconf 88' lang='lat'><em>)</em></span> <span class='ocrx_word' id='word_1_235' title='bbox 439 2119 689 2164; x_wconf 80' lang='grc' dir='ltr'><em>ἐφάψασθαι,</em></span> <span class='ocrx_word' id='word_1_236' title='bbox 725 2119 922 2166; x_wconf 77' lang='grc' dir='ltr'><em>ε’πιθίγειν.</em></span> 
     </span>
     <span class='ocr_line' id='line_1_39' title="bbox 106 2164 922 2211; baseline -0.002 -9"><span class='ocrx_word' id='word_1_237' title='bbox 106 2164 320 2211; x_wconf 82' lang='grc' dir='ltr'><em>(λευκόν.</em></span> <span class='ocrx_word' id='word_1_238' title='bbox 351 2167 503 2201; x_wconf 83' lang='grc' dir='ltr'><em>καλὸν</em></span> <span class='ocrx_word' id='word_1_239' title='bbox 535 2168 641 2201; x_wconf 80' lang='lat' dir='ltr'><strong>habet</strong></span> <span class='ocrx_word' id='word_1_240' title='bbox 665 2165 709 2208; x_wconf 80' lang='grc' dir='ltr'><em>θ’,</em></span> <span class='ocrx_word' id='word_1_241' title='bbox 734 2170 835 2208; x_wconf 74' lang='grc'><em>316,</em></span> <span class='ocrx_word' id='word_1_242' title='bbox 862 2167 922 2201; x_wconf 87' lang='lat' dir='ltr'><em>ubi</em></span> 
     </span>
     <span class='ocr_line' id='line_1_40' title="bbox 106 2213 921 2259; baseline 0 -11"><span class='ocrx_word' id='word_1_243' title='bbox 106 2215 194 2248; x_wconf 82' lang='lat' dir='ltr'><strong>haec</strong></span> <span class='ocrx_word' id='word_1_244' title='bbox 213 2213 338 2247; x_wconf 87' lang='lat' dir='ltr'><strong>iterum</strong></span> <span class='ocrx_word' id='word_1_245' title='bbox 361 2214 535 2256; x_wconf 70' lang='lat' dir='ltr'><strong>leguntur,</strong></span> <span class='ocrx_word' id='word_1_246' title='bbox 555 2225 618 2246; x_wconf 80' lang='lat' dir='ltr'><em>nec</em></span> <span class='ocrx_word' id='word_1_247' title='bbox 644 2215 746 2248; x_wconf 84' lang='lat' dir='ltr'><strong>aliter</strong></span> <span class='ocrx_word' id='word_1_248' title='bbox 763 2214 853 2248; x_wconf 84' lang='lat' dir='ltr'><em>hoc</em></span> <span class='ocrx_word' id='word_1_249' title='bbox 844 2225 921 2259; x_wconf 76' lang='lat' dir='ltr'><em>ipso</em></span> 
     </span>
     <span class='ocr_line' id='line_1_41' title="bbox 106 2259 922 2306; baseline 0 -12"><span class='ocrx_word' id='word_1_250' title='bbox 106 2260 182 2294; x_wconf 86' lang='lat' dir='ltr'><strong>loco</strong></span> <span class='ocrx_word' id='word_1_251' title='bbox 200 2260 332 2304; x_wconf 77' lang='lat' dir='ltr'>aliquot</span> <span class='ocrx_word' id='word_1_252' title='bbox 353 2259 473 2300; x_wconf 88' lang='lat' dir='ltr'>codd.;</span> <span class='ocrx_word' id='word_1_253' title='bbox 501 2266 536 2292; x_wconf 82' lang='lat' dir='ltr'><em>et</em></span> <span class='ocrx_word' id='word_1_254' title='bbox 557 2260 697 2305; x_wconf 80' lang='lat' dir='ltr'><strong>saepius</strong></span> <span class='ocrx_word' id='word_1_255' title='bbox 715 2261 852 2306; x_wconf 82' lang='lat' dir='ltr'><strong>quidem</strong></span> <span class='ocrx_word' id='word_1_256' title='bbox 872 2260 922 2294; x_wconf 83' lang='lat' dir='ltr'><em>ita</em></span> 
     </span>
     <span class='ocr_line' id='line_1_42' title="bbox 107 2305 922 2351; baseline -0.001 -11"><span class='ocrx_word' id='word_1_257' title='bbox 107 2306 264 2351; x_wconf 80' lang='lat' dir='ltr'><strong>loquitur</strong></span> <span class='ocrx_word' id='word_1_258' title='bbox 299 2305 423 2345; x_wconf 54' lang='lat' dir='ltr'><strong>Hom„</strong></span> <span class='ocrx_word' id='word_1_259' title='bbox 458 2305 543 2339; x_wconf 83' lang='lat' dir='ltr'><strong>nihil</strong></span> <span class='ocrx_word' id='word_1_260' title='bbox 580 2312 694 2340; x_wconf 82' lang='lat' dir='ltr'><strong>tamen</strong></span> <span class='ocrx_word' id='word_1_261' title='bbox 725 2307 922 2340; x_wconf 81' lang='lat' dir='ltr'><strong>mutandum</strong></span> 
     </span>
     <span class='ocr_line' id='line_1_43' title="bbox 108 2350 923 2394; baseline -0.001 -8"><span class='ocrx_word' id='word_1_262' title='bbox 108 2358 173 2386; x_wconf 82' lang='lat' dir='ltr'>est.</span> <span class='ocrx_word' id='word_1_263' title='bbox 202 2371 249 2378; x_wconf 89' lang='lat'>—</span> <span class='ocrx_word' id='word_1_264' title='bbox 272 2350 481 2394; x_wconf 86' lang='grc' dir='ltr'><em>λιλαιόμ.</em></span> <span class='ocrx_word' id='word_1_265' title='bbox 523 2353 567 2386; x_wconf 83' lang='lat' dir='ltr'><em>ab</em></span> <span class='ocrx_word' id='word_1_266' title='bbox 592 2353 751 2387; x_wconf 86' lang='lat' dir='ltr'><strong>animatis</strong></span> <span class='ocrx_word' id='word_1_267' title='bbox 774 2353 923 2386; x_wconf 82' lang='lat' dir='ltr'><strong>transla-</strong></span> 
     </span>
     <span class='ocr_line' id='line_1_44' title="bbox 108 2397 922 2442; baseline 0.002 -10"><span class='ocrx_word' id='word_1_268' title='bbox 108 2403 178 2432; x_wconf 88' lang='lat' dir='ltr'><em>tum</em></span> <span class='ocrx_word' id='word_1_269' title='bbox 196 2409 272 2432; x_wconf 87' lang='lat' dir='ltr'><strong>esse</strong></span> <span class='ocrx_word' id='word_1_270' title='bbox 292 2399 472 2432; x_wconf 82' lang='lat' dir='ltr'><strong>annotavit</strong></span> <span class='ocrx_word' id='word_1_271' title='bbox 496 2398 613 2433; x_wconf 89' lang='lat' dir='ltr'><strong>Schol</strong></span> <span class='ocrx_word' id='word_1_272' title='bbox 635 2401 675 2432; x_wconf 84' lang='lat' dir='ltr'><em>A.</em></span> <span class='ocrx_word' id='word_1_273' title='bbox 709 2400 754 2433; x_wconf 85' lang='lat' dir='ltr'><em>cf.</em></span> <span class='ocrx_word' id='word_1_274' title='bbox 778 2397 821 2442; x_wconf 86' lang='grc' dir='ltr'><em>γ’,</em></span> <span class='ocrx_word' id='word_1_275' title='bbox 843 2400 922 2440; x_wconf 90' lang='grc'><em>133,</em></span> 
     </span>
     <span class='ocr_line' id='line_1_45' title="bbox 109 2443 921 2489; baseline 0 -10"><span class='ocrx_word' id='word_1_276' title='bbox 109 2444 163 2489; x_wconf 84' lang='grc' dir='ltr'><em>ψ’,</em></span> <span class='ocrx_word' id='word_1_277' title='bbox 193 2444 283 2485; x_wconf 87' lang='grc'><em>168,</em></span> <span class='ocrx_word' id='word_1_278' title='bbox 310 2443 348 2487; x_wconf 82' lang='grc' dir='ltr'><em>ε’,</em></span> <span class='ocrx_word' id='word_1_279' title='bbox 375 2445 440 2479; x_wconf 87' lang='grc'><em>661</em></span> <span class='ocrx_word' id='word_1_280' title='bbox 462 2449 530 2477; x_wconf 81' lang='lat' dir='ltr'>etc.</span> <span class='ocrx_word' id='word_1_281' title='bbox 570 2446 740 2486; x_wconf 55' lang='lat' dir='ltr'><em>„Ariston</em></span> <span class='ocrx_word' id='word_1_282' title='bbox 763 2446 865 2481; x_wconf 84' lang='lat' dir='ltr'>Rhet.</span> <span class='ocrx_word' id='word_1_283' title='bbox 887 2446 921 2480; x_wconf 88' lang='grc'><em>3.</em></span> 
     </span>
    </p>

    <p class='ocr_par' dir='ltr' id='par_1_17' title="bbox 109 2469 925 2769">
     <span class='ocr_line' id='line_1_46' title="bbox 109 2469 924 2536; baseline 0 -11"><span class='ocrx_word' id='word_1_284' title='bbox 109 2492 241 2526; x_wconf 90' lang='grc'><em>0..11.</em></span> <span class='ocrx_word' id='word_1_285' title='bbox 267 2469 306 2525; x_wconf 74' lang='grc' dir='ltr'><em>ἐν</em></span> <span class='ocrx_word' id='word_1_286' title='bbox 330 2492 423 2526; x_wconf 76' lang='grc' dir='ltr'><em>πᾶσι</em></span> <span class='ocrx_word' id='word_1_287' title='bbox 448 2489 487 2525; x_wconf 88' lang='grc' dir='ltr'><em>δε</em></span> <span class='ocrx_word' id='word_1_288' title='bbox 519 2489 560 2525; x_wconf 79' lang='lat' dir='ltr'><em>‘cd</em></span> <span class='ocrx_word' id='word_1_289' title='bbox 589 2490 773 2536; x_wconf 74' lang='grc' dir='ltr'><em>ἐνέργειαν</em></span> <span class='ocrx_word' id='word_1_290' title='bbox 799 2494 924 2526; x_wconf 77' lang='grc' dir='ltr'><em>ποιεῖν</em></span> 
     </span>
     <span class='ocr_line' id='line_1_47' title="bbox 109 2503 925 2580; baseline 0 -8"><span class='ocrx_word' id='word_1_291' title='bbox 109 2503 320 2580; x_wconf 78' lang='grc' dir='ltr'><em>εύδοκιμεῖ·</em></span> <span class='ocrx_word' id='word_1_292' title='bbox 364 2535 447 2572; x_wconf 80' lang='grc' dir='ltr'><em>οἷον</em></span> <span class='ocrx_word' id='word_1_293' title='bbox 486 2535 525 2571; x_wconf 81' lang='grc' dir='ltr'><em>ἐν</em></span> <span class='ocrx_word' id='word_1_294' title='bbox 563 2541 686 2573; x_wconf 85' lang='grc' dir='ltr'><em>τοῖσδε</em></span> <span class='ocrx_word' id='word_1_295' title='bbox 722 2536 925 2574; x_wconf 80' lang='grc' dir='ltr'><em>ἐπιπτέ-</em></span> 
     </span>
     <span class='ocr_line' id='line_1_48' title="bbox 111 2583 925 2630; baseline -0.001 -11"><span class='ocrx_word' id='word_1_296' title='bbox 111 2587 229 2619; x_wconf 83' lang='grc' dir='ltr'><em>σθαι</em></span> <span class='ocrx_word' id='word_1_297' title='bbox 252 2584 532 2630; x_wconf 86' lang='grc' dir='ltr'><em>μενεαινων.</em></span> <span class='ocrx_word' id='word_1_298' title='bbox 570 2583 634 2628; x_wconf 87' lang='grc' dir='ltr'><em>(δ’,</em></span> <span class='ocrx_word' id='word_1_299' title='bbox 664 2586 758 2629; x_wconf 89' lang='grc'><em>126.)</em></span> <span class='ocrx_word' id='word_1_300' title='bbox 783 2604 829 2609; x_wconf 89' lang='lat'><em>—-</em></span> <span class='ocrx_word' id='word_1_301' title='bbox 862 2583 925 2619; x_wconf 80' lang='grc' dir='ltr'><em>καὶ</em></span> 
     </span>
     <span class='ocr_line' id='line_1_49' title="bbox 110 2629 925 2685; baseline -0.001 -19"><span class='ocrx_word' id='word_1_302' title='bbox 110 2633 194 2666; x_wconf 85' lang='grc' dir='ltr'><em>λιλ.</em></span> <span class='ocrx_word' id='word_1_303' title='bbox 219 2629 361 2685; x_wconf 82' lang='grc' dir='ltr'><em>χροὸς</em></span> <span class='ocrx_word' id='word_1_304' title='bbox 394 2630 515 2664; x_wconf 82' lang='grc' dir='ltr'><em>ἀσαι.</em></span> <span class='ocrx_word' id='word_1_305' title='bbox 558 2630 597 2665; x_wconf 80' lang='grc' dir='ltr'><em>ἐν</em></span> <span class='ocrx_word' id='word_1_306' title='bbox 628 2643 720 2666; x_wconf 88' lang='grc' dir='ltr'><em>πασι</em></span> <span class='ocrx_word' id='word_1_307' title='bbox 744 2644 813 2675; x_wconf 84' lang='grc' dir='ltr'><em>γαρ</em></span> <span class='ocrx_word' id='word_1_308' title='bbox 837 2630 925 2665; x_wconf 84' lang='grc' dir='ltr'><em>τού-</em></span> 
     </span>
     <span class='ocr_line' id='line_1_50' title="bbox 110 2674 925 2722; baseline -0.002 -10"><span class='ocrx_word' id='word_1_309' title='bbox 110 2690 190 2718; x_wconf 88' lang='grc' dir='ltr'><em>τοις</em></span> <span class='ocrx_word' id='word_1_310' title='bbox 218 2674 284 2712; x_wconf 80' lang='grc' dir='ltr'><em>διοὶ</em></span> <span class='ocrx_word' id='word_1_311' title='bbox 314 2675 356 2711; x_wconf 86' lang='grc' dir='ltr'>τό</span> <span class='ocrx_word' id='word_1_312' title='bbox 389 2675 538 2721; x_wconf 83' lang='grc' dir='ltr'><em>ε’μψυχα</em></span> <span class='ocrx_word' id='word_1_313' title='bbox 571 2675 667 2712; x_wconf 82' lang='grc' dir='ltr'><em>εἶναι</em></span> <span class='ocrx_word' id='word_1_314' title='bbox 704 2677 925 2722; x_wconf 80' lang='grc' dir='ltr'><em>ἐνεργοῦντα</em></span> 
     </span>
     <span class='ocr_line' id='line_1_51' title="bbox 111 2723 924 2779; baseline -0.001 -21"><span class='ocrx_word' id='word_1_315' title='bbox 111 2726 298 2769; x_wconf 85' lang='grc' dir='ltr'><em>φαίνεται.</em></span> <span class='ocrx_word' id='word_1_316' title='bbox 326 2723 415 2759; x_wconf 84' lang='lat' dir='ltr'><strong>Plut.</strong></span> <span class='ocrx_word' id='word_1_317' title='bbox 437 2724 653 2778; x_wconf 78' lang='lat' dir='ltr'><em>Symposiac.</em></span> <span class='ocrx_word' id='word_1_318' title='bbox 678 2725 738 2758; x_wconf 84' lang='lat' dir='ltr'><em>lib.</em></span> <span class='ocrx_word' id='word_1_319' title='bbox 756 2727 789 2759; x_wconf 97' lang='lat'><em>9.</em></span> <span class='ocrx_word' id='word_1_320' title='bbox 812 2725 924 2779; x_wconf 87' lang='lat' dir='ltr'><em>probl.</em></span> 
     </span>
    </p>
   </div>
   <div class='ocr_carea' id='block_1_14' title="bbox 111 2768 927 2918">
    <p class='ocr_par' dir='ltr' id='par_1_18' title="bbox 111 2768 927 2909">
     <span class='ocr_line' id='line_1_52' title="bbox 113 2768 927 2815; baseline -0.002 -8"><span class='ocrx_word' id='word_1_321' title='bbox 113 2771 187 2807; x_wconf 85' lang='lat'>15.=</span> <span class='ocrx_word' id='word_1_322' title='bbox 222 2769 259 2805; x_wconf 77' lang='grc' dir='ltr'><em>οὶ</em></span> <span class='ocrx_word' id='word_1_323' title='bbox 290 2770 445 2813; x_wconf 84' lang='grc' dir='ltr'><em>ποιηταὶ</em></span> <span class='ocrx_word' id='word_1_324' title='bbox 470 2788 513 2793; x_wconf 93' lang='grc'><strong>-</strong></span> <span class='ocrx_word' id='word_1_325' title='bbox 539 2768 632 2814; x_wconf 84' lang='grc' dir='ltr'><em>πρὸς</em></span> <span class='ocrx_word' id='word_1_326' title='bbox 658 2770 723 2810; x_wconf 81' lang='grc' dir='ltr'><em>τὰς</em></span> <span class='ocrx_word' id='word_1_327' title='bbox 748 2768 927 2815; x_wconf 81' lang='grc' dir='ltr'><em>ἐμφάσεις</em></span> 
     </span>
     <span class='ocr_line' id='line_1_53' title="bbox 111 2814 926 2861; baseline -0.001 -9"><span class='ocrx_word' id='word_1_328' title='bbox 111 2830 144 2852; x_wconf 85' lang='grc' dir='ltr'><em>κ.</em></span> <span class='ocrx_word' id='word_1_329' title='bbox 164 2815 231 2857; x_wconf 82' lang='grc' dir='ltr'><em>τὰς</em></span> <span class='ocrx_word' id='word_1_330' title='bbox 252 2814 423 2861; x_wconf 84' lang='grc' dir='ltr'><em>μιμήσεις</em></span> <span class='ocrx_word' id='word_1_331' title='bbox 440 2829 472 2850; x_wconf 90' lang='grc' dir='ltr'><em>κ.</em></span> <span class='ocrx_word' id='word_1_332' title='bbox 496 2815 789 2861; x_wconf 85' lang='grc' dir='ltr'><em>ὀνοματοποιῖας</em></span> <span class='ocrx_word' id='word_1_333' title='bbox 809 2818 926 2861; x_wconf 76' lang='grc' dir='ltr'><em>χρῶν-</em></span> 
     </span>
     <span class='ocr_line' id='line_1_54' title="bbox 112 2863 926 2918; baseline 0 -19"><span class='ocrx_word' id='word_1_334' title='bbox 112 2877 175 2899; x_wconf 89' lang='grc' dir='ltr'><em>ται</em></span> <span class='ocrx_word' id='word_1_335' title='bbox 196 2877 228 2898; x_wconf 82' lang='grc' dir='ltr'><em>κ.</em></span> <span class='ocrx_word' id='word_1_336' title='bbox 254 2866 509 2908; x_wconf 81' lang='grc' dir='ltr'><em>μεταφοραῖς,</em></span> <span class='ocrx_word' id='word_1_337' title='bbox 540 2884 575 2888; x_wconf 90' lang='grc'><strong>-</strong></span> <span class='ocrx_word' id='word_1_338' title='bbox 599 2863 766 2918; x_wconf 86' lang='grc' dir='ltr'><em>λέγοντες</em></span> <span class='ocrx_word' id='word_1_339' title='bbox 792 2865 855 2899; x_wconf 85' lang='grc' dir='ltr'><em>καὶ</em></span> <span class='ocrx_word' id='word_1_340' title='bbox 879 2877 926 2899; x_wconf 93' lang='grc' dir='ltr'><em>τα</em></span> 
     </span>
    </p>
   </div>
   <div class='ocr_carea' id='block_1_15' title="bbox 113 2909 927 3047">
    <p class='ocr_par' dir='ltr' id='par_1_19' title="bbox 113 2909 926 3047">
     <span class='ocr_line' id='line_1_55' title="bbox 113 2909 926 2957; baseline -0.001 -12"><span class='ocrx_word' id='word_1_341' title='bbox 113 2909 200 2957; x_wconf 81' lang='grc' dir='ltr'><em>βέλη</em></span> <span class='ocrx_word' id='word_1_342' title='bbox 231 2909 416 2954; x_wconf 78' lang='grc' dir='ltr'><em>φέρεσθαι</em></span> <span class='ocrx_word' id='word_1_343' title='bbox 451 2909 736 2954; x_wconf 80' lang='grc' dir='ltr'><em>λιλαιόμενα</em></span> <span class='ocrx_word' id='word_1_344' title='bbox 772 2924 838 2955; x_wconf 85' lang='grc' dir='ltr'><em>χρ.</em></span> <span class='ocrx_word' id='word_1_345' title='bbox 872 2911 926 2944; x_wconf 80' lang='grc' dir='ltr'><em>ά-</em></span> 
     </span>
     <span class='ocr_line' id='line_1_56' title="bbox 114 2956 926 3001; baseline -0.002 -9"><span class='ocrx_word' id='word_1_346' title='bbox 114 2968 168 2992; x_wconf 88' lang='grc' dir='ltr'><em>σα</em></span> <span class='ocrx_word' id='word_1_347' title='bbox 181 2969 206 2990; x_wconf 89' lang='grc' dir='ltr'><em>ι.</em></span> <span class='ocrx_word' id='word_1_348' title='bbox 247 2956 342 3001; x_wconf 83' lang='lat' dir='ltr'>Virg.</span> <span class='ocrx_word' id='word_1_349' title='bbox 365 2958 447 2990; x_wconf 87' lang='lat' dir='ltr'><em>Aen.</em></span> <span class='ocrx_word' id='word_1_350' title='bbox 473 2960 539 2997; x_wconf 90' lang='lat'><em>11,</em></span> <span class='ocrx_word' id='word_1_351' title='bbox 560 2959 647 2991; x_wconf 82' lang='lat'>804.</span> <span class='ocrx_word' id='word_1_352' title='bbox 675 2958 777 2990; x_wconf 74' lang='lat' dir='ltr'><em>hasta</em></span> <span class='ocrx_word' id='word_1_353' title='bbox 791 2977 832 2982; x_wconf 88' lang='lat'>-</span> <span class='ocrx_word' id='word_1_354' title='bbox 853 2959 926 2990; x_wconf 81' lang='lat' dir='ltr'><em>alte</em></span> 
     </span>
     <span class='ocr_line' id='line_1_57' title="bbox 114 3002 927 3047; baseline 0.004 -12"><span class='ocrx_word' id='word_1_355' title='bbox 114 3002 204 3036; x_wconf 85' lang='lat' dir='ltr'><strong>bibit</strong></span> <span class='ocrx_word' id='word_1_356' title='bbox 225 3007 308 3036; x_wconf 83' lang='lat' dir='ltr'><strong><em>acta</em></strong></span> <span class='ocrx_word' id='word_1_357' title='bbox 334 3006 510 3036; x_wconf 56' lang='lat' dir='ltr'><em>cruorem!</em></span> <span class='ocrx_word' id='word_1_358' title='bbox 515 3003 620 3047; x_wconf 82' lang='lat' dir='ltr'>‘.Cl)</span> <span class='ocrx_word' id='word_1_359' title='bbox 664 3004 688 3036; x_wconf 81' lang='grc' dir='ltr'><em>ἀ</em></span> <span class='ocrx_word' id='word_1_360' title='bbox 701 3015 721 3038; x_wconf 88' lang='grc' dir='ltr'><em>σ</em></span> <span class='ocrx_word' id='word_1_361' title='bbox 732 3017 754 3037; x_wconf 89' lang='grc' dir='ltr'><em>α</em></span> <span class='ocrx_word' id='word_1_362' title='bbox 766 3017 790 3038; x_wconf 90' lang='grc' dir='ltr'><em>ι.</em></span> <span class='ocrx_word' id='word_1_363' title='bbox 824 3016 927 3045; x_wconf 81' lang='grc' dir='ltr'><em>κορε-</em></span> 
     </span>
    </p>
   </div>
   <div class='ocr_carea' id='block_1_16' title="bbox 114 3049 924 3094">
    <p class='ocr_par' dir='ltr' id='par_1_20' title="bbox 114 3049 924 3094">
     <span class='ocr_line' id='line_1_58' title="bbox 114 3049 924 3094; baseline -0.001 -9"><span class='ocrx_word' id='word_1_364' title='bbox 114 3049 273 3093; x_wconf 77' lang='grc' dir='ltr'><em>σθῆναι,</em></span> <span class='ocrx_word' id='word_1_365' title='bbox 297 3049 555 3094; x_wconf 80' lang='grc' dir='ltr'><em>πληρωθῆναι.</em></span> <span class='ocrx_word' id='word_1_366' title='bbox 582 3051 730 3093; x_wconf 79' lang='lat' dir='ltr'><strong>(Buttm.</strong></span> <span class='ocrx_word' id='word_1_367' title='bbox 756 3051 865 3084; x_wconf 77' lang='lat' dir='ltr'><em>Lexil.</em></span> <span class='ocrx_word' id='word_1_368' title='bbox 878 3050 924 3086; x_wconf 87' lang='grc' dir='ltr'><em>ΙΙ.</em></span> 
     </span>
    </p>
   </div>
   <div class='ocr_carea' id='block_1_17' title="bbox 962 1561 1811 2071">
    <p class='ocr_par' dir='ltr' id='par_1_21' title="bbox 962 1561 1778 1692">
     <span class='ocr_line' id='line_1_59' title="bbox 962 1561 1777 1621; baseline -0.007 -22"><span class='ocrx_word' id='word_1_369' title='bbox 962 1577 996 1621; x_wconf 92' lang='lat' dir='ltr'><em>p.</em></span> <span class='ocrx_word' id='word_1_370' title='bbox 1032 1565 1130 1600; x_wconf 45' lang='lat'><em>129³</em></span> <span class='ocrx_word' id='word_1_371' title='bbox 1168 1563 1258 1606; x_wconf 81' lang='lat' dir='ltr'><strong>„die</strong></span> <span class='ocrx_word' id='word_1_372' title='bbox 1290 1564 1423 1609; x_wconf 83' lang='lat' dir='ltr'>Speere</span> <span class='ocrx_word' id='word_1_373' title='bbox 1455 1563 1584 1607; x_wconf 81' lang='lat' dir='ltr'><strong>fliegen</strong></span> <span class='ocrx_word' id='word_1_374' title='bbox 1622 1561 1689 1596; x_wconf 88' lang='grc' dir='ltr'><em>λιλ.</em></span> <span class='ocrx_word' id='word_1_375' title='bbox 1722 1572 1777 1604; x_wconf 83' lang='grc' dir='ltr'><em>χρ.</em></span> 
     </span>
     <span class='ocr_line' id='line_1_60' title="bbox 963 1606 1778 1693; baseline -0.01 -46"><span class='ocrx_word' id='word_1_376' title='bbox 963 1622 1072 1693; x_wconf 55' lang='grc' dir='ltr'><em>ἕσζιε</em></span> <span class='ocrx_word' id='word_1_377' title='bbox 1097 1623 1187 1656; x_wconf 87' lang='lat' dir='ltr'><strong>ganz</strong></span> <span class='ocrx_word' id='word_1_378' title='bbox 1213 1621 1315 1644; x_wconf 90' lang='lat' dir='ltr'><strong>unser</strong></span> <span class='ocrx_word' id='word_1_379' title='bbox 1335 1610 1408 1644; x_wconf 82' lang='lat' dir='ltr'><em>sich</em></span> <span class='ocrx_word' id='word_1_380' title='bbox 1433 1621 1478 1643; x_wconf 84' lang='lat' dir='ltr'><em>zu</em></span> <span class='ocrx_word' id='word_1_381' title='bbox 1503 1607 1672 1642; x_wconf 79' lang='lat' dir='ltr'><em>weiden“</em></span> <span class='ocrx_word' id='word_1_382' title='bbox 1690 1606 1778 1650; x_wconf 77' lang='lat' dir='ltr'>etc.)</span> 
     </span>
     <span class='ocr_line' id='line_1_61' title="bbox 993 1670 1010 1691; baseline 0 0"><span class='ocrx_word' id='word_1_383' title='bbox 993 1670 1010 1691; x_wconf 93' lang='lat' dir='ltr'><strong>c</strong></span> 
     </span>
    </p>

    <p class='ocr_par' dir='ltr' id='par_1_22' title="bbox 964 1699 1811 2071">
     <span class='ocr_line' id='line_1_62' title="bbox 1009 1699 1780 1749; baseline -0.007 -10"><span class='ocrx_word' id='word_1_384' title='bbox 1009 1701 1225 1739; x_wconf 80' lang='lat'><em>576—584.</em></span> <span class='ocrx_word' id='word_1_385' title='bbox 1274 1699 1586 1749; x_wconf 78' lang='grc' dir='ltr'><em>βιαζόμενον.</em></span> <span class='ocrx_word' id='word_1_386' title='bbox 1616 1711 1780 1735; x_wconf 84' lang='grc' dir='ltr'><em>καταπο</em></span> 
     </span>
     <span class='ocr_line' id='line_1_63' title="bbox 964 1747 1780 1793; baseline -0.005 -8"><span class='ocrx_word' id='word_1_387' title='bbox 964 1749 1165 1793; x_wconf 84' lang='grc' dir='ltr'><em>νούμενον.</em></span> <span class='ocrx_word' id='word_1_388' title='bbox 1192 1749 1274 1782; x_wconf 85' lang='lat' dir='ltr'>Sch.</span> <span class='ocrx_word' id='word_1_389' title='bbox 1324 1750 1369 1783; x_wconf 84' lang='lat' dir='ltr'><em>cf.</em></span> <span class='ocrx_word' id='word_1_390' title='bbox 1394 1749 1475 1783; x_wconf 87' lang='lat'><em>589.</em></span> <span class='ocrx_word' id='word_1_391' title='bbox 1509 1767 1558 1774; x_wconf 90' lang='lat'><em>—-</em></span> <span class='ocrx_word' id='word_1_392' title='bbox 1589 1747 1780 1790; x_wconf 84' lang='grc' dir='ltr'><em>πραπί-</em></span> 
     </span>
     <span class='ocr_line' id='line_1_64' title="bbox 966 1794 1811 1838; baseline -0.006 -6"><span class='ocrx_word' id='word_1_393' title='bbox 966 1799 1071 1832; x_wconf 89' lang='grc' dir='ltr'><em>δων.</em></span> <span class='ocrx_word' id='word_1_394' title='bbox 1122 1797 1306 1838; x_wconf 84' lang='grc' dir='ltr'><em>πραπίδες</em></span> <span class='ocrx_word' id='word_1_395' title='bbox 1345 1795 1461 1828; x_wconf 85' lang='lat' dir='ltr'><strong>verbis</strong></span> <span class='ocrx_word' id='word_1_396' title='bbox 1498 1794 1717 1828; x_wconf 82' lang='lat' dir='ltr'><strong>Scholiastae</strong></span> <span class='ocrx_word' id='word_1_397' title='bbox 1749 1794 1779 1828; x_wconf 88' lang='grc' dir='ltr'><strong>Α</strong></span> <span class='ocrx_word' id='word_1_398' title='bbox 1810 1817 1811 1834; x_wconf 60' lang='grc'>;</span> 
     </span>
     <span class='ocr_line' id='line_1_65' title="bbox 964 1838 1782 1886; baseline -0.002 -9"><span class='ocrx_word' id='word_1_399' title='bbox 964 1849 1046 1877; x_wconf 90' lang='lat' dir='ltr'><strong>sunt</strong></span> <span class='ocrx_word' id='word_1_400' title='bbox 1065 1841 1254 1886; x_wconf 80' lang='grc' dir='ltr'><em>νευρώδης</em></span> <span class='ocrx_word' id='word_1_401' title='bbox 1265 1839 1364 1884; x_wconf 80' lang='grc' dir='ltr'><em>ὑμὴν</em></span> <span class='ocrx_word' id='word_1_402' title='bbox 1379 1841 1562 1883; x_wconf 79' lang='grc' dir='ltr'><em>διεζωκώς</em></span> <span class='ocrx_word' id='word_1_403' title='bbox 1577 1839 1624 1875; x_wconf 79' lang='grc' dir='ltr'><em>τά</em></span> <span class='ocrx_word' id='word_1_404' title='bbox 1645 1838 1782 1885; x_wconf 80' lang='grc' dir='ltr'><em>σπλάγ-</em></span> 
     </span>
     <span class='ocr_line' id='line_1_66' title="bbox 964 1886 1779 1934; baseline -0.004 -10"><span class='ocrx_word' id='word_1_405' title='bbox 964 1902 1035 1934; x_wconf 79' lang='grc' dir='ltr'><em>χνα</em></span> <span class='ocrx_word' id='word_1_406' title='bbox 1059 1896 1140 1928; x_wconf 86' lang='lat' dir='ltr'>etc.,</span> <span class='ocrx_word' id='word_1_407' title='bbox 1167 1889 1198 1921; x_wconf 90' lang='lat' dir='ltr'><em>h.</em></span> <span class='ocrx_word' id='word_1_408' title='bbox 1215 1900 1245 1922; x_wconf 87' lang='lat' dir='ltr'><em>e.</em></span> <span class='ocrx_word' id='word_1_409' title='bbox 1266 1888 1406 1932; x_wconf 84' lang='grc' dir='ltr'><em>φρένες,</em></span> <span class='ocrx_word' id='word_1_410' title='bbox 1424 1886 1657 1933; x_wconf 84' lang='grc' dir='ltr'><em>διάφραγμα,</em></span> <span class='ocrx_word' id='word_1_411' title='bbox 1677 1899 1779 1932; x_wconf 89' lang='lat' dir='ltr'><strong>quam</strong></span> 
     </span>
     <span class='ocr_line' id='line_1_67' title="bbox 965 1933 1781 1980; baseline -0.001 -11"><span class='ocrx_word' id='word_1_412' title='bbox 965 1946 1082 1969; x_wconf 87' lang='lat' dir='ltr'><strong>vocem</strong></span> <span class='ocrx_word' id='word_1_413' title='bbox 1119 1934 1295 1968; x_wconf 86' lang='lat' dir='ltr'><strong>Platonem</strong></span> <span class='ocrx_word' id='word_1_414' title='bbox 1331 1935 1517 1980; x_wconf 83' lang='lat' dir='ltr'><strong>protulisse</strong></span> <span class='ocrx_word' id='word_1_415' title='bbox 1549 1933 1697 1969; x_wconf 80' lang='lat' dir='ltr'>tradidit</span> <span class='ocrx_word' id='word_1_416' title='bbox 1724 1945 1781 1968; x_wconf 81' lang='lat' dir='ltr'><em>se-</em></span> 
     </span>
     <span class='ocr_line' id='line_1_68' title="bbox 967 1980 1782 2026; baseline -0.005 -9"><span class='ocrx_word' id='word_1_417' title='bbox 967 1982 1114 2017; x_wconf 88' lang='lat' dir='ltr'><strong>cundum</strong></span> <span class='ocrx_word' id='word_1_418' title='bbox 1138 1980 1351 2025; x_wconf 80' lang='lat' dir='ltr'><strong>antiquiores</strong></span> <span class='ocrx_word' id='word_1_419' title='bbox 1376 1981 1428 2022; x_wconf 93' lang='grc' dir='ltr'><em>Ε,</em></span> <span class='ocrx_word' id='word_1_420' title='bbox 1451 1986 1585 2026; x_wconf 76' lang='lat' dir='ltr'><em>septum</em></span> <span class='ocrx_word' id='word_1_421' title='bbox 1600 1986 1782 2015; x_wconf 82' lang='lat' dir='ltr'><strong><em>transver-</em></strong></span> 
     </span>
     <span class='ocr_line' id='line_1_69' title="bbox 967 2006 1780 2071; baseline 0 -9"><span class='ocrx_word' id='word_1_422' title='bbox 967 2040 1062 2067; x_wconf 85' lang='lat' dir='ltr'><em>sum,</em></span> <span class='ocrx_word' id='word_1_423' title='bbox 1085 2028 1304 2071; x_wconf 80' lang='lat' dir='ltr'><em>praecordia.</em></span> <span class='ocrx_word' id='word_1_424' title='bbox 1343 2028 1388 2061; x_wconf 84' lang='lat' dir='ltr'><em>cf.</em></span> <span class='ocrx_word' id='word_1_425' title='bbox 1415 2006 1468 2070; x_wconf 88' lang='grc' dir='ltr'><em>Ε,</em></span> <span class='ocrx_word' id='word_1_426' title='bbox 1495 2028 1599 2070; x_wconf 57' lang='lat' dir='ltr'><em>sch„</em></span> <span class='ocrx_word' id='word_1_427' title='bbox 1627 2025 1673 2067; x_wconf 86' lang='grc' dir='ltr'><em>α’,</em></span> <span class='ocrx_word' id='word_1_428' title='bbox 1699 2028 1780 2062; x_wconf 85' lang='lat'><em>608.</em></span> 
     </span>
    </p>
   </div>
   <div class='ocr_carea' id='block_1_18' title="bbox 967 2072 1781 2117">
    <p class='ocr_par' dir='ltr' id='par_1_23' title="bbox 967 2072 1781 2117">
     <span class='ocr_line' id='line_1_70' title="bbox 967 2072 1781 2117; baseline 0 -8"><span class='ocrx_word' id='word_1_429' title='bbox 967 2094 1014 2100; x_wconf 89' lang='lat'>—</span> <span class='ocrx_word' id='word_1_430' title='bbox 1046 2072 1215 2116; x_wconf 85' lang='grc' dir='ltr'><em>εἶθαρ,</em></span> <span class='ocrx_word' id='word_1_431' title='bbox 1240 2075 1409 2108; x_wconf 79' lang='lat' dir='ltr'><em>continuo.</em></span> <span class='ocrx_word' id='word_1_432' title='bbox 1451 2072 1490 2112; x_wconf 89' lang='grc' dir='ltr'><em>ε’,</em></span> <span class='ocrx_word' id='word_1_433' title='bbox 1514 2072 1677 2117; x_wconf 88' lang='grc' dir='ltr'><em>337,μ’,</em></span> <span class='ocrx_word' id='word_1_434' title='bbox 1698 2074 1781 2115; x_wconf 88' lang='grc'><em>353,</em></span> 
     </span>
    </p>
   </div>
   <div class='ocr_carea' id='block_1_19' title="bbox 967 2099 1781 2270">
    <p class='ocr_par' dir='ltr' id='par_1_24' title="bbox 967 2099 1781 2257">
     <span class='ocr_line' id='line_1_71' title="bbox 1005 2099 1781 2175; baseline 0.001 -20.05"><span class='ocrx_word' id='word_1_435' title='bbox 1005 2120 1110 2161; x_wconf 87' lang='grc'><em>,412</em></span> <span class='ocrx_word' id='word_1_436' title='bbox 1135 2126 1201 2175; x_wconf 64' lang='lat' dir='ltr'><em>etp.</em></span> <span class='ocrx_word' id='word_1_437' title='bbox 1226 2139 1271 2144; x_wconf 92' lang='lat'><strong>—</strong></span> <span class='ocrx_word' id='word_1_438' title='bbox 1305 2132 1438 2154; x_wconf 83' lang='lat' dir='ltr'><strong>rursum</strong></span> <span class='ocrx_word' id='word_1_439' title='bbox 1473 2121 1576 2154; x_wconf 83' lang='lat' dir='ltr'>Sch.=</span> <span class='ocrx_word' id='word_1_440' title='bbox 1608 2099 1781 2157; x_wconf 72' lang='grc' dir='ltr'><em>αἴνυτό</em></span> 
     </span>
     <span class='ocr_line' id='line_1_72' title="bbox 967 2118 1780 2223; baseline 0 -21"><span class='ocrx_word' id='word_1_441' title='bbox 967 2118 1034 2223; x_wconf 85' lang='grc' dir='ltr'><em>(δ’,</em></span> <span class='ocrx_word' id='word_1_442' title='bbox 1047 2168 1129 2208; x_wconf 85' lang='grc'><em>531,</em></span> <span class='ocrx_word' id='word_1_443' title='bbox 1148 2165 1179 2200; x_wconf 93' lang='grc' dir='ltr'><em>ν’</em></span> <span class='ocrx_word' id='word_1_444' title='bbox 1183 2167 1369 2211; x_wconf 81' lang='lat' dir='ltr'>,550etc.)</span> <span class='ocrx_word' id='word_1_445' title='bbox 1394 2166 1597 2223; x_wconf 87' lang='grc' dir='ltr'><em>ἀφῃρεῖτο.</em></span> <span class='ocrx_word' id='word_1_446' title='bbox 1623 2163 1780 2202; x_wconf 80' lang='grc' dir='ltr'><em>άπαιν.</em></span> 
     </span>
     <span class='ocr_line' id='line_1_73' title="bbox 971 2210 1781 2270; baseline 0.003 -23"><span class='ocrx_word' id='word_1_447' title='bbox 971 2210 1267 2268; x_wconf 77' lang='grc' dir='ltr'><em>ἀφαιρούμενον.</em></span> <span class='ocrx_word' id='word_1_448' title='bbox 1302 2232 1348 2238; x_wconf 85' lang='grc'><em>--</em></span> <span class='ocrx_word' id='word_1_449' title='bbox 1378 2213 1538 2270; x_wconf 82' lang='grc' dir='ltr'><em>δόναξ</em></span> <span class='ocrx_word' id='word_1_450' title='bbox 1580 2210 1600 2249; x_wconf 97' lang='lat'><em>6</em></span> <span class='ocrx_word' id='word_1_451' title='bbox 1632 2212 1781 2255; x_wconf 73' lang='grc' dir='ltr'><em>κλάδος·</em></span> 
     </span>
    </p>
   </div>
   <div class='ocr_carea' id='block_1_20' title="bbox 969 2256 1784 3096">
    <p class='ocr_par' dir='ltr' id='par_1_25' title="bbox 969 2256 1784 3096">
     <span class='ocr_line' id='line_1_74' title="bbox 970 2256 1782 2318; baseline 0 -24"><span class='ocrx_word' id='word_1_452' title='bbox 970 2260 1086 2294; x_wconf 85' lang='lat' dir='ltr'><strong>Schol.</strong></span> <span class='ocrx_word' id='word_1_453' title='bbox 1111 2262 1158 2293; x_wconf 89' lang='grc' dir='ltr'><em>Α.</em></span> <span class='ocrx_word' id='word_1_454' title='bbox 1193 2256 1251 2294; x_wconf 82' lang='grc' dir='ltr'><em>ὅτι</em></span> <span class='ocrx_word' id='word_1_455' title='bbox 1276 2258 1394 2301; x_wconf 79' lang='grc' dir='ltr'><em>δόναξ</em></span> <span class='ocrx_word' id='word_1_456' title='bbox 1422 2274 1441 2295; x_wconf 92' lang='grc' dir='ltr'><em>ο</em></span> <span class='ocrx_word' id='word_1_457' title='bbox 1468 2261 1538 2296; x_wconf 84' lang='grc' dir='ltr'><em>τοῦ</em></span> <span class='ocrx_word' id='word_1_458' title='bbox 1562 2259 1694 2318; x_wconf 84' lang='grc' dir='ltr'><em>βέλους</em></span> <span class='ocrx_word' id='word_1_459' title='bbox 1714 2259 1782 2295; x_wconf 83' lang='grc' dir='ltr'><em>κά-</em></span> 
     </span>
     <span class='ocr_line' id='line_1_75' title="bbox 969 2304 1783 2364; baseline 0 -23"><span class='ocrx_word' id='word_1_460' title='bbox 969 2310 1094 2349; x_wconf 87' lang='grc' dir='ltr'><em>λαμος.</em></span> <span class='ocrx_word' id='word_1_461' title='bbox 1121 2307 1268 2339; x_wconf 81' lang='lat' dir='ltr'><em>arundo.</em></span> <span class='ocrx_word' id='word_1_462' title='bbox 1301 2307 1352 2340; x_wconf 75' lang='grc' dir='ltr'><em>Εε</em></span> <span class='ocrx_word' id='word_1_463' title='bbox 1376 2305 1494 2364; x_wconf 82' lang='grc' dir='ltr'><em>δόναξ</em></span> <span class='ocrx_word' id='word_1_464' title='bbox 1519 2304 1539 2343; x_wconf 84' lang='grc' dir='ltr'>ὁ</span> <span class='ocrx_word' id='word_1_465' title='bbox 1563 2308 1633 2342; x_wconf 87' lang='grc' dir='ltr'><em>τοῦ</em></span> <span class='ocrx_word' id='word_1_466' title='bbox 1653 2306 1783 2352; x_wconf 83' lang='grc' dir='ltr'><em>βέλους</em></span> 
     </span>
     <span class='ocr_line' id='line_1_76' title="bbox 969 2351 1780 2398; baseline 0 -10"><span class='ocrx_word' id='word_1_467' title='bbox 969 2352 1152 2394; x_wconf 71' lang='grc' dir='ltr'><em>ἄτρακτος</em></span> <span class='ocrx_word' id='word_1_468' title='bbox 1206 2352 1278 2387; x_wconf 84' lang='grc' dir='ltr'><em>εἴτε</em></span> <span class='ocrx_word' id='word_1_469' title='bbox 1312 2351 1386 2388; x_wconf 83' lang='grc' dir='ltr'><em>ἀπὸ</em></span> <span class='ocrx_word' id='word_1_470' title='bbox 1410 2353 1526 2389; x_wconf 85' lang='grc' dir='ltr'><em>κάλον</em></span> <span class='ocrx_word' id='word_1_471' title='bbox 1552 2352 1780 2398; x_wconf 80' lang='grc' dir='ltr'><em>ἐσκεύασται,</em></span> 
     </span>
     <span class='ocr_line' id='line_1_77' title="bbox 970 2396 1782 2457; baseline -0.001 -21"><span class='ocrx_word' id='word_1_472' title='bbox 970 2397 990 2436; x_wconf 79' lang='grc' dir='ltr'><em>’ὅ</em></span> <span class='ocrx_word' id='word_1_473' title='bbox 1017 2399 1093 2435; x_wconf 84' lang='grc' dir='ltr'><em>ἐστι</em></span> <span class='ocrx_word' id='word_1_474' title='bbox 1118 2396 1251 2442; x_wconf 82' lang='grc' dir='ltr'><em>ξύλου,</em></span> <span class='ocrx_word' id='word_1_475' title='bbox 1288 2397 1351 2434; x_wconf 79' lang='grc' dir='ltr'><em>ὅτε</em></span> <span class='ocrx_word' id='word_1_476' title='bbox 1384 2400 1444 2436; x_wconf 81' lang='grc' dir='ltr'><em>καὶ</em></span> <span class='ocrx_word' id='word_1_477' title='bbox 1468 2401 1603 2445; x_wconf 82' lang='grc' dir='ltr'><em>κυρίως</em></span> <span class='ocrx_word' id='word_1_478' title='bbox 1634 2402 1782 2457; x_wconf 82' lang='grc' dir='ltr'><em>κῆλον</em></span> 
     </span>
     <span class='ocr_line' id='line_1_78' title="bbox 970 2444 1782 2504; baseline 0.003 -24"><span class='ocrx_word' id='word_1_479' title='bbox 970 2444 1033 2504; x_wconf 90' lang='grc' dir='ltr'><em>[α’,</em></span> <span class='ocrx_word' id='word_1_480' title='bbox 1061 2448 1130 2490; x_wconf 88' lang='grc'><em>53.]</em></span> <span class='ocrx_word' id='word_1_481' title='bbox 1158 2445 1199 2480; x_wconf 69' lang='lat' dir='ltr'><em>td</em></span> <span class='ocrx_word' id='word_1_482' title='bbox 1226 2445 1331 2504; x_wconf 88' lang='grc' dir='ltr'><em>βέλος</em></span> <span class='ocrx_word' id='word_1_483' title='bbox 1355 2446 1516 2492; x_wconf 83' lang='grc' dir='ltr'><em>λέγεται,</em></span> <span class='ocrx_word' id='word_1_484' title='bbox 1541 2447 1633 2490; x_wconf 87' lang='grc' dir='ltr'><em>εἴτε,</em></span> <span class='ocrx_word' id='word_1_485' title='bbox 1659 2444 1710 2487; x_wconf 67' lang='grc' dir='ltr'><em>ὥς</em></span> <span class='ocrx_word' id='word_1_486' title='bbox 1729 2459 1782 2482; x_wconf 77' lang='grc' dir='ltr'><em>τι·</em></span> 
     </span>
     <span class='ocr_line' id='line_1_79' title="bbox 970 2491 1782 2551; baseline 0.001 -23"><span class='ocrx_word' id='word_1_487' title='bbox 970 2492 1031 2534; x_wconf 81' lang='grc' dir='ltr'><em>νές</em></span> <span class='ocrx_word' id='word_1_488' title='bbox 1065 2504 1200 2550; x_wconf 89' lang='grc' dir='ltr'><em>φασιν,</em></span> <span class='ocrx_word' id='word_1_489' title='bbox 1233 2491 1271 2528; x_wconf 79' lang='grc' dir='ltr'><em>ἐκ</em></span> <span class='ocrx_word' id='word_1_490' title='bbox 1301 2494 1529 2536; x_wconf 82' lang='grc' dir='ltr'><em>καλαμίσκον</em></span> <span class='ocrx_word' id='word_1_491' title='bbox 1562 2493 1782 2551; x_wconf 76' lang='grc' dir='ltr'><em>στεριφοτά-</em></span> 
     </span>
     <span class='ocr_line' id='line_1_80' title="bbox 971 2537 1783 2585; baseline 0 -10"><span class='ocrx_word' id='word_1_492' title='bbox 971 2552 1060 2583; x_wconf 88' lang='grc' dir='ltr'><em>του,</em></span> <span class='ocrx_word' id='word_1_493' title='bbox 1099 2537 1260 2582; x_wconf 79' lang='grc' dir='ltr'><em>ὁπηνίκα</em></span> <span class='ocrx_word' id='word_1_494' title='bbox 1292 2540 1355 2574; x_wconf 81' lang='grc' dir='ltr'><em>καὶ</em></span> <span class='ocrx_word' id='word_1_495' title='bbox 1379 2542 1496 2583; x_wconf 81' lang='grc' dir='ltr'><em>δόναξ</em></span> <span class='ocrx_word' id='word_1_496' title='bbox 1526 2538 1623 2575; x_wconf 80' lang='grc' dir='ltr'><em>κατὰ</em></span> <span class='ocrx_word' id='word_1_497' title='bbox 1652 2553 1783 2585; x_wconf 84' lang='grc' dir='ltr'><em>κυριο-</em></span> 
     </span>
     <span class='ocr_line' id='line_1_81' title="bbox 972 2583 1782 2630; baseline -0.001 -9"><span class='ocrx_word' id='word_1_498' title='bbox 972 2588 1095 2629; x_wconf 79' lang='grc' dir='ltr'><em>λεξίαν</em></span> <span class='ocrx_word' id='word_1_499' title='bbox 1127 2583 1359 2629; x_wconf 82' lang='grc' dir='ltr'><em>ὀνομάζεται.</em></span> <span class='ocrx_word' id='word_1_500' title='bbox 1409 2587 1525 2630; x_wconf 85' lang='grc' dir='ltr'><em>(ΡΙίιι.</em></span> <span class='ocrx_word' id='word_1_501' title='bbox 1558 2587 1603 2620; x_wconf 89' lang='grc' dir='ltr'><em>Η.</em></span> <span class='ocrx_word' id='word_1_502' title='bbox 1642 2587 1689 2622; x_wconf 91' lang='lat' dir='ltr'><em>N.</em></span> <span class='ocrx_word' id='word_1_503' title='bbox 1726 2587 1782 2628; x_wconf 91' lang='lat'><em>16,</em></span> 
     </span>
     <span class='ocr_line' id='line_1_82' title="bbox 972 2633 1782 2677; baseline -0.001 -10"><span class='ocrx_word' id='word_1_504' title='bbox 972 2634 1049 2667; x_wconf 87' lang='grc'><em>36.</em></span> <span class='ocrx_word' id='word_1_505' title='bbox 1074 2633 1229 2666; x_wconf 81' lang='lat' dir='ltr'><em>calamus</em></span> <span class='ocrx_word' id='word_1_506' title='bbox 1247 2634 1556 2676; x_wconf 71' lang='lat' dir='ltr'><em>snuticosissz&#39;mus,</em></span> <span class='ocrx_word' id='word_1_507' title='bbox 1589 2635 1650 2677; x_wconf 80' lang='lat' dir='ltr'><em>qui</em></span> <span class='ocrx_word' id='word_1_508' title='bbox 1677 2645 1782 2667; x_wconf 84' lang='lat' dir='ltr'><strong>voca-</strong></span> 
     </span>
     <span class='ocr_line' id='line_1_83' title="bbox 972 2679 1782 2713; baseline 0 0"><span class='ocrx_word' id='word_1_509' title='bbox 972 2685 1029 2713; x_wconf 76' lang='lat' dir='ltr'><em>tur</em></span> <span class='ocrx_word' id='word_1_510' title='bbox 1063 2679 1189 2712; x_wconf 80' lang='lat' dir='ltr'><strong>donax.</strong></span> <span class='ocrx_word' id='word_1_511' title='bbox 1239 2680 1283 2713; x_wconf 78' lang='lat' dir='ltr'><em>cf.</em></span> <span class='ocrx_word' id='word_1_512' title='bbox 1319 2679 1526 2712; x_wconf 83' lang='lat' dir='ltr'>Billerbeck.</span> <span class='ocrx_word' id='word_1_513' title='bbox 1559 2679 1653 2713; x_wconf 80' lang='lat' dir='ltr'><strong>Flor.</strong></span> <span class='ocrx_word' id='word_1_514' title='bbox 1680 2681 1782 2713; x_wconf 84' lang='lat' dir='ltr'>class.</span> 
     </span>
     <span class='ocr_line' id='line_1_84' title="bbox 972 2723 1783 2772; baseline 0.001 -13"><span class='ocrx_word' id='word_1_515' title='bbox 972 2737 1007 2770; x_wconf 90' lang='lat' dir='ltr'><em>p.</em></span> <span class='ocrx_word' id='word_1_516' title='bbox 1033 2726 1106 2769; x_wconf 88' lang='grc'><em>25.)</em></span> <span class='ocrx_word' id='word_1_517' title='bbox 1143 2724 1274 2759; x_wconf 78' lang='grc' dir='ltr'><em>καινὸν</em></span> <span class='ocrx_word' id='word_1_518' title='bbox 1300 2724 1341 2760; x_wconf 87' lang='grc' dir='ltr'><em>δε</em></span> <span class='ocrx_word' id='word_1_519' title='bbox 1368 2723 1500 2767; x_wconf 87' lang='grc' dir='ltr'><em>ου’δεν,</em></span> <span class='ocrx_word' id='word_1_520' title='bbox 1526 2725 1563 2760; x_wconf 83' lang='grc' dir='ltr'><em>εἰ</em></span> <span class='ocrx_word' id='word_1_521' title='bbox 1583 2723 1701 2770; x_wconf 83' lang='grc' dir='ltr'><em>δόναξ</em></span> <span class='ocrx_word' id='word_1_522' title='bbox 1723 2723 1783 2772; x_wconf 89' lang='grc' dir='ltr'><em>βέ-</em></span> 
     </span>
     <span class='ocr_line' id='line_1_85' title="bbox 971 2768 1782 2815; baseline 0.001 -10"><span class='ocrx_word' id='word_1_523' title='bbox 971 2774 1059 2812; x_wconf 88' lang='grc' dir='ltr'><em>λους</em></span> <span class='ocrx_word' id='word_1_524' title='bbox 1090 2785 1123 2806; x_wconf 86' lang='lat' dir='ltr'><em>u.</em></span> <span class='ocrx_word' id='word_1_525' title='bbox 1152 2768 1171 2807; x_wconf 87' lang='lat'><em>6</em></span> <span class='ocrx_word' id='word_1_526' title='bbox 1207 2770 1354 2815; x_wconf 83' lang='grc' dir='ltr'><em>ξύλινος</em></span> <span class='ocrx_word' id='word_1_527' title='bbox 1389 2771 1570 2815; x_wconf 81' lang='grc' dir='ltr'><em>ἄτρακτος</em></span> <span class='ocrx_word' id='word_1_528' title='bbox 1603 2771 1678 2806; x_wconf 77' lang='grc' dir='ltr'><em>ἀπὸ</em></span> <span class='ocrx_word' id='word_1_529' title='bbox 1712 2784 1782 2806; x_wconf 84' lang='grc' dir='ltr'><em>πα-</em></span> 
     </span>
     <span class='ocr_line' id='line_1_86' title="bbox 971 2816 1782 2875; baseline 0.001 -23"><span class='ocrx_word' id='word_1_530' title='bbox 971 2820 1080 2858; x_wconf 83' lang='grc' dir='ltr'><em>λαιᾶς</em></span> <span class='ocrx_word' id='word_1_531' title='bbox 1104 2816 1280 2862; x_wconf 81' lang='grc' dir='ltr'><em>εὑρέσεως</em></span> <span class='ocrx_word' id='word_1_532' title='bbox 1303 2833 1333 2854; x_wconf 84' lang='grc' dir='ltr'><em>κ.</em></span> <span class='ocrx_word' id='word_1_533' title='bbox 1359 2816 1543 2875; x_wconf 83' lang='grc' dir='ltr'><em>χρήσεως,</em></span> <span class='ocrx_word' id='word_1_534' title='bbox 1566 2817 1661 2853; x_wconf 80' lang='grc' dir='ltr'><em>καθ’</em></span> <span class='ocrx_word' id='word_1_535' title='bbox 1684 2816 1782 2864; x_wconf 82' lang='grc' dir='ltr'><em>ἣνκ.</em></span> 
     </span>
     <span class='ocr_line' id='line_1_87' title="bbox 973 2861 1784 2922; baseline -0.001 -22"><span class='ocrx_word' id='word_1_536' title='bbox 973 2861 993 2900; x_wconf 80' lang='grc' dir='ltr'>ὁ</span> <span class='ocrx_word' id='word_1_537' title='bbox 1018 2861 1277 2908; x_wconf 78' lang='grc' dir='ltr'><em>ὑστεροφανὴς</em></span> <span class='ocrx_word' id='word_1_538' title='bbox 1300 2866 1452 2922; x_wconf 88' lang='grc' dir='ltr'><em>σίδηρος</em></span> <span class='ocrx_word' id='word_1_539' title='bbox 1474 2864 1517 2900; x_wconf 75' lang='grc' dir='ltr'><em>τό</em></span> <span class='ocrx_word' id='word_1_540' title='bbox 1543 2866 1784 2922; x_wconf 86' lang='grc' dir='ltr'><em>παλαίφατον</em></span> 
     </span>
     <span class='ocr_line' id='line_1_88' title="bbox 972 2909 1783 2958; baseline 0.002 -14"><span class='ocrx_word' id='word_1_541' title='bbox 972 2912 1041 2945; x_wconf 87' lang='grc' dir='ltr'><em>τοῦ</em></span> <span class='ocrx_word' id='word_1_542' title='bbox 1065 2913 1205 2955; x_wconf 80' lang='grc' dir='ltr'><em>χαλκοῦ</em></span> <span class='ocrx_word' id='word_1_543' title='bbox 1226 2911 1298 2955; x_wconf 73' lang='grc' dir='ltr'><em>ἔχει</em></span> <span class='ocrx_word' id='word_1_544' title='bbox 1323 2909 1463 2956; x_wconf 82' lang='grc' dir='ltr'><em>ὄνομα,</em></span> <span class='ocrx_word' id='word_1_545' title='bbox 1496 2925 1527 2946; x_wconf 87' lang='grc' dir='ltr'><em>κ.</em></span> <span class='ocrx_word' id='word_1_546' title='bbox 1562 2909 1582 2947; x_wconf 85' lang='grc' dir='ltr'><strong><em>ὁ</em></strong></span> <span class='ocrx_word' id='word_1_547' title='bbox 1606 2909 1783 2958; x_wconf 85' lang='grc' dir='ltr'><em>καννάβι-</em></span> 
     </span>
     <span class='ocr_line' id='line_1_89' title="bbox 972 2957 1783 3014; baseline 0 -22"><span class='ocrx_word' id='word_1_548' title='bbox 972 2971 1038 2998; x_wconf 87' lang='grc' dir='ltr'><em>νος</em></span> <span class='ocrx_word' id='word_1_549' title='bbox 1070 2957 1190 2996; x_wconf 81' lang='grc' dir='ltr'><em>κάλως</em></span> <span class='ocrx_word' id='word_1_550' title='bbox 1221 2957 1264 2993; x_wconf 88' lang='grc' dir='ltr'>τὸ</span> <span class='ocrx_word' id='word_1_551' title='bbox 1303 2960 1373 2994; x_wconf 88' lang='grc' dir='ltr'><em>τοῦ</em></span> <span class='ocrx_word' id='word_1_552' title='bbox 1405 2959 1663 3014; x_wconf 82' lang='grc' dir='ltr'><em>παλαιγενοῦς</em></span> <span class='ocrx_word' id='word_1_553' title='bbox 1684 2969 1783 3001; x_wconf 81' lang='grc' dir='ltr'><em>σχοι-</em></span> 
     </span>
     <span class='ocr_line' id='line_1_90' title="bbox 973 3001 1782 3050; baseline 0.001 -11"><span class='ocrx_word' id='word_1_554' title='bbox 973 3005 1070 3039; x_wconf 90' lang='grc' dir='ltr'><em>νιόυ.</em></span> <span class='ocrx_word' id='word_1_555' title='bbox 1097 3003 1382 3050; x_wconf 79' lang='grc' dir='ltr'><em>-ἐβάρννε,</em></span> <span class='ocrx_word' id='word_1_556' title='bbox 1416 3003 1494 3049; x_wconf 86' lang='grc' dir='ltr'><em>(θ’,</em></span> <span class='ocrx_word' id='word_1_557' title='bbox 1518 3006 1607 3048; x_wconf 89' lang='grc'><em>308,</em></span> <span class='ocrx_word' id='word_1_558' title='bbox 1631 3001 1782 3046; x_wconf 85' lang='grc' dir='ltr'><em>τ’,165,</em></span> 
     </span>
     <span class='ocr_line' id='line_1_91' title="bbox 973 3049 1562 3096; baseline -0.003 -10"><span class='ocrx_word' id='word_1_559' title='bbox 973 3049 1022 3093; x_wconf 81' lang='grc' dir='ltr'><em>ν’,</em></span> <span class='ocrx_word' id='word_1_560' title='bbox 1044 3051 1143 3095; x_wconf 82' lang='grc'><em>480.)</em></span> <span class='ocrx_word' id='word_1_561' title='bbox 1166 3053 1354 3096; x_wconf 82' lang='lat' dir='ltr'><em>gravavit,</em></span> <span class='ocrx_word' id='word_1_562' title='bbox 1382 3050 1562 3086; x_wconf 79' lang='lat' dir='ltr'><strong>cruciavit.</strong></span> 
     </span>
    </p>
   </div>
  </div>
 </body>
</html>
