1811 3269
29 134 173 199 ‘288

256 264 284 322 ἢ
313 282 385 320 ογε
412 283 501 310 των
531 265 731 310 πλεόνων
763 268 941 311 Λυκίων
971 265 1056 311 ἀπὸ
1067 266 1240 337 θυμὸν
1271 267 1424 312 ἕλοιτο.

259 321 363 366 οὐδ’
391 322 468 378 ἄρ’
495 322 704 378 Ὀδυσσῆϊ
731 324 993 396 μεγαλήτορι
1021 321 1241 394 ιιόρσιμον
1269 321 1346 381 ἦεν

145 383 226 425 675
257 381 449 434 ἴφθιμον
479 379 589 430 Διὸς
617 379 719 422 υἱὸν
749 380 996 436 ἀποκτάμεν
1022 378 1111 430 ὀξέϊ
1137 385 1303 437 χαλκῷ·

256 440 318 492 τῷ
346 437 407 507 ῥα
436 435 545 479 κατὰ
575 436 749 492 πληθύν
778 440 956 481 Λυκίων
984 435 1122 489 τράπε
1141 438 1299 506 θυμὸν
1326 436 1499 494 Ἀθήνη.

260 481 356 536 ἔνθ’
390 491 462 547 ὅγε
496 494 724 543 Κοίρανον
755 492 886 542 εἷλεν
917 491 1155 547 Ἀλάστορά
1183 510 1251 545 τε,
1283 497 1480 550 Χρομίον
1509 511 1568 546 τε,

245 548 522 602 ’Ἄλκανδρόν
552 549 615 601 θ’,
642 549 786 594 Αλίον
820 548 1038 622 Νοήμονά
1067 564 1133 600 τε,
1164 548 1395 603 Πρύτανίν
1421 567 1488 595 τε·

259 607 334 648 καί
362 605 419 648 νύ
448 605 494 647 κ’
523 605 586 649 ε’τι
614 606 798 658 πλέονας
829 608 1007 649 Λυκίων
1035 604 1167 648 κτάνε
1197 608 1289 656 δῖος
1310 605 1562 660 Ὀδυσσεὺς,

733 157 1130 200 ΟΜΗΡΟΥ
1792 99 1801 259 J

1793 429 1797 477 l

1794 482 1797 503 l

260 722 317 774 βη
349 719 395 761 δὲ
427 719 499 762 διὰ
525 719 784 776 προμάχων,
816 719 1143 788 κεκορυθμένος
1174 720 1331 761 αίθοπι
1360 723 1518 789 χαλκῷ,

259 777 386 830 δεῖμα
415 776 566 844 φέρων
594 782 824 820 Δαναοῖσι.
881 777 990 831 χάρη
1023 773 1064 818 δ’
1097 773 1182 828 ἄρα
1214 793 1257 819 01.
1279 775 1513 844 προσιόντι

260 831 532 888 Σαρπηδων,
566 833 673 884 Διὸς
702 832 820 885 υἱὸς,
853 833 955 883 ἔπος
986 831 1029 875 δ’
1062 830 1318 886 ὀλοφυδνὸν
1346 832 1504 877 εἐιπεν·

346 890 680 961 Πριαμίδη,μὴ
712 890 767 945 δή
799 905 849 944 με
879 889 991 941 ἕλωρ
1022 893 1269 933 Δαναοῖσιν
1298 887 1430 946 εάσῃς

137 948 219 991 685
249 951 446 996 κεῖσθαι,
481 944 577 989 ἀλλ’
609 946 857 1017 ἐπάμυνον]
888 945 1033 1017 ε’πειτά
1062 961 1113 1000 με
1142 945 1218 988 καὶ
1247 947 1367 989 λίποι
1399 945 1512 990 αἰών

258 1003 306 1046 ἐν
336 1002 458 1045 πόλει
487 1002 695 1072 ὑμετέρῃ,
723 1002 814 1046 ἐπεὶ
845 1001 927 1045 οὐκ
959 999 1033 1056 α’ρ’
1065 1002 1246 1055 ε’μελλον
1275 1002 1407 1059 ἔγωγε

259 1058 473 1114 νοστήσας
504 1057 677 1102 οἶκόνδε
707 1061 841 1116 φίλην
870 1059 913 1110 ές
941 1059 1136 1131 πατρίδα
1161 1064 1294 1114 γαῖαν

259 1116 522 1185 εὐφρανέειν
553 1115 712 1186 ἄλοχόν
741 1133 786 1160 τε
816 1118 950 1186 φίλην
979 1133 1052 1159 και
1081 1115 1243 1172 νήπιον
1275 1115 1401 1160 υἱόν.ι

327 1172 410 1223 “Ὼ.ς
440 1170 573 1242 φάτο·
604 1174 683 1216 τὸν
714 1171 757 1216 δ’
790 1174 889 1217 οὔτι
915 1173 1137 1244 προσέφη
1151 1175 1447 1228 κορυθαίολος
1464 1172 1648 1228 Ἕκτωρ,

147 1236 229 1275 690

146 667 228 707 680
259 664 295 705 εἰ
326 661 385 717 μὴ
415 660 492 716 ἄρ’
523 662 601 714 ὀξυ
629 663 761 733 νόησε
791 663 922 720 μέγας
955 663 1252 716 κορυθαίολος
1268 661 1452 718 ’Έκτωρ.
1794 654 1801 1063 J

260 1227 366 1272 ἀλλὰ
397 1229 606 1301 παρήϊξεν
634 1230 903 1286 λελιημένος,
935 1229 1068 1301 ὄφρα
1086 1229 1264 1285 τάχιστα
1796 1265 1802 1321 J

260 1284 413 1330 ὤσαιτ’
439 1285 679 1349 Ἀργείους,
709 1287 878 1330 πολέων
909 1285 952 1329 δ’
984 1285 1070 1330 ἀπὸ
1100 1286 1252 1342 θυμόν
1282 1286 1437 1329 ε’.λοιτο

260 1345 304 1386 οἱ
333 1343 411 1398 μὲν
426 1342 516 1413 ἄρ’
552 1340 760 1387 ἀντίθεον
789 1342 1064 1398 Σαρπηδόνα
1095 1345 1181 1386 δῖοι
1212 1343 1378 1396 ἑταῖροι

260 1397 382 1443 εἷσαν
412 1398 492 1443 ὑπ’
524 1398 738 1456 αἰγιόχοιο
768 1400 875 1452 Διὸς
905 1400 1156 1452 περικαλλέϊ
1158 1403 1335 1469 φηγῷ·

370 1456 379 1470 ’
411 1456 500 1511 ἄρα
527 1473 570 1499 οι
589 1461 760 1527 μηροῦ
761 1455 884 1527 δόρυ
914 1458 1108 1514 μείλινον
1137 1451 1223 1500 οἶσε
1253 1455 1418 1511 θύραζε

148 1519 230 1561 695
260 1515 449 1584 ι’φθιμος
479 1512 712 1569 Πελάγων,
744 1513 793 1565 ὅς
822 1516 865 1558 οῖ
896 1516 1025 1586 φίλος
1054 1515 1132 1569 ἦεν
1160 1512 1344 1568 ἑταῖρος.

260 1569 338 1615 τόν
368 1569 409 1614 δ’
443 1570 559 1614 ε’λιπε
588 1571 731 1628 ψυχή,
762 1570 872 1615 κατὰ
901 1569 944 1616 δ’
976 1569 1224 1626 ὀφθαλμῶν
1253 1567 1401 1626 κέχυτ’
1433 1568 1585 1626 ἀχλύς·

260 1456 364 1500 έκδ

92 1675 183 1719 bat.)
216 1686 242 1719 μ
257 1686 352 1718 ερμ.
381 1671 446 1717 (α’,
461 1673 559 1717 189)
574 1672 750 1719 ἐνενόησε.
775 1687 904 1718 προτ.

91 1720 294 1766 πρότερον,
323 1720 374 1759 εἰς
397 1718 669 1764 τοῦμπροσθεν.
695 1722 771 1802 (Εέ
791 1741 838 1745 -
862 1720 905 1765 ἤ-

90 1781 182 1814 γουν
205 1765 445 1823 προσωτέρω,
481 1766 716 1811 περαιτέρω.)
754 1765 904 1812 ἐ.ριγδ

90 1813 332 1868 μεγαλοὴχου,
355 1813 634 1858 μεγαλοψόφου.
659 1814 840 1857 (tonantis.
858 1833 905 1839 —-

91 1862 184 1896 τῶν
207 1859 444 1899 πλεόνων,
465 1861 703 1903 plurimorum.
728 1860 830 1893 aliter
841 1861 906 1893 At-

91 1908 165 1942 tici.
191 1908 299 1952 Soph.
330 1908 407 1940 Ant.
430 1908 530 1942 299:
567 1905 605 1942 ἐκ
638 1908 712 1940 τῶν
743 1904 813 1949 γὰρ
847 1907 904 1940 αἰ-

91 1956 214 2010 σχρῶν
238 1951 437 1997 λημμάτων
465 1950 554 1994 τούς
587 1954 760 1992 πλείονας
794 1952 903 1996 (plu-

91 2001 173 2045 res)
205 1997 428 2044 Ἀτωμένους
459 1999 555 2038 ἰδοις
591 1995 638 2034 ἂν
669 1995 692 2044 ἢ
726 1997 902 2039 σεσωσμέ-

91 2060 191 2086 νους.
237 2047 281 2080 cf.
314 2046 442 2079 Matth.
476 2045 519 2079 ad
556 2044 677 2102 Eurip.
703 2044 796 2078 Med.
821 2045 901 2080 581.

92 2098 123 2127 et
151 2104 203 2137 gr.
232 2104 284 2137 gr.
311 2094 343 2134 ἓ.
370 2091 450 2127 268.
479 2090 630 2136 πληθύν
647 2092 795 2125 Λυκίων
813 2091 903 2124 dixit

91 2139 182 2182 676„
203 2140 264 2172 sed
276 2136 436 2177 πλέονας
452 2139 532 2174 679.
550 2138 696 2182 plures.)
714 2156 760 2161 —
783 2150 809 2180 μ
823 2134 842 2171 ό
853 2150 872 2180 ρ
885 2155 903 2162 -

91 2197 246 2228 σιμον.
281 2185 542 2228 πεπρωμένον,
569 2183 800 2228 ειμαρμένον.

137 2233 216 2267 677.
265 2233 355 2266 Ko
342 2245 354 2265 ι
366 2244 397 2274 ρ.
430 2230 587 2264 diversus
605 2232 647 2264 ab
669 2232 732 2264 hoc
749 2234 802 2263 est
815 2229 905 2262 Coe—

91 2289 196 2312 ranus
216 2277 436 2321 Cretensis9
450 2278 542 2317 ,611
562 2289 656 2322 seqq.
661 2301 671 2318 ‚
697 2287 807 2321 neque
826 2275 904 2309 Ala-

91 2329 164 2358 stor
185 2327 221 2358 et
239 2290 436 2358 Chromius9
440 2303 543 2357 iidem
564 2323 613 2356 illi
637 2328 728 2364 sunt,
752 2333 838 2367 quos
858 2319 904 2362 δ’,

91 2371 171 2406 295.
197 2370 408 2404 memoravit.

139 2417 219 2451 678.
268 2426 389 2450 versus
417 2414 574 2449 redditus
605 2426 625 2449 a
650 2413 798 2459 Virgilio
821 2414 906 2449 Aen,

123 2486 238 2542 683..
271 2506 290 2543 ὀ
304 2510 332 2541 λ.
375 2505 549 2556 οἰκτρόν,
583 2506 792 2551 θρηνῶδες.
824 2505 906 2540 Sch.

93 2553 264 2609 Hesych.:
299 2552 452 2594 ὀλοφύς.
494 2550 637 2591 οἶκτος,
670 2554 813 2597 θρῆνος
838 2558 904 2585 etc.

95 2601 140 2635 cf.
165 2597 218 2640 ψ,
245 2602 333 2641 102,
359 2599 487 2644 Odyss.
511 2598 555 2642 τ’,
579 2600 660 2634 362.

141 2647 220 2682 690.
246 2657 343 2690 sequ.
392 2658 501 2687 παρ.
544 2645 780 2689 παρέδραμε,
813 2656 906 2687 παρ-

95 2693 200 2749 ἦλθε.
246 2695 264 2726 λ
278 2695 333 2727 ελ.
368 2690 432 2734 (δ’,
448 2691 557 2745 46.4)
581 2689 906 2736 προθυμούμενος.

98 2736 274 2773 ὤσαιτ’.
311 2735 541 2780 ἀποδιωξειε.
567 2738 649 2771 Sch.

142 2785 222 2820 693.
269 2785 355 2818 hanc
398 2784 545 2818 esculum
592 2783 719 2817 Strabo
757 2783 822 2823 13,
862 2784 906 2823 1.,

97 2831 165 2864 vol.
191 2832 225 2865 3.
254 2842 286 2875 p.
314 2831 390 2865 107.
415 2830 470 2863 ed.
492 2830 666 2870 Tauchn„
689 2828 781 2862 haud
806 2829 906 2873 longe

97 2876 248 2911 abfuisse
272 2875 358 2909 dicit
381 2886 499 2909 versus
516 2887 608 2909 mare
624 2874 772 2919 (μικρὸν
789 2888 907 2909 κατω-

99 2921 208 2966 τέρω)
233 2934 254 2956 a
274 2921 462 2979 caprifico,
486 2921 528 2954 de
541 2933 628 2976 ‘qua
655 2920 696 2963 λ’,
724 2923 820 2956 166.ε
858 2920 906 2956 οὶ

99 2968 149 3004 δὲ
193 2982 282 3013 παρ
327 2965 456 3002 Ἴλου
501 2968 648 3011 σῆμα,
685 2967 907 3002 παλαιου

101 3014 452 3060 Δαρδανίδαο,
495 3013 688 3049 Μέσσον
721 3025 902 3049 καππε-

951 1673 1063 1709 δίον
1098 1670 1212 1717 παρ’
1254 1671 1444 1719 ἐρινεὸν
1479 1669 1757 1714 ἐσσεύοντο,

946 1717 1147 1763 λέμενοι
1171 1717 1361 1776 πόλεήως
1409 1719 1470 1753 sed
1493 1718 1568 1772 ipse.
1592 1719 1690 1752 Hom.
1716 1718 1758 1762 ζ’,

950 1767 1051 1800 237*
1077 1764 1220 1808 Έκτωρ
1256 1763 1295 1800 δ’
1330 1780 1378 1806 ως
1409 1763 1555 1806 Σκαιάς
1578 1777 1616 1799 τε
1638 1764 1785 1806 πύλας·

950 1812 1012 1846 καὶ
1038 1811 1157 1856 φηγόν
1181 1813 1318 1853 ἵκανεν,
1343 1818 1380 1846 et
1402 1810 1438 1854 ι’,
1462 1812 1562 1847 353.-
1588 1810 1656 1846 οὐκ
1674 1810 1758 1847 ἐθέ-

950 1861 1049 1894 λεσκε
1080 1857 1200 1916 μάχην
1236 1856 1310 1893 άπὸ
1344 1859 1483 1901 τείχεος
1508 1855 1679 1912 ὀρνύμεν
1692 1855 1759 1893 ‘'E-

949 1917 1066 1948 κτωρ,
1097 1901 1192 1939 Ἀλλ’
1217 1901 1304 1939 όσον
1327 1902 1363 1944 ἐς
1396 1902 1539 1943 Σκαιάς
1568 1917 1608 1939 τε
1638 1903 1759 1947 πύλας

949 1951 1012 1986 καὶ
1037 1951 1158 1994 φηγόν
1183 1950 1326 1992 ἵκανεν,
1352 1962 1394 1984 ex
1417 1951 1542 1995 quibus
1570 1951 1757 1996 intelligas,

950 1998 1105 2031 arboiem
1130 1998 1218 2030 hanc
1238 2009 1304 2031 non
1333 1997 1444 2031 medio
1472 1996 1506 2030 in
1529 2008 1670 2043 campo,
1695 1999 1759 2032 sed

948 2055 1056 2088 prope
1089 2048 1220 2097 portam
1251 2045 1395 2078 Scaeam
1428 2042 1578 2077 stetisse.
1632 2045 1677 2077 cf.
1709 2043 1758 2088 η’,

950 2091 1012 2130 22,
1037 2092 1103 2128 60,
1130 2087 1181 2132 φ’,
1206 2087 1285 2125 549.
1320 2089 1371 2121 E=
1404 2107 1447 2114 —-
1474 2084 1521 2132 ἦν
1543 2089 1672 2124 τοίνυν
1695 2090 1760 2125 καὶ

949 2134 1020 2176 πρὸ
1047 2135 1111 2179 τῆς
1142 2137 1277 2190 Τροίας
1301 2135 1393 2178 δρῦς
1421 2133 1502 2178 ἱεροὶ
1526 2135 1580 2181 τῳ·
1603 2136 1687 2178 Διῒ,
1712 2155 1759 2162 -

951 2179 1111 2226 αθιγὴς,
1147 2194 1198 2221 ως
1233 2179 1296 2215 οἷά
1320 2194 1376 2221 τις
1405 2182 1574 2224 τεμενία,
1606 2183 1667 2218 καὶ
1693 2181 1759 2218 δια

950 2240 1062 2262 τουτο
1077 2224 1309 2285 ἀμφιλαφὴς
1340 2240 1401 2262 και
1437 2207 1674 2272 οἶμφιθαλὴς,
1710 2242 1760 2270 ως

950 2270 1108 2329 μηδενὸς
1139 2273 1284 2309 ἐκεῖθεν
1316 2274 1524 2330 τολμῶντος
1547 2274 1798 2318 δρέπεσθαι..

952 2319 997 2355 ού
1021 2318 1139 2364 μόνον
1177 2319 1217 2354 δὲ
1251 2318 1315 2355 δια
1349 2331 1457 2355 σκιαν
1486 2317 1560 2357 υπὸ
1587 2323 1642 2377 τῇ
1674 2318 1798 2366 δρυῒ

951 2364 1015 2403 τὸν
1042 2364 1275 2410 Σαρπηδόνα
1297 2368 1538 2410 καθίζουσιν,
1573 2365 1664 2404 αλλα
1695 2368 1760 2404 καὶ
1796 2360 1800 2423 J

953 2412 1002 2453 ὡς
1028 2415 1081 2453 εἰς
1104 2413 1203 2456 ἱερόν
1230 2426 1310 2447 τινα
1333 2412 1461 2455 τόπον,
1485 2412 1590 2449 καθὰ
1612 2414 1674 2450 καὶ
1691 2415 1760 2450 τὸν
1795 2399 1801 2492 J

953 2461 1100 2495 Αἰνείαν
1125 2459 1216 2503 (445
1239 2460 1364 2504 seqq.)
1396 2472 1435 2494 εν
1467 2462 1520 2505 τῷ
1543 2462 1614 2496 τοῦ
1633 2459 1760 2497 Ἀπόλ-

951 2509 1069 2546 λωνος
1095 2502 1229 2552 αδύτῳ.
1278 2506 1355 2550 ipsa
1389 2506 1538 2550 φηγός
1570 2512 1624 2543 est
1658 2520 1760 2551 quer-

953 2565 1011 2587 cus
1035 2554 1167 2586 esculus
1197 2541 1320 2592 'Linn.‚
1356 2552 1570 2597 Speiseiche,
1605 2565 1672 2587 non
1691 2556 1759 2597 fa·
1795 2495 1800 2635 J

951 2611 1019 2644 gns
1043 2598 1221 2638 silvatica,
1248 2598 1458 2632 Rothbuche.
1494 2598 1603 2654 Soph.
1629 2600 1760 2634 Trach.

955 2645 1053 2680 154:
1090 2658 1140 2684 ως
1172 2643 1237 2689 τήν
1261 2643 1425 2678 παλαιάν
1451 2643 1577 2699 φηγὸν
1595 2642 1761 2702 αύδῇσαί
1795 2642 1799 2685 l

952 2704 1041 2726 ποτε
1053 2692 1212 2725 Δωδῶνι
1231 2691 1367 2725 δισσῶν
1391 2688 1430 2725 ἐκ
1452 2688 1691 2727 πελειαδων’
1672 2697 1759 2737 εφη,
1795 2691 1798 2743 J

954 2738 1012 2770 ubi
1038 2749 1068 2770 v.
1094 2749 1171 2771 ann.

1000 2782 1232 2818 694—698.
1278 2779 1476 2825 θύραζε.
1523 2784 1672 2840 κυρίως
1689 2794 1761 2826 μεν
1794 2728 1811 2861 JJ

954 2828 1022 2872 ἔξω
1047 2830 1112 2873 τῆς
1135 2827 1271 2874 θύρας,
1296 2829 1365 2862 νῦν
1390 2827 1430 2864 δὲ
1454 2830 1572 2864 κεῖται
1592 2825 1676 2863 αντὶ
1690 2830 1761 2863 τοῦ
1797 2844 1799 2847 ·

954 2875 1034 2918 ε’ξω.
1061 2874 1133 2918 (ὅς
1155 2876 1210 2910 οὶ.
1236 2874 1398 2931 Knight.·
1424 2876 1497 2916 fos·
1518 2876 1596 2910 fot.
1619 2874 1759 2909 Hscri-
1794 2881 1798 2892 ·

952 2928 1047 2968 ptum
1067 2920 1173 2956 fuisse
1193 2926 1311 2954 censet
1335 2933 1387 2976 ος,
1397 2925 1473 2962 fot.
1498 2922 1542 2954 cf.
1560 2922 1594 2963 7,
1611 2922 1654 2957 31
1668 2920 1759 2976 etc.)
1794 2894 1798 2980 J

952 2988 996 2993 —
1020 2965 1309 3011 τᾶν-ψυχή.
1341 2967 1452 3008 οὗτος
1476 2965 1517 3002 δὲ
1537 2964 1760 3012 ἐλιποψύχη-
1794 2982 1798 2995 ι

953 3025 1022 3050 σεν.
1053 3012 1159 3058 (alias
1192 3014 1277 3047 haec
1303 3013 1439 3058 phrasis
1465 3013 1638 3058 significat
1669 3023 1760 3048 mor-
1794 3022 1797 3046 ί
