1811 3269
633 155 1061 198 ΙΛΙΑΔΟΣ
1116 155 1163 194 Γ.

1650 151 1731 192 181

125 279 203 321 145
235 272 343 327 αἶψα
374 270 418 315 6'
452 267 593 313 ἔπειθ’
625 269 804 317 ἵκανον,
836 264 913 309 ὅθι
943 265 1106 308 Σκαιαὶ
1133 262 1270 307 πύλαι
1298 256 1426 317 ἦσαν.

314 331 367 372 Οἱ
396 326 440 370 δ’
473 325 588 382 ἀμφὶ
620 327 827 394 Πρίαμον
857 322 931 365 καὶ
962 322 1179 365 Πάνθοον
1207 319 1283 376 ἠδὲ
1316 321 1554 374 Θυμοίτην,

232 385 420 440 Λάμπον
449 399 516 435 τε,
549 384 744 426 Κλυτίον
772 378 836 430 θ’,
869 377 1089 422 Ικετάονά
1121 375 1179 431 τ’,
1212 377 1315 431 ὄζον
1327 375 1504 432 Ἄρηος,

237 442 500 496 Οὐκαλέγων
529 456 574 483 τε
604 440 678 483 καὶ
705 436 946 494 Ἀντήνωρ,
978 435 1238 491 πεπνυμένω
1269 434 1416 491 ἄμφω,

230 501 348 543 εἴατο
380 495 697 553 δημογέροντες
725 495 793 539 ἐπὶ
822 495 1014 549 Σκαιῇσι
1044 492 1250 562 πόλησιν,

123 561 201 603 150
231 555 364 612 γήραϊ
394 554 446 612 δὴ
478 555 686 609 πολέμοιο
716 550 1011 623 πεπαυμένοι,
1044 547 1138 592 ἀλλ’
1174 548 1389 619 ἀγορηταὶ

231 613 404 665 ἐσθλοὶ,
435 613 696 666 τεττίγεσσιν
726 607 935 660 ἐοικότες,
969 607 1057 649 οῖ’τε
1088 605 1196 649 καθ’
1228 604 1340 662 ὕλην

61 728 105 751 va
139 721 176 750 et
210 716 477 750 Atheniensibus
512 718 658 769 accepta
697 713 875 758 fingendi3

60 763 178 797 eadem
202 763 237 796 in
263 762 398 796 artibus
424 761 671 806 antiquissimis
696 772 873 806 expressa,

59 809 190 842 velut
180 821 216 842 ιιι
249 809 391 854 Cypseli
426 820 508 841 arca
540 818 596 852 ap.
622 808 724 840 Paus.
783 808 874 848 ‚.19

58 855 247 900 itidemque
279 857 315 888 in
348 853 531 898 Pongnoti
567 854 683 886 tabula
707 865 764 899 ap.
790 852 874 886 Del-

58 901 144 947 phos
177 902 309 934 Aethra
342 901 503 934 adstabat
538 900 692 933 Helenae
727 900 872 932 detonso

58 948 104 982 ad
131 951 240 981 cutem
266 946 410 991 capillo,
444 957 512 979 una
541 957 616 978 cum
642 945 716 979 aliis
740 945 873 978 duabus

58 993 191 1027 ancillis
215 992 358 1026 Electra
382 997 417 1025 et
442 991 672 1033 Panthalide,
705 990 789 1025 ibid.
819 994 874 1033 10,

59 1040 117 1074 25.
165 1038 337 1072 Hellanici
380 1037 606 1082 antiquiorem
640 1037 872 1070 narrationem

58 1085 162 1119 habet
183 1084 283 1118 etiam
304 1084 419 1117 Schol.
444 1083 566 1126 Eurip.
585 1083 629 1116 ad
649 1084 781 1118 Hecub.
796 1085 873 1117 125.

57 1132 102 1165 cf.
128 1131 218 1164 Plut.
231 1131 369 1164 Theseo
396 1142 428 1174 p.
455 1129 498 1163 14
518 1127 562 1162 Ε.
581 1129 634 1170 R,
660 1130 818 1174 Apollod.
838 1131 871 1171 3,

59 1180 116 1217 10,
141 1178 174 1211 7.
200 1189 274 1210 cum
300 1188 377 1211 ann.
403 1187 435 1221 p.
461 1177 541 1210 286.
559 1186 669 1220 sequ.,
696 1175 871 1221 Lycophr.

57 1224 138 1258 503.
173 1224 314 1268 ejusque
345 1222 481 1263 Schol.,
509 1222 667 1255 Tzetzae
691 1223 871 1256 Antehom.

59 1269 114 1303 ed.
149 1268 286 1304 Jacobs,
318 1270 419 1309 130..
454 1268 626 1301 Hellanici
660 1268 781 1312 fragm.
817 1269 871 1302 ed.

58 1315 178 1369 Sturz:
205 1327 237 1360 Ρ.
265 1316 341 1349 115.
372 1315 502 1348 sontem
525 1321 637 1347 tamen
661 1315 713 1347 rei
737 1314 871 1347 inveni-

57 1371 132 1395 mus
165 1360 200 1394 in
235 1361 368 1395 Arctini
401 1358 507 1395 Ἰλίου
532 1361 678 1401 πέρσιδι
703 1372 758 1405 ap.
786 1361 874 1394 Pro-

58 1407 191 1452 clump
196 1406 307 1442 ..484
333 1408 524 1452 Hephaest.
551 1406 752 1447 Gaisrord.;
779 1407 874 1450 cujus

58 1454 134 1488 loco
172 1453 361 1487 Lescheum
393 1458 556 1487 memorat
590 1453 693 1486 Paus.
722 1455 785 1494 10,
818 1455 873 1488 25.

57 1499 149 1545 quod
182 1500 313 1533 Aethra
354 1499 453 1533 nimis
487 1505 559 1532 tum
598 1499 715 1532 vetula
751 1510 812 1531 ano
806 1499 875 1533 illa

57 1546 134 1580 visa
166 1551 221 1579 est
255 1545 459 1591 quibusdam
501 1543 754 1588 grammaticis,
799 1556 872 1578 cum

57 1592 168 1636 ipsum
203 1592 374 1626 Theseum
411 1594 514 1635 poeta
545 1591 634 1624 inter
668 1588 873 1635 προτέρους

58 1638 200 1683 ἄνδρας
225 1644 381 1671 numeret
405 1638 480 1681 od)
479 1647 533 1670 55.
560 1635 602 1679 λ’,
630 1638 731 1678 630.,
767 1637 810 1670 ad
835 1638 870 1671 id

56 1684 116 1719 alii
137 1685 403 1738 responderunt,
430 1683 559 1741 Odyss.
574 1682 619 1723 α’,
636 1685 694 1717 191
720 1662 870 1718 Laerten

56 1731 92 1766 in
116 1742 201 1775 agro
226 1730 346 1765 vivere
370 1730 438 1764 dici
457 1729 543 1774 γρηϊ
565 1729 633 1764 σύν
657 1725 871 1774 αμφιπόλῳ,

55 1774 82 1822 ἤ
107 1778 143 1812 οι
160 1778 300 1831 βρῶσίν
323 1789 362 1811 τε
386 1776 495 1811 πόσιν
521 1789 558 1811 τε
582 1779 781 1818 παρτιθεῖι
807 1789 871 1810 nec

55 1823 141 1858 talia
173 1824 209 1857 in
241 1823 370 1857 fabulis
405 1835 456 1868 pr.
449 1823 595 1857 lscarum
629 1823 787 1869 stirpium
829 1824 871 1856 ad

56 1869 171 1904 vivum
195 1869 385 1903 resecanda
410 1881 486 1902 esse
510 1869 595 1902 dicit
621 1869 689 1910 H„
715 1870 810 1912 cujus
830 1882 872 1903 ex

57 1915 232 1951 annotatis
255 1916 340 1949 haec
364 1915 613 1959 excerpsimus.
639 1934 682 1939 —-
703 1915 874 1960 hodieque

56 1962 92 1996 in
105 1962 274 2006 Hispania
292 1961 434 1995 seminas
453 1961 586 1994 nobiles
605 1961 760 1995 comitari
786 1963 873 1995 solet

58 2008 257 2042 famularum
273 2019 332 2041 seu
346 2007 624 2053 paedagogarum
633 2018 753 2050 genus,
766 2019 872 2051 gran-

57 2054 147 2088 dium
164 2065 268 2099 saepe
278 2059 373 2097 natu,
387 2065 472 2099 quae
490 2058 661 2086 vocantur
682 2053 702 2086 d
716 2065 737 2086 u
750 2054 799 2086 eii
811 2065 829 2087 a
841 2065 868 2087 5

57 2104 209 2135 ceterum
235 2099 407 2137 Pittheus.
436 2099 575 2144 Pelopis
597 2099 644 2132 fil.
670 2100 727 2132 vel
751 2111 869 2143 gener,

55 2146 124 2180 fuit
148 2158 208 2180 rex
233 2146 532 2186 Troezeniorum3
559 2146 602 2179 de
629 2157 697 2189 quo
719 2147 820 2179 Paus.
837 2148 870 2181 2.

56 2194 112 2235 30,
138 2194 208 2236 31.,
234 2192 326 2229 Plut
343 2194 450 2226 Thes.
474 2193 526 2233 5.
554 2191 711 2236 Apollod.
734 2193 769 2232 3,
799 2192 868 2234 14.,

56 2239 182 2283 Eurip.
206 2238 313 2284 Hipp.
348 2242 388 2274 11
419 2244 485 2272 etc.
518 2257 564 2263 —-
606 2239 788 2280 Clymene,
825 2238 869 2271 de

56 2296 125 2330 qua
148 2290 266 2319 tacent
290 2285 525 2325 Scholiastae,
562 2283 662 2318 etiam
695 2284 771 2329 ipsa
804 2284 870 2318 suit

55 2332 146 2365 inter
166 2331 324 2376 captivas
346 2331 380 2364 in
400 2331 583 2375 Polygnoti
605 2330 724 2364 tabula
746 2330 790 2363 de
809 2342 868 2364 ex-

56 2377 147 2411 cidio
169 2377 223 2411 Ilii
252 2381 288 2411 et
311 2378 426 2411 reditu
452 2378 682 2410 Graecorum.
708 2389 740 2409 v
766 2377 869 2412 Paus.

56 2426 122 2465 10,
147 2424 203 2458 26.
216 2448 227 2465 ,
252 2423 311 2479 qpi
338 2424 374 2457 id
401 2423 587 2456 tradidisse
614 2428 732 2456 narrat
756 2423 796 2456 St
800 2423 868 2456 esi-

56 2470 195 2504 chorum
217 2468 255 2505 ἐν
276 2467 381 2505 Ἰλίου
404 2469 593 2512 πέρσιδι.
599 2469 644 2509 ,ἱιι
663 2473 751 2502 orat.
769 2469 870 2503 fune-

57 2516 135 2557 bri,
167 2528 255 2561 quae
281 2516 370 2550 inter
404 2515 685 2549 Demosthenicas
711 2520 787 2556 est,
833 2528 868 2560 p.

58 2563 159 2598 1398.
185 2562 239 2596 ed.
266 2562 384 2596 Reisk
419 2562 566 2607 legitur·
602 2560 804 2605 ἐμέμνηντο
831 2562 867 2596 οἱ

52 2606 312 2666 Ἀκαμαντίδαι
337 2610 411 2643 τῶν
436 2608 545 2648 ἐπῶν
570 2606 608 2643 ἐν
633 2606 710 2648 οἷς
710 2606 869 2652 Όμηρος

58 2652 163 2689 ἕνεκα
185 2656 251 2701 τῆς
287 2655 425 2713 μητρός
459 2655 548 2698 (imo
581 2653 745 2700 μάμμης.
782 2654 867 2698 Ed.)

61 2712 173 2745 φησιν
209 2703 351 2760 Αἴθρας
385 2700 589 2737 Ἀκάμαντα
636 2702 687 2742 εἰς
728 2702 869 2744 Τροίαν

60 2750 208 2783 στεῖλαι.
268 2747 287 2783 ὁ
321 2748 388 2793 μὲν
422 2749 490 2784 οὐν
524 2747 665 2805 παντὸς
698 2745 868 2790 ἐπειρᾶτο

59 2791 235 2829 κινδύνου
260 2798 329 2831 τοῦ
353 2797 468 2830 σῶσαι
504 2795 571 2837 τὴν
605 2792 726 2828 αὐτοῦ
760 2794 869 2837 (fort.

59 2839 130 2884 τήν
159 2843 230 2875 τοῦ
258 2843 398 2886 πατρὸς
430 2839 562 2877 αὑτοῦ.
602 2841 694 2884 Ed.)
730 2839 868 2884 μητέρα

61 2885 178 2922 ἕνεκα.
203 2892 372 2923 auctorem
391 2894 450 2923 aut
473 2887 598 2922 fefellit
617 2886 789 2928 memoria,
809 2892 870 2920 aut

59 2933 96 2967 ῖιι
120 2934 192 2977 ejus
218 2933 333 2968 codice
357 2935 455 2990 plura
478 2935 571 2968 lecta
595 2933 704 2967 fuisse
728 2944 869 2966 necesse

58 2983 114 3060 §.st
129 2990 237 3059 (μιῗίιιι
273 2992 360 3026 quae
391 2981 427 3015 in
455 2980 586 3042 nostris
617 2979 715 3014 libris
740 2979 870 3039 haben-

76 3029 140 3059 ur.‘
218 3052 227 3061 .

972 707 1049 745 145.
1089 709 1272 744 Σκαιαι
1296 707 1457 747 πύλαι
1484 703 1621 750 αὶτῆς’
1623 707 1731 741 [λίου.

923 753 1036 790 αὗται
1065 753 1104 790 δὲ
1135 755 1197 790 καὶ
1223 754 1454 800 Λαρὸάνειαι
1485 751 1732 799 προσαγορεύ

923 815 1050 841 ονται,
1075 801 1128 837 δι’
1156 801 1208 836 (ὃν
1232 801 1385 859 ἐξῄεσαν
1409 804 1462 843 εἰς
1481 800 1524 836 τὸ
1546 801 1678 836 πεδίον
1697 798 1733 834 οἱ

926 850 1060 892 Τρῶες
1113 849 1251 884 Σκαιαι
1287 847 1326 883 δε
1361 849 1524 893 εἴρηνται
1549 845 1631 892 ὴτοι
1657 844 1730 880 cino*

920 896 1067 930 Σκαιοῦ
1090 896 1160 931 τοῦ
1183 894 1548 935 κατασκευάσαντος,
1584 896 1637 936 (at
1662 898 1733 927 tum

920 942 1084 997 scriptum
1119 942 1274 988 oportuit
1305 946 1385 976 tono
1431 946 1560 975 mutato
1594 942 1734 975 Σκαῒαι

919 987 1034 1023 πύλαι
1059 992 1094 1022 et
1118 1000 1239 1023 nomen
1264 988 1332 1021 viri
1346 991 1516 1046 Σκαῖος,
1541 991 1579 1020 ut
1606 999 1662 1032 ap.
1687 988 1732 1020 A-

921 1035 1046 1091 pollod.
1074 1036 1108 1076 3,
1135 1037 1189 1076 10,
1215 1036 1268 1079 5.)
1294 1030 1318 1079 ἢ
1344 1033 1401 1070 ότι
1426 1032 1465 1069 ἐν
1488 1037 1567 1073 τοῖς
1591 1036 1734 1074 σκαιοῖς

920 1095 981 1116 και
1005 1079 1209 1124 ἀριστεροῖς
1232 1081 1355 1125 μέρεσι
1379 1083 1445 1127 τῆς
1471 1078 1613 1121 πόλεως
1638 1083 1733 1115 κεῖν-

919 1141 981 1162 ται
1006 1133 1072 1161 etc.
1122 1128 1208 1161 hanc
1240 1128 1407 1162 rationem
1446 1127 1572 1171 probat
1606 1127 1661 1168 H;
1700 1131 1734 1159 et

919 1186 1024 1218 sane,
1051 1186 1126 1207 cum
1151 1174 1365 1207 occidentem
1390 1173 1633 1217 meridiemque
1654 1184 1734 1217 spe-

920 1225 1031 1254 ctaret
1056 1224 1157 1265 porta
1183 1221 1314 1261 Scaea,
1341 1225 1380 1254 ut
1403 1232 1472 1265 qua
1489 1219 1622 1253 exirent
1640 1220 1733 1253 Tro-

916 1267 990 1310 jani
1026 1267 1068 1300 ad
1105 1266 1280 1311 planitiem
1317 1270 1351 1300 et
1379 1271 1493 1301 castra
1518 1266 1733 1300 Graecorum

921 1311 980 1356 (ζ’,
995 1312 1108 1356 393),
1132 1317 1168 1346 et
1186 1313 1228 1346 ab
1249 1314 1382 1358 Aesepo
1408 1319 1442 1346 et
1467 1324 1487 1346 a
1513 1311 1630 1353 Caico,
1655 1313 1730 1356 qui-

922 1360 983 1392 bus
1007 1359 1124 1392 fluviis
1148 1359 1310 1403 utrinque
1334 1359 1583 1393 terminabatur
1607 1358 1734 1392 Priami

921 1405 1120 1458 imperium,
1163 1405 1305 1449 Trojam
1348 1404 1647 1450 proficiscentibus
1690 1404 1733 1438 ad

921 1452 1053 1486 laevam
1086 1451 1153 1484 sita
1185 1451 1271 1493 suit,
1305 1451 1405 1496 eique
1437 1451 1596 1496 opposita
1620 1454 1733 1496 porta,

920 1509 1023 1542 quam
1067 1507 1234 1530 sumamus
1273 1509 1414 1532 necesse
1456 1502 1529 1538 est,
1576 1497 1733 1541 quamvis

921 1544 1010 1577 haud
1035 1547 1326 1577 commemoratam
1350 1543 1384 1577 in
1404 1543 1500 1577 hisce
1518 1543 1733 1588 carminibus,

920 1590 963 1623 ad
988 1589 1153 1622 dextram.
1203 1590 1249 1622 cf.
1276 1601 1353 1623 ann.
1378 1590 1419 1622 ad
1448 1588 1525 1625 184.

968 1636 1044 1671 145.
1095 1634 1138 1670 οἱ
1164 1633 1206 1669 δ’
1232 1631 1356 1680 ἀμφι
1386 1636 1622 1679 Πρίαμον.
1646 1635 1680 1670 h.
1701 1649 1732 1671 e.

918 1679 937 1717 ὁ
975 1680 1015 1716 δὲ
1044 1684 1213 1726 Πρίαμος
1245 1682 1306 1717 καὶ
1334 1680 1517 1722 Πάνθους
1541 1687 1607 1716 etc.
1642 1694 1675 1718 v.
1701 1683 1732 1716 E

919 1728 1010 1762 eth.
1036 1729 1058 1761 l.
1088 1735 1123 1762 et
1148 1728 1259 1770 δόξ’,
1284 1730 1372 1771 436,
1398 1727 1445 1772 μ’,
1473 1731 1560 1768 139,
1589 1727 1665 1764 140.
1690 1729 1734 1764 de

922 1775 1084 1817 Priamo,
1119 1775 1363 1809 Laomedontis
1387 1775 1479 1816 filio,
1514 1775 1573 1819 qui
1602 1775 1732 1819 Trojae

919 1821 1100 1865 regnavit,
1141 1833 1174 1854 v.
1210 1821 1409 1865 Apollodori
1442 1821 1593 1865 interpp.
1629 1822 1672 1855 ad
1698 1823 1732 1863 2,

919 1869 951 1904 6
975 1868 1007 1901 4.
1040 1868 1214 1901 Panthous
1237 1879 1299 1900 seu
1328 1868 1481 1902 Panthtls
1509 1868 1656 1912 Othryis
1680 1868 1732 1901 si-

919 1925 964 1947 ve
989 1915 1147 1958 Othryae
1172 1915 1274 1957 (Aen.
1299 1915 1343 1954 2,
1372 1915 1473 1957 319)
1498 1914 1545 1947 fil.
1572 1914 1648 1955 fuit,
1670 1927 1732 1959 pa-

920 1964 1042 2014 terque
1070 1960 1291 2004 Polydamae,
1316 1939 1524 2050 liuphorbi9
1524 1965 1558 1993 et
1573 1960 1628 2005 Η)
1633 1973 1733 2006 pere-

919 2007 1037 2047 noris,
1072 2005 1132 2059 qui
1169 2012 1474 2040 commemorantur
1539 2008 1638 2049 ,,24
1672 2008 1731 2043 40.

919 2051 961 2085 de
987 2052 1060 2095 ejus
1084 2051 1217 2096 origine
1242 2052 1413 2096 Delphica
1438 2056 1581 2086 narrant
1600 2054 1728 2087 Scholl.

918 2098 961 2131 ad
987 2096 1038 2141 μ’,
1063 2100 1155 2142 231,
1184 2098 1215 2131 Ε
1241 2110 1274 2144 p.
1299 2101 1390 2141 900,
1415 2097 1473 2134 46.
1499 2107 1533 2132 et
1557 2099 1657 2133 Serv.
1687 2100 1730 2134 ad

918 2145 1004 2178 Aen.
1032 2145 1053 2178 l.
1084 2145 1104 2177 l.
1117 2170 1127 2186 ,
1152 2145 1213 2178 ubi
1239 2157 1271 2177 v.
1297 2157 1376 2179 ann.
1404 2146 1626 2190 ThymoeteS,
1664 2158 1729 2180 no—

917 2195 971 2223 tus
997 2202 1038 2223 ex
1064 2190 1210 2235 Virgilio
1236 2193 1321 2225 Aen.
1347 2194 1390 2232 2,
1415 2192 1483 2232 32,
1509 2191 1637 2225 Priami
1657 2193 1731 2226 fra-

916 2239 972 2269 ter
997 2237 1126 2270 dicitur
1151 2249 1207 2281 ap.
1233 2237 1334 2273 Diod.
1359 2237 1430 2271 Sic.
1455 2239 1498 2281 3,
1524 2238 1602 2273 66.·
1593 2262 1602 2279 ,
1639 2239 1731 2284 quod

916 2282 1051 2326 quidem
1077 2284 1120 2316 de
1148 2284 1300 2338 Lampo,
1336 2285 1445 2327 Clytio
1478 2266 1512 2318 e't
1539 2286 1731 2319 Hicetaone

916 2329 1039 2362 scimus
1072 2342 1114 2363 ex
1139 2327 1184 2370 v'‚
1215 2331 1290 2366 138.
1317 2336 1352 2364 et
1376 2330 1583 2375 Apollodoro
1608 2333 1730 2374 3,12,

915 2376 948 2409 3.
979 2376 1226 2420 Ucalegontem
1251 2377 1450 2411 memoravit
1478 2377 1573 2422 Virg.
1592 2378 1675 2411 Aen.
1694 2380 1729 2420 2,

914 2422 995 2455 311.
1021 2421 1170 2467 denique
1194 2422 1238 2456 de
1256 2426 1427 2457 Antenore
1448 2424 1482 2456 H
1510 2423 1583 2468 egit
1607 2436 1731 2458 excur-

914 2478 954 2500 su
979 2469 1012 2503 7.
1038 2469 1102 2502 ad
1109 2471 1140 2503 1.
1166 2468 1251 2503 Aen.

963 2513 1041 2549 149.
1092 2516 1193 2559 δημ.
1232 2514 1267 2550 οἱ
1299 2528 1366 2550 τον
1394 2513 1515 2559 δήμου
1542 2513 1729 2560 ἐντιμότε-

914 2572 985 2603 ροι.
1034 2562 1184 2606 Hesych.
1220 2573 1296 2595 cum
1333 2562 1449 2595 Schol.
1490 2562 1534 2595 H.
1560 2562 1602 2605 λ’,
1626 2563 1728 2599 372:

905 2604 1004 2641 ’Ίλου
1030 2627 1087 2650 —,
1113 2609 1277 2642 παλαιοῦ
1303 2608 1584 2653 δημογέροντος.
1611 2610 1656 2643 cf.
1678 2608 1727 2656 β’,

915 2655 997 2688 793.
1024 2653 1068 2687 de
1091 2655 1230 2687 senibus
1254 2654 1288 2687 in
1315 2666 1407 2687 muro
1442 2655 1537 2689 urbis
1566 2656 1728 2691 obsessae

915 2699 1088 2734 stantibus
1113 2701 1157 2735 cf.
1186 2712 1229 2741 6,
1252 2701 1333 2737 515.
1360 2702 1392 2733 E
1415 2702 1459 2734 K.

966 2747 1043 2781 151.
1090 2759 1206 2782 τεττ.
1252 2746 1396 2780 Aristot.
1435 2748 1478 2781 H.
1517 2747 1556 2780 Α.
1591 2748 1634 2788 5,
1668 2745 1725 2782 24.

917 2793 1034 2847 (30)·
1074 2794 1125 2827 tn?
1127 2806 1148 2827 ν
1182 2794 1222 2828 δὲ
1254 2793 1425 2837 τεττίγων
1450 2792 1535 2838 γένη
1559 2792 1625 2837 μέν
1651 2791 1727 2828 ἐστι

915 2837 1008 2873 δύο·
1034 2838 1069 2874 οἱ
1092 2838 1161 2881 μὲν
1185 2839 1321 2883 μικροι,
1346 2841 1384 2875 οι
1407 2852 1547 2884 πρωτοι
1572 2841 1727 2884 φαίνον-

913 2898 976 2920 ται
1011 2886 1072 2921 καὶ
1106 2888 1312 2921 τελευταῖοι
1347 2885 1588 2922 απόλλυνται·
1625 2886 1661 2921 οὶ
1684 2885 1726 2922 δὲ

915 2931 1088 2977 μεγάλοι,
1121 2934 1158 2968 οἱ
1194 2931 1368 2981 ἅδοντες,
1405 2931 1443 2968 οι
1475 2931 1537 2966 καὶ
1568 2929 1725 2991 ὕστερον

914 2980 1102 3039 γίγνονται
1125 2993 1186 3015 και
1208 2978 1391 3024 πρότερον
1416 2975 1656 3038 απόλλυνξαι.
1687 2977 1724 3016 ὃ·

917 3027 1034 3070 μοι’ως
1056 3024 1098 3062 δ’
1124 3025 1164 3062 ἓν
1188 3038 1227 3062 τε
1249 3028 1327 3068 τοῖς
1345 3027 1490 3070 μικροῖς
1504 3024 1566 3061 και
1591 3025 1629 3062 ἐν
1644 3029 1724 3069 τοῖς
