1811 3269
80 125 164 166 186

723 122 1115 164 ΟΜΗΡΟΥ

138 236 218 279 185
248 232 359 277 ἔνθα
387 235 490 278 ’ίδον
519 234 751 283 πλείστους
787 232 968 302 Φρύγας
998 232 1158 304 ozye'Qag
1188 232 1504 288 αἰολοπώλους,

249 289 386 341 λαούς
411 288 596 363 Ὀτρῆος
624 290 697 333 καὶ
709 288 971 361 Μύγδονος
1006 289 1245 340 αντιθὲοιο,

248 349 297 390 οἵ
325 347 382 402 ρὀι
411 346 505 390 τότ’
539 343 836 399 ἐστρατόωντο
865 345 971 401 παρ’
1004 345 1139 415 ὄχθας
1170 347 1466 402 Σαγγαρίοιο·

245 404 322 448 καὶ
350 403 436 459 γοὶρ
467 402 580 474 ἐγών
609 404 843 462 ἐπίκουρος
872 402 957 446 ἔων
989 401 1094 456 μετὰ
1122 408 1263 446 τοῖσιν
1293 403 1474 459 ἐλέχθην

247 460 380 532 ἤματι
409 464 494 515 τῷ,
528 459 598 503 ὅτε
630 458 672 502 τ’
703 455 847 519 ἦλθον
871 458 1100 513 Ἀμαζόνες
1130 458 1421 513 αντιάνειραι·

138 522 216 563 190
249 515 346 560 ἀλλ’
381 505 481 560 οὐδ’
515 518 559 560 οἱ
588 516 712 588 τόσοι
741 520 877 572 ἦσαν,
907 516 1006 559 ὅσοι
1035 515 1239 566 ἑλίκωπες
1267 515 1468 583 Ἀχαιοί.“

329 572 549 628 Δεύτερον
579 572 678 617 αὖτ’
705 545 901 643 Ὀδυσῆα
931 572 1040 615 ἰδων
1070 571 1225 626 ἐρέειν’
1257 572 1281 615 6
1311 571 1508 627 γεραιός·

248 629 368 681 ,,εἰ’π’
399 629 477 686 ἄγε
506 646 583 687 μοι
612 631 686 674 καὶ
714 629 863 681 τόνδε,
896 631 1029 683 φίλον
1058 628 1203 679 τέκος,
1234 627 1351 680 ὅστις
1382 628 1454 673 ὅδ’
1487 629 1616 683 ἐστὶν,

244 688 381 743 μείων
415 688 494 744 μὲν
520 687 717 745 κεφαλήν
742 685 1062 742 Ἀγαμέμνονος
1088 685 1321 741 Ἀτρείδαο,

76 811 286 858 (Κιβωτὸς,
319 824 420 856 arca,
458 813 531 848 scil.
567 813 748 856 mercium,
783 813 816 846 h.
855 825 885 847 e.

75 859 292 903 emporium)
333 861 414 894 urbs
447 859 593 904 insignis
636 860 704 893 fuit
743 871 888 903 magnae

73 904 271 950 Phrygiae,
312 907 356 940 ad
389 907 562 950 Marsyam
594 910 630 938 et
664 906 887 939 Maeandrum

74 949 199 984 fluvios
223 952 302 992 sita,
331 963 450 997 quam,
475 953 555 985 illuc
579 951 738 984 deductis
763 951 888 985 Celae-

73 1008 193 1030 narum
216 998 370 1040 civibus,
396 1000 580 1043 Apameam
604 997 793 1032 nominavit
818 1001 888 1032 An-

73 1042 209 1076 tiochus
245 1045 348 1077 Soter
380 1044 415 1077 in
448 1044 609 1078 honorem
642 1045 761 1077 matris
792 1046 888 1089 Apa—

73 1099 156 1122 mae.
197 1089 325 1124 Strabo
354 1091 414 1131 12,
439 1091 492 1131 8,,
528 1090 597 1123 vol
623 1091 657 1125 3.
693 1101 725 1149 p.
749 1091 804 1125 73.
831 1090 885 1123 ed.

73 1134 287 1170 Tauchniz:
310 1133 482 1180 Ἀπάμεια
507 1135 545 1171 δ’
572 1135 667 1171 ἐστὶι
688 1137 887 1180 ἔμπορεῒον

71 1180 164 1225 μέγα
188 1183 253 1226 τῆς
288 1183 392 1223 ἰδιως
415 1182 610 1240 λεγομένης
631 1181 768 1238 Ἀσίας,
802 1184 886 1218 δευ-

71 1228 223 1270 τερεῦον
255 1241 347 1271 μετα
380 1228 449 1274 τήν
473 1226 659 1272 '‘Eqasaov·
693 1228 789 1273 αὕτη
813 1227 884 1273 γὰρ

72 1274 287 1319 (Ephesus)
322 1276 382 1310 καὶ
415 1290 491 1310 των
524 1273 598 1310 α’πὸ
638 1277 703 1320 τῆς
733 1274 887 1315 Ἰταλίας

70 1320 134 1355 καὶ
176 1321 243 1365 τῆς
279 1320 453 1363 ’,Ελὶάὸος
493 1319 716 1366 υποδοχεῖον
759 1322 886 1357 κοινόν

71 1365 183 1402 ἐστιν.

120 1414 197 1448 185.
246 1415 457 1449 recentiores
481 1415 618 1459 virgula
637 1415 885 1470 interpungunt

70 1465 153 1516 post
166 1458 324 1504 Φρύγας.
351 1467 385 1495 et
411 1463 497 1495 bene
523 1461 659 1506 quidem
686 1462 813 1495 dicitur
838 1458 883 1495 οἷ-

71 1504 179 1549 νέρας
211 1507 304 1542 αιολ.
319 1533 328 1550 ,
367 1508 430 1542 sed
465 1520 531 1542 non
565 1509 673 1542 minus
704 1510 812 1550 bene,
848 1510 883 1540 et

70 1551 272 1586 venustiore
297 1565 455 1595 numero,
485 1552 632 1599 Φρύγας
657 1552 810 1598 ἀνέρας,
845 1558 884 1586 ut

67 1596 210 1643 Αχαιὸς
234 1596 330 1644 οἷνήρ
358 1602 444 1641 167,
469 1602 538 1636 226
564 1608 651 1639 etc.‚
684 1601 720 1634 in
757 1600 882 1645 quibus

71 1645 306 1690 similibusque
332 1658 398 1680 vox
424 1645 520 1692 ἀνὴρ
547 1647 664 1680 addita
694 1651 746 1680 est
764 1646 802 1681 ἐκ
822 1658 884 1680 πε-

71 1692 222 1736 ρισσοῦ,
257 1703 320 1725 nec
336 1692 538 1748 quidquam
565 1704 663 1726 sensu
691 1693 810 1726 differt
833 1692 884 1725 in-

71 1743 125 1772 ter
152 1736 297 1794 Φρύγας
314 1736 455 1796 ἀνέρας
479 1740 574 1774 αἰολ.
601 1743 636 1773 et
656 1737 802 1784 Φρύγας
825 1739 886 1772 ἱπ-

69 1782 268 1828 ποδάμους
292 1783 333 1823 κ’
362 1786 441 1822 431.
470 1797 583 1840 quare
614 1792 699 1819 vt.et
726 1786 805 1819 edd.
831 1796 884 1818 se-

70 1836 171 1865 cutus
196 1843 281 1866 sum.
312 1832 418 1865 Sch.:
455 1829 522 1866 οἷν.
549 1833 670 1866 alo).
710 1833 887 1871 ποικίλως

70 1877 275 1920 ἱππαζομει
279 1890 355 1921 ους,
381 1877 616 1920 πολεμικούς,
641 1874 662 1922 ἢ
684 1881 805 1922 ταχεῖς
824 1878 881 1912 ἳπ-

69 1936 166 1964 πους
192 1937 279 1979 εχοι
278 1937 353 1963 τας
388 1925 696 1981 Sch01.Arist0pb.
723 1925 765 1957 ad
789 1924 883 1957 Nub.

70 1972 168 2006 728..
192 1991 230 1995 -
257 1968 373 2015 ἤΙΟυν
390 1972 635 2015 ταχυίππους,
660 1968 682 2012 ἢ
709 1972 884 2010 ποικίλως

69 2017 354 2060 ἱππαζομένους.
398 2018 520 2051 similia
535 2023 613 2050 sunt
632 2016 882 2060 αἰολοθώρηξ,

70 2065 308 2108 αἰολςμίτρης
352 2070 387 2098 et
422 2065 671 2108 κορυθαίολος
705 2062 751 2109 β’,
789 2064 882 2105 816-,

68 2110 129 2144 ubi
153 2122 186 2144 v.
211 2122 286 2143 ann.
315 2113 527 2144 Amazonum
562 2110 798 2153 antiquissima
828 2115 883 2143 est

68 2157 228 2191 memoria
256 2158 339 2190 haec
364 2162 400 2190 et
433 2158 492 2190 illa
516 2155 555 2199 ζ’,
585 2158 660 2191 186.
677 2182 686 2196 ,
718 2155 776 2189 ubi
802 2155 883 2189 Bel-

68 2203 234 2247 lerophon
267 2215 326 2237 eas
358 2203 576 2237 interfecisse
608 2202 744 2235 dicitur.
803 2205 883 2245 post

67 2249 212 2282 feminas
235 2250 320 2282 istas
345 2250 542 2293 Scythica5‚
562 2247 881 2291 Argonaufficorum,

68 2295 258 2329 Heracleae
283 2307 322 2329 ac
347 2295 560 2335 Theseidos,
585 2306 784 2347 rerumque
790 2294 881 2326 Bac-

69 2340 242 2375 chicarum
275 2341 464 2386 scriptores
501 2340 707 2375 carminibus
735 2339 805 2373 suis
829 2339 881 2372 in-

68 2392 263 2421 seruerunt.
307 2399 340 2421 v.
376 2388 511 2432 Heynei
546 2398 623 2420 ann.
655 2386 697 2420 ad
724 2385 880 2430 Apollod.

70 2445 103 2479 p.
133 2435 218 2474 115,
246 2435 322 2469 153.
347 2445 406 2477 seq
412 2446 444 2466 u.
480 2436 705 2467 occurrerant
737 2438 806 2465 tum
832 2433 881 2465 A-

70 2480 269 2513 mazonibus
304 2480 346 2512 ad
380 2480 584 2524 Sangarium
616 2478 653 2511 fl.
689 2480 813 2512 Otreus
845 2482 882 2511 et

75 2526 243 2570 Mygdon,
270 2526 332 2559 filii
355 2526 557 2570 Dymantis,
581 2524 675 2565 regis
695 2525 881 2568 Phrygum,

71 2572 266 2615 fratresque
293 2573 457 2606 Hecubae
481 2570 550 2615 (π’,
575 2572 654 2606 718.
657 2571 687 2614 ),
712 2582 799 2614 quae
818 2581 882 2603 nu-

72 2622 134 2663 pta
157 2623 232 2651 erat
255 2618 412 2659 Priam03
448 2617 668 2662 quamobrem
702 2616 730 2648 is
755 2615 881 2649 auxilio

73 2664 142 2697 illis
166 2664 262 2697 venit
293 2669 328 2698 et
361 2665 493 2697 fudisse
526 2662 664 2696 videtur
697 2663 882 2695 exercitum

72 2710 321 2743 Amazonicum.
382 2709 465 2743 mire
496 2709 602 2753 igitur
639 2707 770 2752 0ὶείἰοί
804 2712 883 2751 post

72 2756 173 2790 Hom.
185 2757 386 2796 Amazones,
404 2745 772 2794 ductuPenthesileae,
790 2754 884 2787 Tro-

68 2802 161 2846 janis
188 2802 374 2847 opitulatas
404 2813 480 2835 esse
508 2801 682 2834 finxerunt
713 2799 883 2834 adversus

73 2849 295 2889 Graecos3a
274 2859 381 2891 aquo
398 2847 497 2880 initio
513 2846 660 2900 profecti
676 2851 754 2879 sunt
768 2846 882 2886 Quin-

73 2899 129 2927 tus
157 2895 234 2937 Sm)
233 2905 291 2927 ι·ιι.
317 2895 350 2929 2.
376 2897 412 2926 et
442 2891 609 2926 Tzetza'
600 2904 635 2925 ιιι
659 2892 881 2932 Posthomer„

74 2940 135 2973 ubi
160 2952 190 2973 vv
212 2939 350 2974 Jacobs.
378 2939 422 2972 ad
445 2949 581 2972 versum
606 2940 637 2972 7.
666 2939 718 2971 Ex
745 2938 790 2971 H.
836 2937 881 2970 cf.

76 2985 203 3020 Herod.
229 2987 273 3028 9,
297 2987 352 3021 27.
378 2985 437 3018 W.
486 2981 540 3018 οἷν
553 2998 582 3019 τ.
617 2985 753 3025 θείου,
784 2983 883 3019 δίου.

935 824 969 846 v.
995 810 1043 853 α’,
1072 810 1152 847 264.
1186 812 1349 857 frequens
1393 812 1533 845 heroum
1567 809 1744 855 epitheton

934 871 991 904 ap
1018 859 1120 893 Hom.

983 916 1060 950 187.
1095 912 1278 959 ἔστρατ.
1292 914 1331 957 (a
1343 914 1603 970 ρτρατᾶσθαι.)
1620 912 1746 969 ε’στρα-

933 960 1147 997 τοπέδευον.
1195 959 1304 1005 παρ’
1343 958 1375 996 ὅ.
1399 963 1539 1006 Σαγγ.
1572 958 1674 1015 παρὰ
1699 972 1745 993 τα

931 1010 1029 1052 χείλη
1065 1009 1133 1043 τοῦ
1169 1008 1383 1052 Σαγγαρίου
1415 1007 1600 1051 ποταμοῦ.
1651 1003 1670 1042 ὃ
1705 1004 1746 1041 δὲ

933 1052 1142 1100 Σαγγάριος
1177 1053 1344 1094 ποταμὸς
1380 1052 1560 1098 πρότερον
1594 1049 1661 1095 μὲν
1697 1048 1746 1097 ἦν

936 1102 1120 1145 Φρυγιας,
1146 1101 1215 1135 ιῦν
1242 1099 1281 1135 δὲ
1308 1102 1502 1140 Γαλατίας
1538 1098 1746 1143 (Phrygiam

932 1148 1094 1191 majorem
1120 1147 1223 1189 dicit,
1250 1147 1283 1180 in
1305 1157 1371 1191 qua
1401 1153 1497 1180 ortus
1525 1146 1581 1179 hic
1602 1145 1660 1187 fl.‚
1687 1144 1746 1178 ubi

934 1199 1065 1239 partem
1091 1194 1167 1236 ejus
1191 1193 1377 1246 perfluxit,
1402 1204 1464 1237 per
1489 1190 1684 1235 Bithyniam
1709 1191 1745 1224 in

931 1240 1079 1273 Pontum
1104 1240 1196 1280 exit,
1231 1250 1298 1271 non
1333 1238 1367 1270 in
1406 1238 1673 1282 Propontidem,
1707 1240 1746 1270 ut

932 1286 1008 1319 Liv.
1035 1285 1251 1319 errabundus
1275 1284 1423 1317 tradidit
1446 1286 1502 1322 38
1524 1285 1577 1317 18.
1603 1294 1635 1318 v.
1662 1281 1743 1315 Cel-

931 1332 1052 1365 1ar.2.
1091 1342 1124 1385 p.
1159 1332 1237 1366 161.
1294 1329 1440 1364 Hesiod.
1478 1327 1745 1373 Theog.344.:

932 1374 1145 1422 Σαγ)άριόν
1177 1389 1215 1411 τε
1247 1374 1371 1420 μέγαν.
1427 1375 1516 1409 ΡΙίιι.
1547 1377 1580 1410 6.
1614 1374 1744 1419 princ.-

932 1426 1044 1469 Sagat
1045 1425 1133 1467 isfl.
1154 1435 1192 1456 ex
1211 1423 1346 1466 inclytis
1368 1422 1478 1455 oritur
1500 1423 1535 1455 in
1564 1420 1745 1465 Phrygia,-

932 1472 1057 1514 accipit
1077 1475 1194 1503 vastos
1214 1481 1342 1506 amnes,
1368 1469 1458 1502 inter
1477 1479 1558 1512 quos
1582 1469 1744 1501 Tembro-

929 1518 1026 1560 gium
1048 1521 1081 1550 et
1105 1516 1269 1555 Gallum3
1293 1515 1385 1548 idem
1405 1515 1602 1559 Sangarius
1628 1526 1651 1547 α
1670 1514 1745 1557 ple-

930 1564 1044 1606 visque
1080 1563 1202 1595 daeQctus
1256 1539 1306 1594 ibi
1349 1561 1515 1593 Harduin.
1554 1559 1742 1603 annotavit,

930 1609 1102 1653 hodieque
1128 1607 1275 1651 Sagarin
1309 1606 1475 1651 appellari
1509 1606 1601 1640 illum
1625 1605 1661 1642 fl.
1686 1617 1744 1651 ap.

929 1655 1146 1699 indigenas.)
1170 1654 1251 1686 sch.

981 1712 1059 1754 188,
1083 1712 1116 1745 9.
1165 1708 1220 1744 ἐλ.
1246 1707 1616 1754 συγκατηριθμήθην,
1639 1721 1745 1745 κατε-

931 1758 1060 1801 τάγην.
1106 1753 1248 1800 Ἄμαζ.
1280 1758 1505 1812 ΆΙελανίππη
1539 1757 1601 1790 καὶ
1622 1751 1743 1791 Ιππο-

931 1802 1042 1848 λύτη,
1069 1802 1296 1847 θυγατέρες
1297 1800 1437 1845 Ἀρεος,
1460 1804 1532 1836 ταῖν
1555 1801 1744 1846 Ἀμαζονί-

935 1853 1012 1885 δων
1035 1848 1313 1902 προηγούμεναι
1347 1850 1414 1893 τῆς
1446 1850 1612 1892 στρατοῖς.
1647 1850 1744 1892 (nota

931 1896 1067 1931 nomina
1091 1907 1131 1929 ex
1159 1894 1302 1928 historia
1319 1895 1491 1929 Herculis.
1516 1907 1548 1929 v.
1560 1895 1662 1928 Diod.
1673 1894 1744 1930 Sic.

930 1944 976 1982 4,
1005 1944 1081 1983 16„
1100 1941 1344 1995 HadApoll.
1363 1943 1406 1982 2,
1431 1942 1474 1983 5,
1500 1943 1552 1982 9.,
1578 1942 1680 1974 Obss
1708 1953 1743 1986 p.

930 1989 1030 2031 153)
1065 1989 1198 2028 αυται,
1231 1986 1453 2031 πειρώμεναι
1478 1988 1551 2044 τήν
1578 1988 1744 2043 Φρυγίαν

930 2032 997 2079 ‘inp’
1022 2033 1157 2074 ἓαυτας
1180 2035 1334 2087 ποιῆσαι
1360 2033 1422 2068 δια
1445 2033 1486 2069 τὸ
1522 2034 1588 2078 τήν
1619 2047 1744 2078 χωραν

929 2079 1168 2123 ιπποτρόφον
1193 2084 1288 2114 εἰναι
1312 2080 1374 2114 καὶ
1394 2078 1605 2124 ἁμπελωδη,
1629 2081 1743 2116 παντὶ

928 2130 980 2173 τῷ
1005 2125 1247 2170 στρατεύματι
1264 2129 1628 2168 παρασκευασθεῖσαι
1646 2139 1742 2171 παρ-

930 2174 1061 2216 ε’τυχον
1087 2174 1138 2213 εἰς
1163 2172 1231 2216 τήν
1255 2172 1525 2227 προειρημένην
1542 2187 1577 2218 χι
1575 2186 1680 2229 ρραν.
1697 2192 1742 2199 -

931 2219 1028 2255 οἰντ.
1062 2220 1102 2254 αἱ
1122 2216 1212 2277 1ῖσαι
1243 2232 1338 2253 κατα
1370 2217 1531 2262 δύναμιν
1565 2217 1742 2262 ἄνδρασιν

931 2268 1084 2310 (recte),
1116 2262 1139 2309 ἢ
1176 2265 1214 2299 αἱ
1241 2265 1522 2308 ἐναντιούμεναι
1547 2264 1740 2325 ἀνδράσιν.

929 2313 969 2347 αἱ
1003 2311 1043 2346 δὲ
1074 2309 1264 2355 Ἀμαζόνες
1297 2312 1464 2356 λέγονται
1498 2317 1594 2348 εῖναι
1617 2311 1742 2355 ’Ἄρεος

928 2373 992 2394 και.
1014 2358 1225 2403 Ἀφροδιτης
1251 2359 1471 2402 θυγατέρες,
1496 2359 1597 2403 (fort.
1619 2362 1740 2402 θυγα-

928 2406 1053 2449 τέρος
1077 2405 1304 2439 Harmoniae:
1341 2405 1412 2439 vid.
1444 2406 1600 2449 Apollon.
1626 2405 1740 2439 Rhod.

928 2455 970 2492 2,
1005 2453 1084 2487 992.
1120 2451 1176 2485 vel
1213 2452 1403 2506 ponendum
1436 2459 1491 2484 est
1519 2448 1738 2495 Ἁρμονίας.)

927 2501 1124 2543 τραφεῖσαι
1158 2510 1258 2539 παρα
1304 2495 1542 2540 Θερμώδοντι
1585 2498 1739 2543 ποταμῷ

927 2547 992 2590 τῆς
1016 2545 1197 2583 Σκυθίας.
1222 2562 1266 2568 -
1296 2543 1353 2576 Ex
1377 2545 1458 2577 Sch.

977 2604 1054 2638 192.
1103 2603 1245 2646 φίλον
1276 2600 1409 2641 τέκος
1441 2600 1593 2644 appellat
1623 2600 1737 2644 junio-

929 2661 1012 2684 rem.
1059 2649 1103 2681 cf.
1139 2647 1265 2691 Odyss.
1293 2646 1339 2690 η’,
1364 2650 1430 2688 22,
1464 2647 1623 2690 Aeschyl.
1648 2647 1737 2680 Cho.

928 2697 1015 2735 251,
1043 2694 1132 2736 305,
1156 2693 1245 2733 486,
1274 2694 1447 2738 Aristoph.
1469 2693 1556 2725 Ran.
1578 2693 1679 2727 1248.

978 2754 1054 2788 193.
1102 2748 1324 2794 κεφαλήν.
1351 2750 1522 2795 scriptura
1535 2749 1737 2791 Aristarchi,

930 2809 1029 2843 quam
1060 2797 1214 2831 restituit
1247 2797 1292 2832 H.
1333 2796 1455 2829 codd.:
1498 2798 1662 2841 κεφαλῇ,
1697 2799 1738 2829 ut

931 2846 1007 2879 168.
1033 2844 1110 2877 W.:
1134 2844 1288 2888 κεφαλῇ.
1313 2842 1435 2883 „nicht
1453 2854 1510 2875 um
1527 2844 1626 2876 einen
1645 2842 1741 2885 Kopf

929 2892 1070 2931 kleiner,
1093 2889 1239 2923 sondern
1251 2889 1313 2922 das
1330 2888 1391 2921 lat.
1404 2894 1551 2922 statura.
1578 2899 1616 2922 so
1630 2889 1736 2923 168.“

927 2938 1075 2981 μείων
1110 2946 1211 2979 κεφ.
1262 2935 1351 2969 idem
1384 2939 1439 2969 est
1472 2936 1586 2979 μείων
1610 2945 1675 2980 per
1696 2944 1736 2967 se

928 2982 1054 3017 dictum
1079 2981 1111 3029 β’
1113 3006 1122 3022 ‚
1151 2981 1226 3017 528.
