1811 3269
593 168 1020 209 ΙΛΙΑΔΟΣ
1086 169 1137 207 Κ.

1643 171 1700 211 59

195 276 332 331 ἄστρα
363 276 409 320 δὲ
439 275 492 331 δὴ
522 274 800 343 προβέβηκε,
824 275 1084 344 παρώχηκεν
1115 274 1161 318 δὲ
1190 275 1332 318 πλέων
1361 277 1442 329 νὺξ

195 339 282 377 τῶν
311 334 391 376 δύο
422 331 642 402 μοιράων,
673 348 852 404 τριτατη
884 334 927 375 δ’
960 332 1021 375 ἔτι
1052 337 1185 387 μοῖρα
1215 331 1471 376 λέλειπται

263 390 346 440 “Ως
378 387 552 432 εἰπόνθ’
588 387 792 432 ὅπλοισιν
822 389 886 432 ε’νι
917 391 1126 432 δεινοῖσιν
1158 387 1329 443 ἐδύτην.

82 450 162 491 255

199 449 386 502 Τυδείδη
421 447 500 501 μὲν
531 448 642 489 δωκε
673 446 989 500 μενεπτόλεμος
1022 445 1317 517 Θρασυμήδης

194 504 425 558 φάσγανον
457 502 676 574 ἅιιφηκες,
708 502 756 545 τὸ
790 501 836 545 δ’
867 502 942 545 έόν
973 503 1093 556 παρα
1123 505 1198 557 νηὶ
1224 502 1435 554 λέλειπτο,

193 561 269 603 καὶ
300 560 454 611 σάκος
489 558 601 615 αμφὶ
632 561 678 602 δέ
711 562 756 602 οἱ
784 559 946 629 κυνέην
976 563 1230 616 κεφαλῇφιν
1260 560 1417 616 ἔθηκεν

192 619 421 672 ταυρείην,
454 615 632 687 ἄφαλόν
661 632 706 659 τε
735 617 810 659 καὶ
840 615 1062 670 ἄλλοφον,
1095 617 1167 671 ἥτε
1201 619 1409 668 καταῖτυξ

193 674 414 729 κέκληται,
452 672 604 744 ῥύεται
632 673 677 716 δὲ
711 672 825 728 κάρη
854 677 1060 726 θαλερῶν
1093 675 1266 729 αἰζηων.

81 735 164 776 260
198 731 436 786 Μηριόνης
469 729 514 774 δ’
545 728 724 802 Ὀδυσῆι
753 733 882 773 δίδου
908 731 1010 786 βιόν
1037 728 1114 785 ηδὲ
1151 730 1387 785 φαρέτρην,

194 788 267 830 καὶ
299 790 449 844 ξίφος·
482 787 595 843 ἀμφὶ
626 786 672 829 δέ
704 789 748 829 οἰ
777 787 939 860 κυνέην
975 791 1228 844 κεφαλῃφιν
1259 788 1429 844 ἔθηκεν

197 845 326 899 ῥινοῦ
356 844 566 900 ποιητὴν,
597 842 776 887 πολέσιν
807 842 849 886 6'

881 845 1092 887 ἔντοσθεν
1123 847 1274 896 ἱμᾶσιν

194 901 392 944 ἐντέτατο
424 905 628 954 στερεοῖς,
662 901 843 944 ἔκτοσθε
873 901 919 944 δὲ
949 903 1099 945 λευκοὶ
1131 901 1309 951 ὀδόντες

197 955 485 1029 αργιόδοντος
518 956 598 1008 ὑὸς
628 959 788 1013 θαμέες
819 959 920 1013 ἔχον
950 959 1060 1002 ἔνθα
1091 959 1164 1001 καὶ
1196 959 1318 1010 ἔνθα,

83 1017 165 1058 265
203 1018 252 1057 εὐ
283 1016 355 1057 καὶ
386 1015 705 1068 ἐπισταμένως,
737 1014 873 1087 μέσσῃ
906 1014 947 1058 δ’
980 1015 1045 1058 ἐνὶ
1075 1020 1203 1066 πῖλος
1234 1015 1407 1069 οἷρήρει·

195 1070 276 1126 τήν
307 1070 364 1124 ῥα
394 1070 493 1114 ποτ’
527 1072 569 1122 ἐξ
596 1071 805 1122 Ἐλεῶνος
829 1071 1094 1127 Ἀμύντορος
1122 1071 1380 1127 Ὀρμενίδαο

197 1126 352 1178 ἐξέλετ’
384 1127 668 1181 Αὐτόλυκος,
697 1128 887 1171 πυκινὸν
919 1130 1057 1184 δόμον
1087 1129 1293 1186 οἷντιτορή
1301 1140 1391 1179 σας,

197 1184 446 1228 Σκάνδειαν
478 1183 521 1228 6'
556 1184 642 1240 α’ρα
674 1187 783 1229 δῶκε
813 1188 1029 1244 Κυθηρίῳ
1055 1185 1402 1243 Ἀμφιδάμαντι·

71 1309 194 1344 256-
207 1312 296 1346 258.·
325 1323 556 1355 αμφηκες.
581 1310 653 1356 (φ’,
681 1314 760 1354 118,
787 1313 840 1347 Ο-

26 1354 175 1401 ὀγεεαρ
176 1354 321 1400 3,4.1)
355 1357 628 1402 ἀμφοτέρωθεν
654 1356 840 1404 ἠκονημέ-

26 1414 104 1436 νον.
146 1370 243 1447 (ἅφ
256 1406 389 1444 αλον,
424 1403 654 1447 α’λλοφον.
690 1420 734 1450 γ,
759 1408 840 1448 362,

27 1446 68 1491 ε’,
96 1448 198 1493 743.)
215 1416 484 1494 φκαταῖτυξ.
520 1449 619 1492 εἶδος
643 1465 842 1497 περικεφα-

28 1495 157 1537 λαίας,
183 1495 258 1531 nino*
285 1500 354 1533 τοῦ
377 1496 476 1533 κάτω
508 1499 688 1542 τετύχθαι
722 1500 785 1542 (h.
811 1511 841 1532 e.

26 1543 335 1579 κατεσκευάσθαι.
369 1545 415 1578 cf.
441 1547 508 1588 Ap.
534 1551 569 1578 et
588 1546 701 1590 Etym.
722 1558 754 1578 v.
778 1544 843 1580 ἄν·

26 1588 125 1631 τυξ.)
150 1595 217 1623 etc.
241 1591 324 1624 Sch.
375 1591 497 1625 humile
522 1602 632 1635 genus
656 1593 778 1636 galeae
798 1592 845 1625 si-

28 1646 71 1668 ne
95 1646 181 1669 cono
207 1641 244 1669 et
269 1637 396 1677 crista,
426 1649 493 1682 qua
517 1638 619 1681 galea
645 1638 799 1671 milites
788 1650 844 1681 Ju-

28 1681 144 1715 niores
166 1683 392 1727 gregariique
416 1684 612 1717 utebantur.
662 1685 767 1717 semel
790 1684 843 1716 di-

27 1732 134 1761 ctum.
161 1747 201 1751 -
226 1729 385 1763 similiter
406 1729 588 1773 Virgiliani
605 1731 728 1764 heroes
750 1742 843 1763 arma

29 1778 227 1817 permutant
251 1777 335 1808 Aen.
360 1778 403 1817 9,
428 1777 509 1811 303
526 1788 647 1821 seqq„
671 1783 709 1811 ut
730 1776 784 1810 Cl.
808 1781 844 1810 et

29 1820 153 1854 Eichh.
177 1827 397 1854 annotarunt.

75 1867 198 1900 262-
213 1868 294 1902 271.
332 1866 484 1911 ῥινοῦ.
510 1867 549 1903 ἐκ
567 1867 686 1911 ῥινοῦ.
715 1868 844 1902 Matth.

30 1914 65 1954 §-
89 1912 177 1953 375,
205 1914 239 1946 2.
267 1914 310 1948 de
334 1925 410 1947 voc.
437 1913 541 1968 6cv6s
564 1926 597 1947 v.
623 1913 672 1959 η’,
696 1915 777 1948 248.
800 1934 845 1937 -

31 1957 238 1993 ἔκτοσθε
256 1979 302 1984 -
324 1958 458 1995 ἔνθα.
502 1961 626 1994 inserti
660 1964 761 1993 erant
786 1971 846 1993 ex-

29 2009 177 2038 trorsum
220 2005 341 2040 dentes
384 2006 497 2052 aprini
541 2007 586 2040 ad
622 2006 846 2050 excipiendos

29 2050 144 2094 ictus,
171 2062 190 2084 a
214 2052 324 2085 latere
348 2052 470 2088 factos.
517 2052 644 2088 Ε.τό
671 2051 711 2088 δε
737 2056 846 2087 λεν-

31 2097 109 2132 nol
133 2117 180 2122 —
202 2095 285 2139 νὸς
293 2098 390 2154 ε’χει
414 2098 632 2155 ἀδολεσχίαν
658 2099 743 2134 τινὰ
770 2110 847 2143 σχε-

31 2143 246 2199 διαστικήν·
284 2142 387 2189 ἤρκει
420 2145 487 2203 γὰρ
513 2143 535 2192 ἢ
561 2145 766 2185 λευκούς
791 2145 810 2180 ὀ
826 2165 847 2171 -

33 2189 210 2232 δόντας
253 2192 371 2227 εἰπεῖν
411 2190 518 2234 νὸς,
573 2190 594 2237 ἦ
637 2191 706 2227 ὀδ.
743 2205 845 2250 αργ.

32 2234 131 2278 ὑός.
155 2257 201 2262 ——
225 2239 331 2274 δοκεῖ
352 2237 393 2274 δὲ
418 2237 519 2284 ὅμως
543 2240 720 2295 εἰρῆσθαι
748 2239 791 2273 τὸ
818 2241 849 2272 λ.

34 2282 100 2321 όδ.
125 2281 218 2328 πρὸς
242 2284 438 2331 ἑρμηνείαν
458 2287 527 2322 τοῦ
550 2282 647 2331 ἀργ.
674 2282 760 2327 ὑός
784 2283 850 2320 διὰ

34 2329 245 2387 σαφήνειαν
267 2334 432 2368 πλείονα.
456 2352 502 2359 -
526 2337 672 2377 possunt
690 2333 794 2366 etiam
819 2335 849 2366 λ.

35 2375 102 2413 ὀδ.
125 2377 276 2432 intelligi
300 2381 419 2413 dentes
437 2380 620 2424 splendidi.
654 2390 850 2432 quanquam

35 2420 238 2469 οἷργιόδονς
279 2418 418 2460 sole'nne
451 2431 505 2459 est
544 2426 725 2479 epitheton
759 2425 850 2470 apri,

34 2475 222 2516 potestque
246 2471 437 2526 significari
460 2473 568 2506 verbo
593 2469 768 2513 λευκούς,
793 2483 852 2504 re-

34 2527 121 2551 vera
144 2517 266 2551 dentes
287 2519 388 2552 istius
401 2518 557 2553 animalis
576 2518 741 2552 candidos
766 2517 854 2551 fuis-

36 2574 88 2606 se,
110 2569 151 2596 ut
169 2574 246 2597 esse
265 2564 409 2598 soleant.
449 2566 564 2599 Voss.:
591 2566 662 2598 und
686 2576 779 2598 ausu
782 2567 854 2597 ἅγιε

37 2610 262 2643 schienen
294 2612 350 2645 die
374 2613 482 2645 bauer
517 2612 596 2644 Vom
629 2611 854 2644 weisszahni-

37 2666 108 2700 gen
124 2657 282 2690 schwein.
323 2676 366 2683 —
401 2658 501 2691 Sch.:
523 2660 678 2698 πῖλος.
715 2655 758 2691 τι)
786 2669 854 2691 πε-

38 2701 238 2745 πιλημένον
263 2701 374 2745 ε’ριον.
399 2706 503 2748 (lana
523 2705 757 2745 condensata,
780 2715 851 2737 me—

41 2747 188 2793 diaeque
212 2749 334 2793 galeae
357 2757 482 2796 aptata
505 2751 597 2784 intus
629 2750 673 2783 ad
698 2750 852 2784 minuen-

41 2793 119 2827 dam
142 2795 209 2828 vim
233 2795 359 2830 ictuum
384 2809 426 2831 ex
455 2797 525 2831 alto
559 2796 853 2837 descendentium,

41 2839 197 2897 inprimis
220 2841 425 2885 gladiorum.
450 2862 492 2867 ·—
519 2842 722 2890 ἐνὶ-ἀρ
736 2867 747 2883 ,
771 2841 852 2876 ἐνα-

40 2886 155 2940 ρήρει.
203 2887 331 2921 tmesis.
367 2889 437 2925 Od.
463 2887 502 2930 ε’,
527 2891 626 2925 2364
653 2890 693 2924 εὐ
717 2887 852 2933 ἐναρη-

39 2931 120 3013 iiiiii.
145 2980 187 3012 ad
213 2933 272 3024 β”ὶῗ
285 2935 454 3023 {gig-‘³522
478 2936 853 3026 ἓιιιῗῖπιῗῗιξοῇῡὸξιῖιοζι

40 3025 112 3060 filio
135 3031 171 3059 et
196 3026 382 3061 Phoenicis
405 3032 527 3073 patre,
555 3027 590 3072 ι’,
616 3027 698 3064 448.
719 3029 853 3062 Orme-

887 1312 936 1346 nii
961 1313 1130 1357 quidem'
1122 1325 1158 1346 ιιι
1182 1312 1365 1347 Thessalia
1389 1312 1417 1346 is
1435 1309 1614 1344 habitasse
1634 1312 1706 1345 fer-

887 1365 967 1400 tur3
1001 1359 1062 1392 sed
1087 1359 1163 1392 fieri
1186 1366 1323 1405 potest,
1358 1365 1396 1392 ut
1427 1370 1467 1392 eo
1492 1357 1623 1402 oppido
1650 1371 1707 1391 re-

886 1405 970 1439 licto
997 1406 1162 1440 Eleonem
1187 1405 1400 1450 migraverit.
1448 1416 1483 1437 ν.
1509 1404 1542 1437 H
1568 1416 1645 1437 cum
1669 1406 1704 1438 h.

887 1451 934 1492 1.,
975 1457 1045 1485 tum
1079 1464 1156 1485 ann.
1191 1452 1234 1486 ad
1271 1451 1428 1497 Apollod.
1454 1452 1496 1489 2,
1522 1451 1565 1492 7,
1589 1452 1624 1484 7.
1663 1470 1707 1475 -——

890 1499 1096 1540 Autolycus,
1132 1498 1300 1532 Mercurii
1332 1498 1446 1531 dictus
1477 1496 1526 1530 fil.
1561 1502 1708 1541 propter

890 1544 1049 1578 astutiam
1087 1549 1123 1578 et
1155 1545 1273 1585 furta,
1310 1545 1516 1578 Parnassum
1549 1542 1708 1577 incoluit.

889 1591 986 1624 Naso
1012 1592 1097 1624 Met.
1124 1593 1186 1632 11,
1210 1593 1310 1626 312.;
1342 1591 1490 1634 alipedis
1521 1590 1564 1622 de
1598 1590 1709 1634 stirpe

890 1638 948 1670 dei
970 1642 1112 1670 versuta
1135 1648 1294 1682 propago
1321 1638 1486 1670 Nascitur
1508 1637 1711 1678 Autolycus,

883 1687 1021 1726 furtum
1046 1684 1245 1727 ingeniosus
1270 1685 1317 1718 ad
1344 1695 1466 1723 omne,
1494 1683 1562 1724 Qui
1584 1686 1713 1726 facere

891 1730 1079 1770 adsuerat,
1118 1731 1257 1772 patriae
1297 1742 1366 1763 non
1409 1731 1564 1774 degener
1610 1731 1710 1769 artis,

894 1776 1057 1808 Candida
1094 1776 1136 1808 dc
1169 1776 1302 1820 nigris,
1339 1782 1373 1810 et
1407 1777 1450 1809 de
1482 1776 1712 1809 candentibus

892 1828 984 1855 atra.
1034 1822 1196 1865 Hyginus
1216 1823 1286 1855 fab.
1303 1824 1404 1857 201.:
1431 1823 1628 1856 Mercurius
1638 1825 1711 1856 Au-

890 1869 1012 1911 tolyco,
1035 1880 1076 1901 ex
1094 1869 1221 1902 Chione
1240 1881 1339 1912 quem
1355 1874 1614 1912 procreaverat,
1635 1881 1711 1902 mu-

891 1916 968 1947 neri
989 1915 1098 1955 dedit,
1122 1920 1162 1948 ut
1171 1916 1415 1957 furacissimus
1436 1920 1535 1957 esset,
1563 1919 1627 1949 nec
1648 1916 1712 1949 de—

889 1961 1165 2004 prehenderetur
1205 1962 1244 1994 in
1278 1964 1398 2003 furto.-
1441 1967 1499 2003 ut,
1541 1963 1714 2006 quidquid

893 2007 1125 2050 surripuisset,
1150 2008 1186 2040 in
1209 2018 1445 2052 quamcunque
1464 2009 1621 2053 effigiem
1638 2009 1714 2041 vel—

895 2054 966 2093 let,
988 2058 1299 2095 transmutaretur,
1325 2066 1365 2088 ex
1389 2056 1466 2088 albo
1496 2055 1532 2087 in
1555 2056 1713 2099 nigrum,

894 2101 949 2132 vel
974 2111 1014 2132 em
1037 2101 1141 2144 nigro
1167 2101 1205 2132 in
1227 2101 1364 2141 album,
1396 2102 1433 2134 in
1459 2107 1640 2135 cornutum
1671 2113 1712 2135 ex

894 2147 1039 2187 mutilo,
1063 2148 1101 2179 in
1127 2147 1287 2180 mutilum
1312 2159 1352 2180 ex
1371 2154 1512 2181 cornuto
1531 2155 1600 2181 etc.
1643 2149 1711 2182 Ar-

895 2192 1056 2236 gonautis
1082 2203 1156 2226 eum
1181 2199 1383 2228 annumerat
1414 2194 1574 2239 Apollod
1603 2196 1649 2236 1,
1675 2196 1711 2236 9,

898 2240 975 2279 16.,
1019 2238 1198 2272 dubitante
1236 2240 1431 2275 Burmanno
1466 2242 1546 2275 Cat.
1578 2242 1710 2286 Argon.

896 2285 943 2318 cf.
965 2263 1004 2317 H
1029 2286 1134 2319 Obss.
1161 2286 1204 2319 ad
1229 2286 1388 2331 Apollod.
1413 2299 1447 2332 p.
1472 2287 1530 2322 74.
1554 2307 1601 2312 —-
1637 2287 1712 2331 ἐξ-

897 2330 1052 2372 έλετο,
1077 2331 1240 2374 abstulit,
1265 2334 1400 2366 furatus
1425 2338 1498 2374 est,
1523 2329 1711 2377 ὑφείλετο,

897 2378 990 2422 quod
1016 2378 1143 2412 habent
1166 2379 1297 2413 scholia
1321 2379 1442 2413 brevia
1466 2386 1504 2414 et
1529 2380 1568 2413 Ε.
1612 2382 1714 2425 galea

901 2424 1035 2457 affabre
1059 2424 1155 2458 facta
1179 2436 1242 2459 nec
1266 2426 1418 2469 vulgaris
1442 2426 1580 2470 generis
1606 2427 1713 2472 digna

900 2470 976 2503 visa
1001 2475 1078 2512 est,
1104 2471 1200 2514 cujus
1227 2471 1390 2525 deinceps
1412 2484 1630 2517 possessores
1651 2486 1714 2507 no-

899 2517 1133 2558 minarentur,
1167 2522 1206 2551 ut
1229 2519 1358 2563 sceptri
1382 2519 1641 2574 Agamemnouii
1668 2518 1713 2565 β’,

901 2567 979 2598 101.
997 2574 1094 2618 seqq.
1114 2583 1160 2588 —
1185 2565 1285 2600 Sch.:
1310 2565 1529 2601 πυκινόν.
1555 2567 1714 2607 πυκνὸν,

900 2607 1064 2654 ἰσχυρόν.
1106 2623 1327 2666 αντιτορ.
1352 2609 1436 2647 αντὶ
1462 2614 1531 2647 τοῦ
1555 2612 1714 2658 διατρή-

901 2667 988 2696 σας,
1022 2656 1311 2701 τοιχωρυχήσας.
1360 2658 1549 2702 διορύξας.
1597 2661 1713 2704 (Ap-³

900 2702 1125 2759 διατρήσας,
1173 2703 1371 2747 διορύξας·
1428 2706 1642 2740 πυκινόν
1680 2707 1714 2740 δ.

899 2746 996 2784 ἀντ.
1032 2750 1099 2783 hoc
1122 2750 1171 2782 illi
1197 2752 1434 2795 profecerunt.
1481 2753 1556 2797 ipse
1575 2754 1716 2786 Mercu-

899 2796 974 2829 rius
996 2796 1028 2828 h.
1054 2796 1154 2829 Hom.
1178 2796 1214 2830 in
1239 2797 1347 2831 Mero.
1374 2799 1476 2851 178..
1500 2804 1574 2840 εἰμι
1589 2811 1660 2842 γαρ
1679 2797 1717 2839 ἐς

897 2843 1072 2876 Πυθῶνα
1091 2841 1206 2886 μέγαν
1225 2842 1345 2886 δόμον
1359 2841 1621 2888 ἀντιτορήσων,
1632 2843 1715 2880 ''Ev-

899 2892 969 2923 θεν
995 2886 1074 2927 α’λις
1098 2890 1279 2931 τρίποδας
1303 2892 1538 2933 περικαλλέας
1563 2890 1630 2936 ἡδὲ
1654 2892 1715 2926 λε’-

900 2937 1015 2981 βητας
1040 2935 1232 2979 Πορθήσω
1259 2950 1320 2972 και
1344 2937 1480 2981 χρυσὸν
1500 2945 1566 2971 etc.
1600 2938 1647 2971 cf.
1666 2938 1714 2974 ib.

899 2983 1001 3024 283)
1034 2981 1319 3018 Σκάνδειαν
1343 2983 1385 3018 δ’
1411 2982 1447 3017 ἄ.
1475 2985 1511 3019 6.
1540 2982 1624 3019 ἀντὶ
1648 2998 1719 3020 του

900 3027 940 3063 ἐν
976 3030 1124 3064 Σκανδε
1128 3029 1166 3076 ίᾳ
1198 3027 1240 3064 δὲ
1275 3030 1371 3074 (imo
1406 3042 1467 3075 pro
1501 3031 1554 3073 εἰς
1584 3031 1714 3067 Σκάν-
