1811 3269
104 156 188 195 248

437 155 834 196 ΟΜΗΡΟΥ
898 157 1327 199 ΙΛΙΑΔΟΣ
1380 161 1432 198 Δ.

274 262 514 315 κάππεσεν,
546 263 679 320 ἄμφω
710 268 823 319 χεῖρε
851 266 997 336 φίλοις
1026 266 1217 321 ἑτάροισι
1245 267 1476 319 πετάσσας,

271 322 420 375 θυμὸν
451 320 716 364 ἀποπνείων.

777 321 800 365 ὁ
833 321 878 365 6'
908 324 1167 393 ἐπέδραμεν,
1199 324 1249 376 ός
1278 325 1326 380 ῥ’
1356 324 1508 380 ἔβαλέν
1536 340 1631 381 περ,

161 378 243 420 525
281 380 490 430 Πείροος.
520 379 629 420 οὐτα
662 377 708 420 δὲ
738 378 868 433 δουρὶ
895 378 1003 431 παρ’
1035 378 1259 434 ὀμφαλόν
1291 383 1336 425 ἐκ
1367 381 1412 425 δ’
1443 382 1529 435 άρα
1557 389 1691 428 πᾶσαι

275 433 406 489 χύντο
439 435 572 488 χαμαὶ
598 433 795 508 χολάδες·
828 435 906 478 τόν
937 436 984 479 δὲ
1014 436 1170 486 σκότος
1203 437 1305 482 ὄσσε
1335 438 1546 491 κάλυψεν

358 491 445 532 Τὸν
475 491 521 533 δὲ
554 490 672 541 Θόας
702 491 897 542 Αἰτωλὸς
926 490 1218 563 ἐπεσσύμενον
1248 493 1350 549 βάλε
1381 497 1506 549 δουρὶ

277 546 457 599 στέρνον
486 545 597 601 ὑπὲρ
629 552 806 609 μαζοῖο,
840 548 957 603 πάγη
989 547 1033 592 6'
1066 548 1113 591 ἐν
1144 551 1357 618 πνεύμονι
1371 552 1554 623 ,χαλκός

272 602 363 658 άγχ
357 605 509 657 ,’μολον
540 604 586 647 δέ
617 606 661 647 οἱ
689 602 796 675 ἦλθε
829 604 969 673 Θόας,
1000 604 1046 647 ἐκ
1077 603 1122 648 δ’
1152 605 1338 662 ὄβριμον
1368 608 1488 664 ε’γχος

159 663 241 703 530
272 659 489 703 ἐσπάσατο
522 661 747 715 στέρνοιο·
781 661 995 714 ἐρύσσατο
1027 661 1072 704 δε
1102 663 1228 736 ξίφος
1258 663 1349 716 ὀξύ,

270 719 331 771 τῷ
335 716 436 785 ὅγε
464 719 653 772 γαστέρα
683 717 791 769 τύψε
822 718 979 772 μέσην,
1013 718 1059 761 ἐκ
1091 717 1133 761 δ’
1166 721 1318 762 αἴνυτο
1348 719 1509 774 θυμόν.

270 772 422 842 τεύχεα
453 774 496 817 6'
529 774 612 818 οὐκ
641 773 853 817 ἀπέδυσε·
883 776 1149 846 περιστησαν
1178 775 1263 830 γαρ
1296 775 1462 828 ἑταῖροι

276 829 465 901 Θρήικες
490 829 757 900 ἀκρόκομοι,
790 830 928 886 δολίχ’
961 832 1084 886 εγχεα
1112 833 1260 887 χερσὶν
1289 832 1472 902 ε’·χοιτες,

271 888 319 928 οι’
346 887 386 937 ἑ,
416 887 551 956 μέγαν
580 904 659 941 περ
690 886 818 930 ἐόντα
847 888 921 930 καὶ
950 888 1141 956 ἴφθιμον
1170 889 1245 932 καὶ
1274 886 1460 944 ἀγαυὸν,

159 944 241 987 535
273 938 394 986 ωσαν
427 943 511 988 άπὸ
543 946 728 1000 σφείων·
764 943 788 987 6
820 944 866 987 δὲ
877 943 1167 1014 χασσάμενος
1195 948 1442 1016 πελεμιᾛχθη

273 998 333 1056 ᾡς
361 998 468 1069 τώγ’
500 1001 547 1043 ἐν
575 1003 750 1057 κονίῃσι
779 999 886 1054 παρ’
904 999 1145 1072 ’,ἀλλήλοισι
1175 1002 1404 1057 τετάσθην,

270 1058 367 1111 ἦτοι
398 1056 421 1099 ὁ
456 1057 533 1112 μὲν
566 1061 780 1114 Θρηκῶν,
813 1056 837 1100 ὁ
870 1056 915 1101 6'

944 1056 1126 1101 Ἐπειῶν
1155 1059 1501 1130 χαλκοχιτώνων,

269 1113 497 1183 ἡγεμόνες·
526 1114 681 1157 πολλοὶ
710 1115 756 1157 δὲ
784 1114 884 1169 περὶ
920 1117 1143 1158 κτείνοντο
1173 1116 1247 1158 καὶ
1279 1116 1415 1159 ἄλλοι.

336 1169 480 1213 ”Ενθα
511 1187 587 1214 κεν
619 1169 767 1215 ούκέτι
797 1171 926 1225 ε’ργον
955 1170 1066 1226 άνηρ
1098 1170 1306 1215 ὀνόσαιτο
1338 1172 1572 1227 μετελθών,

157 1226 240 1269 540
269 1223 385 1277 ὅστις
418 1226 479 1270 ε”τ
512 1227 699 1297 ἄβλητος
729 1227 800 1271 καὶ
827 1227 1069 1299 α’νούτατος
1100 1227 1190 1280 ὀξέϊ
1217 1232 1362 1300 χαλκῷ

271 1283 440 1328 δινεύοι
466 1284 577 1327 κατὰ
608 1285 790 1356 μέσσον,
821 1284 922 1338 άγοι
952 1285 998 1328 δέ
1014 1284 1049 1355 ,ἓ
1080 1287 1257 1336 Παλλάς
1292 1284 1456 1354 Ἀθήνη

268 1341 410 1394 χειρὸς
443 1340 586 1385 ελοῦσ’
593 1376 603 1392 ,
637 1340 775 1395 αὕταρ
805 1341 965 1412 βελέων
1000 1339 1213 1412 ἀπερύκοι
1242 1341 1408 1398 ἐρωην·

269 1397 420 1440 πολλοὶ
451 1414 535 1452 γαρ
572 1396 738 1453 Τρώων
767 1399 839 1441 καὶ
861 1396 1048 1469 Ἀχαιων
1074 1398 1206 1469 ἤματι
1235 1400 1365 1457 κείνῳ

269 1453 452 1510 πρηιέες
483 1454 529 1498 ἐν
559 1456 731 1512 κονίῃσι
762 1453 871 1510 παρ’
903 1454 1127 1512 ἀλλήλοισι
1156 1455 1348 1500 τέταντο.

95 1569 189 1607 χρις.
228 1576 273 1581 -
312 1554 400 1600 ”’.Ομ
425 1555 572 1615 ἄχρις
602 1557 907 1616 ἀπηλοίησεν.

97 1607 200 1644 οἱον,
226 1601 387 1649 ἀκριβῶς
412 1602 612 1648 ἀπέκοψεν.
655 1606 700 1639 cf.
727 1605 774 1638 H.
807 1604 908 1646 ,,ἀπ.

97 1649 227 1683 dictum
258 1657 311 1684 est.
344 1655 383 1684 ut
411 1649 606 1696 ἠγνοίησεν
630 1650 677 1692 α’,
702 1652 782 1686 537.
809 1650 908 1685 ἄπο-

96 1698 165 1742 λᾷν
189 1702 242 1729 est
266 1698 506 1740 confringere,
539 1698 714 1731 mutilare.
767 1698 814 1732 cf.
839 1698 907 1732 T.h

97 1743 129 1784 §-
154 1742 353 1785 232,14.‘
382 1744 622 1778 ExWetU.

142 1789 223 1824 523
269 1801 323 1824 πε
336 1802 366 1823 τ.
393 1788 592 1830 ἐκπετάσας
604 1815 614 1831 ,
639 1788 810 1830 ἐκτείνας.
827 1790 907 1824 Sch.

145 1834 236 1876 525,
261 1837 295 1870 6.
344 1831 465 1870 οὗτοι
490 1838 533 1871 ab
559 1834 729 1878 ου’τάναι,
755 1836 910 1894 quamvis

95 1879 273 1915 inusitato.
326 1883 370 1915 cf.
403 1894 480 1916 ann.
510 1882 552 1916 ad
585 1884 665 1918 319.
712 1903 755 1907 -
797 1881 845 1917 ἐκ
864 1901 910 1906 —

96 1927 257 1970 χύντο.
285 1927 504 1973 ἐξεκέχυντο.
537 1929 638 1962 Sch.:
666 1931 758 1973 χολ.
782 1927 830 1963 τοὶ
853 1927 910 1962 ε’-ν

96 1985 198 2015 τερα.
234 1992 276 1998 -
309 1974 455 2019 χύντο
480 1973 634 2020 χάμαι
656 1977 748 2019 χολ.
761 1999 771 2016 ,
806 1986 910 2020 paro-

97 2019 263 2054 nomasia.

142 2066 222 2100 529.
273 2065 370 2111 α’γχ.
407 2065 495 2111 μετ’
520 2063 568 2101 ον’
592 2064 702 2102 πολύ.
728 2066 809 2100 Sch.
845 2067 910 2110 Ap.

97 2112 320 2147 emendatus·
355 2110 628 2170 αγχίμολον.
663 2112 722 2149 ἐπὶ
746 2125 813 2168 μεν
837 2113 908 2146 τοῦ

96 2156 180 2201 μετ’
225 2157 367 2203 ὀλίγον·
409 2160 503 2215 α’γχ.
535 2158 586 2194 δὲ
617 2158 716 2204 μετ’
753 2156 907 2194 αὐτόν

96 2217 128 2239 κ.
145 2217 183 2260 τ.
203 2207 232 2239 λ.
267 2206 416 2251 (Odyss.
440 2204 480 2262 ρ’,
502 2207 601 2263 336.)
636 2206 698 2240 καὶ
733 2203 829 2249 οἷγχ.
866 2202 908 2240 δὲ

97 2249 207 2291 σύες
237 2264 286 2288 τε
328 2253 410 2288 καὶ
446 2250 615 2296 ἀνέρες
652 2246 810 2309 ἦλθον
851 2248 907 2286 ὑ-

97 2299 287 2354 φορβοί.
325 2298 436 2343 (ibid.
461 2297 505 2340 ξ’,
530 2299 638 2355 410.)
674 2296 734 2333 ἐπὶ
765 2296 805 2333 δε
840 2299 908 2333 τοῦ

97 2345 273 2389 σννέγγυς
295 2344 433 2380 τόπου·
459 2344 544 2379 τὸν
569 2343 608 2380 6
633 2343 680 2389 ἐξ
706 2342 908 2390 ἀγχιμό-

97 2394 205 2426 λοιο
231 2405 263 2426 κ.
285 2405 315 2426 τ.
335 2395 365 2426 λ.
392 2388 463 2434 (ω’,
486 2392 588 2435 352.)

142 2439 222 2473 531.
244 2450 341 2494 seqq.
377 2438 564 2472 αἶ’-νυτο
590 2434 783 2493 ἀφῃρεῖτο.
820 2434 907 2471 ούκ

98 2479 174 2517 ἆπ.
208 2482 276 2519 οὐκ
296 2482 498 2520 ἐσκύλευσε.
545 2495 640 2527 περ.
667 2482 907 2527 περιέστησαν

97 2528 231 2574 κύκλῳ.
291 2528 393 2573 ἄκρ.
418 2550 463 2555 -
489 2528 609 2572 ἄκρως
631 2531 827 2573 κομῶντες.
863 2547 908 2554 -

97 2576 282 2620 „suspicor
299 2577 456 2610 Thraces
472 2581 606 2611 erectos
627 2577 663 2609 in
691 2576 821 2610 vertice
847 2575 909 2608 ha-

96 2622 215 2655 buisse
240 2623 434 2665 cincinnos,
460 2629 497 2656 ut
521 2622 687 2655 Germani
713 2621 817 2667 prisci
848 2622 910 2654 ha-

97 2668 246 2701 buerunt
270 2669 335 2711 (cf.
355 2669 570 2702 Pelloutierii
595 2668 689 2702 nist.
710 2669 769 2701 des
795 2668 908 2700 Celtes

99 2716 132 2748 1.
159 2724 191 2757 p.
211 2715 290 2748 265.
314 2719 349 2747 et
374 2715 417 2748 cf.
443 2714 488 2759 β’,
511 2715 591 2750 542.
596 2715 634 2757 )‚
670 2719 705 2748 et
739 2714 909 2757 hodieque

97 2760 225 2793 habent
249 2760 343 2793 multi
368 2761 510 2794 barbari
532 2760 646 2804 (velut
665 2760 801 2805 quidam
814 2760 909 2793 Tar-

97 2806 284 2849 tarorum),
323 2806 525 2850 praesertim
545 2806 750 2840 Americani.
800 2812 837 2839 at
866 2802 908 2838 ὑ·-

97 2854 271 2895 ψιχαῖται
294 2852 416 2885 heroes
442 2863 499 2896 ap.
526 2852 626 2885 Pind.
652 2853 757 2896 Pyth.
779 2850 813 2894 4,
829 2852 908 2887 306.

98 2897 263 2931 videntur
283 2909 358 2932 esse
377 2898 446 2931 alte
467 2898 605 2931 comati.
612 2901 635 2918 ‘⁶
661 2899 716 2931 Ex
735 2898 781 2930 H.

145 2943 225 2985 534,
247 2945 281 2979 5.
319 2942 380 2988 ἀγ.
409 2941 587 2987 λαμπρόν.
613 2944 797 2989 (Hesych.:
821 2946 909 2987 λαμ-

952 1556 1067 1601 πρὸν,
1099 1557 1333 1601 θαυμαστόν.
1379 1560 1425 1593 cf.
1454 1562 1519 1604 Ap.
1544 1558 1580 1592 h.
1607 1559 1660 1603 v.)
1705 1553 1767 1593 ὦ-

954 1615 1053 1641 σαν.
1077 1603 1318 1657 ἀπώσαντο,
1361 1603 1608 1661 οἷπὲκρουσαν.
1675 1603 1763 1641 οἷπό

955 1662 1029 1694 σφ.
1063 1648 1127 1694 ἀφ’
1153 1651 1308 1687 ἓαυτων.
1356 1664 1485 1709 χασσ.
1511 1649 1765 1698 αναχωρήσας.

954 1699 1048 1732 πελ.
1095 1699 1306 1743 διεσείσθη,
1341 1696 1559 1742 ἄνεκινήθη.
1595 1698 1767 1739 (breviter

955 1743 1180 1788 graviterque
1206 1745 1331 1778 dictum
1356 1751 1410 1778 est
1433 1756 1536 1787 χασσ.
1560 1746 1658 1779 πελ..·
1690 1756 1766 1778 nam

957 1790 1077 1823 Thoas
1112 1791 1332 1825 retrocedens
1372 1791 1598 1834 titubansque
1630 1790 1766 1831 cecidit,

956 1835 1076 1880 itaque
1101 1837 1318 1880 proculcatus
1342 1837 1588 1889 confossusque
1613 1841 1686 1878 est,
1711 1836 1766 1870 id-

958 1893 1028 1924 que
1053 1882 1260 1923 crudeliter,
1285 1889 1323 1916 ut
1347 1883 1519 1927 conjicere
1543 1881 1642 1922 licet,
1667 1893 1767 1936 quem

958 1926 1054 1960 ducis
1079 1928 1132 1961 sui
1156 1908 1414 1962 interfectorem
1435 1929 1681 1962 ulciscerentur
1700 1927 1767 1962 feri

959 1973 1128 2009 Thraces.
1163 1974 1199 2008 id
1223 1974 1442 2018 cogitandum
1467 1973 1680 2009 auditoribus
1710 1986 1768 2008 re-

957 2018 1061 2063 liquit
1085 2022 1189 2064 ροὸιιι
1215 2021 1382 2065 prudens,
1410 2033 1453 2055 ne
1476 2021 1669 2054 satietatem
1693 2021 1768 2055 foe-

959 2065 1079 2098 darum
1105 2066 1258 2100 caedium
1282 2067 1350 2099 illis
1374 2067 1546 2110 afferret.)
1571 2065 1653 2100 Sch.
1688 2078 1768 2100 ver

954 2121 1093 2191 ειὲεὸΗ
1036 2112 1180 2154 repetiti
1204 2110 1245 2153 ε’,
1269 2113 1362 2153 625.,
1387 2117 1422 2146 et
1445 2113 1533 2146 alter
1556 2109 1599 2155 λ’,
1614 2113 1697 2154 571,
1721 2110 1766 2154 ν’,

1000 2157 1093 2237 539H
1090 2221 1135 2227 -
1156 2202 1236 2238 542.
1295 2200 1425 2238 §.216oe
1459 2203 1552 2240 τότε.
1613 2202 1766 2248 ε’.ργον

954 2248 1024 2284 νῦν
1056 2247 1121 2282 τὸν
1154 2249 1327 2293 πόλεμον.
1366 2250 1523 2293 (ironice
1546 2249 1675 2284 dictum
1699 2256 1765 2294 est,

955 2293 1054 2347 quasi
1075 2295 1170 2329 facto
1196 2307 1302 2340 opere
1326 2295 1439 2340 aliquo
1464 2307 1524 2330 seu
1548 2307 1656 2341 penso
1680 2308 1767 2341 quo-

955 2339 1098 2375 tidiano.
1141 2341 1283 2375 Plautus
1308 2341 1413 2386 Epid.
1439 2342 1481 2381 5,
1505 2344 1545 2384 2,
1569 2343 1634 2377 30.
1664 2347 1766 2386 sacto

953 2398 1054 2430 opere
1078 2387 1332 2421 arbitraminor.
1359 2393 1395 2421 et
1420 2366 1595 2430 Me’rc.3‚
1622 2391 1663 2430 1,
1687 2390 1765 2424 25..

953 2444 1093 2475 operam
1113 2434 1269 2467 accusari
1286 2446 1351 2466 non
1375 2435 1488 2467 sinam
1514 2435 1659 2478 meam.)
1702 2432 1766 2470 ὃν.

954 2476 1208 2523 ἐκφαυλίσειε,
1244 2479 1446 2523 μέμψαιτο.
1493 2493 1589 2524 μετ.
1622 2481 1675 2522 εἰς
1699 2478 1766 2516 αύ-
1810 2486 1811 2530 J

954 2525 1045 2566 τούς
1067 2525 1385 2582 ,παραγενόμενος
1442 2524 1651 2585 ἄβλητος
1686 2527 1766 2563 καὶ
1810 2534 1811 2539 ’

955 2569 1234 2613 ἀνούτατος
1269 2572 1410 2616 λέγεται
1443 2569 1462 2608 6
1497 2572 1550 2608 ἔτι
1573 2572 1664 2628 μήτε
1689 2572 1762 2610 cino*
1810 2581 1811 2586 ¹

957 2618 1217 2677 διαστήματος.
1239 2619 1397 2662 τρωθεὶς
1430 2617 1560 2661 δόρατι
1594 2618 1616 2663 ἢ
1642 2617 1765 2676 ὀϊστῶ,
1809 2650 1811 2655 .

955 2663 1047 2709 μήτε
1077 2664 1116 2700 ἐκ
1147 2666 1217 2700 τοῦ
1247 2664 1352 2709 ἐγγυς
1384 2667 1493 2709 ξίφει.
1549 2667 1661 2701 τοῦτο
1694 2679 1766 2722 γαρ
1809 2667 1811 2689 ²

956 2710 1126 2768 διαφέρει
1147 2708 1235 2764 βολὴ
1259 2710 1434 2755 τρώσεως.
1478 2712 1567 2746 διν.
1595 2711 1679 2756 περὶ
1697 2709 1765 2748 αύ-
1808 2743 1809 2747 ,

955 2757 1021 2793 τὸν
1047 2759 1144 2800 (fort.
1165 2757 1273 2799 αντὸ,
1300 2757 1342 2793 τό
1371 2757 1492 2802 ε’ργον)
1520 2756 1762 2815 ἀναστρέφοι-

955 2818 1010 2840 το.
1060 2802 1151 2839 ὅθεν
1184 2803 1246 2839 καὶ
1280 2817 1318 2838 αι
1353 2817 1559 2848 συστροφαι
1582 2806 1657 2840 τῶν
1680 2803 1764 2841 ἀνέ-
1808 2841 1809 2844 ,

956 2864 1036 2895 μων
1077 2851 1178 2885 δῖναι
1212 2849 1388 2894 λέγονται.
1451 2849 1590 2895 (ἄγοι
1613 2871 1658 2876 -
1683 2848 1763 2886 Ἀθ.
1809 2877 1811 2894 .,

958 2909 1026 2941 quo
1059 2901 1154 2930 tutus
1184 2902 1275 2930 esset
1304 2898 1340 2930 in
1377 2900 1473 2930 tanto
1499 2897 1657 2931 tumultu.
1691 2896 1765 2940 K.)

959 2943 1091 2987 άπερ.
1106 2940 1444 2987 οἷπείργοι,κωλύοι.
1472 2941 1530 2987 ἐρ
1546 2940 1672 2988 ὁρμήν.
1683 2943 1764 2977 Sch.
1804 2946 1808 2959 ‘
