1811 3269
96 167 150 212 18

734 169 1134 213 onHPOv

263 278 443 337 ἡρωων,
475 279 640 332 αὐτοὺς
670 281 732 327 δὲ
747 279 911 353 ἑλώρια
935 285 1058 337 τεῦχε
1086 281 1296 327 κύνεσσιν

207 340 232 383 5
266 339 464 384 οἰωνοῖσί
491 354 537 382 τε
566 343 674 382 πᾶσι
702 337 834 411 (Διὸς
864 336 905 382 δ’
938 338 1141 383 ἐτελείετο
1171 339 1366 397 βουλὴ),

90 443 171 478 527.
195 452 295 486 quem
313 441 456 486 quisque
473 442 584 475 virum
606 441 782 476 demiserit
798 441 904 476 Orco.

91 489 182 529 „hoc
213 499 316 521 versu
320 491 342 508 “
359 513 369 528 ,
395 487 520 532 inquit,
548 487 823 543 „interpretatus
846 493 902 521 est

90 513 306 568 'Homericum
343 534 432 567 illum
475 532 616 574 πολλὰς
655 540 722 568 etc.
765 533 904 568 videtur

90 586 200 614 autem
228 580 324 624 Virg.
354 581 493 617 verbum
519 580 603 614 illud
628 580 817 624 προΐαψεν
842 582 902 614 de

89 626 223 660 miserit
241 626 447 666 reddidisse,
471 626 563 670 quod
584 627 665 660 alibi
685 627 901 670 (ibid.785.)

88 674 219 706 miserit
244 672 361 706 vertit.
387 672 472 705 male
496 672 605 717 igitur
624 673 766 707 Homeri
791 674 900 706 locum

87 719 363 764 interpretantur
406 719 524 762 graeci
570 719 811 760 scholiastae,
843 719 902 764 qui

87 765 276 809 προΐαψεν
302 764 385 799 ἀντὶ
409 765 478 799 τοῦ
501 764 573 807 πρὸ
597 767 660 808 τῆς
681 765 903 810 εἱμαρμένης

88 811 250 856 ἔπεμψεν
263 809 458 856 exponunt.
471 813 499 830 “⁴
527 812 743 846 Scholiastae
771 813 901 846 Veneto

86 857 235 894 ἰάπτειν
269 858 364 891 valet
406 856 500 902 μετὰ
544 857 684 904 βλάβης
723 858 899 902 πέμπειν,

87 907 180 950 quod
217 905 341 951 probat
362 903 407 940 U.
452 904 520 945 alio
560 905 712 939 fortasse
749 905 901 950 pertinet

86 953 130 987 ab
155 952 199 986 Ε.
237 950 392 996 prolatus
428 951 536 994 Soph.
563 952 660 995 Ajac.
684 950 786 986 472:

86 996 290 1033 Schneideri
314 998 381 1030 lex.
406 1008 462 1041 gr.
486 998 518 1030 h.
542 1009 577 1031 v.

99 1057 102 1060 ·
120 1044 166 1079 34.
195 1041 219 1087 ἥ
232 1058 251 1088 ρ
266 1056 294 1077 ω
307 1055 350 1084 ες
374 1055 430 1088 ap.
448 1043 545 1077 Hom.
565 1048 633 1078 non
648 1054 750 1088 reges
764 1046 897 1077 tantum

85 1094 121 1126 et
154 1100 316 1136 proceres
355 1089 493 1134 virique
527 1091 636 1123 fortes
669 1091 902 1135 appellantur,

85 1136 147 1172 sed
180 1136 292 1182 quivis
334 1136 470 1169 humani
505 1136 677 1177 homines,
711 1137 899 1170 virtutibus

85 1188 122 1218 et
146 1183 280 1217 artibus
312 1182 432 1227 politi,
465 1186 571 1227 atque
595 1183 751 1225 nobiles,
778 1183 898 1228 quales

86 1229 273 1263 Germani·
298 1233 427 1262 vocant
459 1230 743 1268 Ehrenmcinner,
795 1229 898 1273 Angli

83 1277 293 1321 gentlemen.
318 1287 386 1308 non
413 1275 462 1307 ita
486 1275 572 1309 male
594 1275 703 1318 igitur
722 1277 800 1320 ΑΡ.,
821 1276 898 1320 qui-

85 1334 161 1356 cum
185 1322 271 1356 facit
295 1321 462 1376 Hesych„
489 1333 552 1355 nec
577 1321 654 1378 ipso
683 1322 724 1355 Ε.
753 1333 895 1366 prorsus

84 1368 328 1402 dissentiente.
351 1364 485 1406 πάντες
511 1368 546 1402 οἱ
571 1365 649 1401 κατ’
674 1367 815 1403 ἐκεινον
831 1367 897 1403 τόν

83 1413 215 1457 καιρὸν
239 1412 358 1459 ἥρωες
382 1411 602 1448 haimino:
637 1415 757 1447 melius
784 1419 899 1448 tamen

84 1461 251 1502 fecisset,
295 1460 324 1493 si
365 1461 508 1494 verbum
550 1458 807 1505 καλοκεῖγαθοὶ
843 1461 898 1494 vel

83 1507 244 1553 quiddam
268 1506 378 1540 simile
404 1507 600 1550 adjecisset.
627 1508 729 1541 iidem
755 1511 899 1552 propter

83 1553 320 1588 excellentiam
346 1563 387 1585 ac
413 1552 615 1597 dignitatem
641 1553 782 1586 audiunt
808 1555 897 1594 δῖοι,

83 1602 208 1642 θεῖοι,
234 1599 445 1644 ἀμύμονες,
483 1599 662 1642 ἴφθιμοι,
692 1599 785 1632 velut
812 1601 843 1632 h.
873 1601 895 1632 l.

83 1647 226 1681 heroum
261 1646 416 1686 animae,
450 1646 601 1679 Achilles
633 1646 750 1679 statim
782 1650 817 1679 et
851 1644 893 1687 τ’,

83 1695 177 1734 297.,
197 1692 248 1725 uti
274 1698 309 1725 et
339 1692 387 1725 ibi
414 1691 537 1735 Mynes
561 1703 643 1733 rex,
678 1702 776 1736 quem
801 1693 894 1734 occi-

83 1739 156 1780 dit,
181 1739 330 1772 Calchas
354 1738 423 1779 92„
440 1737 584 1783 Ulysses
603 1750 657 1794 ap
675 1739 783 1783 Soph.
805 1730 893 1773 Phil.

83 1784 177 1824 324.,
210 1790 245 1818 et
271 1783 439 1827 ἡμιθέων
463 1785 567 1829 γένος
592 1782 740 1828 ἀνδρῶν
766 1784 813 1828 μ’,
838 1787 894 1821 23.

84 1831 130 1866 cf.
155 1831 298 1865 Hesiod.
327 1831 371 1864 O.
407 1835 442 1864 et.
474 1831 515 1864 D.
549 1833 614 1867 156
647 1842 744 1875 seqq.
771 1832 896 1866 dubiae

84 1887 150 1911 vox
175 1876 363 1911 notationis
389 1877 570 1911 referenda
596 1878 747 1910 fortasse
772 1884 826 1912 est
851 1879 894 1911 ad

85 1921 210 1968 ἄρειν,
236 1928 274 1956 ut
296 1919 396 1966 ἥρως
418 1924 465 1957 sit
491 1921 509 1957 ὁ
532 1920 640 1968 η’ρως,
670 1923 767 1958 homo
795 1931 895 1968 aptus

83 1969 245 2015 gerendis
279 1971 402 2010 rebus,
446 1970 506 2014 qui
547 1969 735 2025 opponitur
766 1971 897 2015 inepto.

84 2028 152 2061 quo
179 2015 385 2072 pertinuerit
403 2016 506 2049 etiam
527 2027 647 2051 nomen
662 2012 772 2060 ”Ηρη,
797 2028 895 2062 quam

84 2067 197 2096 tamen
231 2060 399 2096 ἄνασσαν
443 2063 518 2096 sive
552 2063 751 2097 δέσποιναν
786 2064 896 2097 inter-

653 2111 742 2144 ,62
770 2110 894 2154 (ειηρ

820 952 900 985 vide

86 2113 257 2166 pretatur
268 2108 496 2142 Schwenkius
521 2109 542 2142 l.
568 2109 591 2144 l.

83 2156 163 2190 365.
175 2156 202 2199 ).
246 2152 352 2197 ε’ραν,
389 2155 448 2193 ..H
469 2175 515 2180 —
532 2121 658 2195 erthap,
683 2156 717 2189 in
742 2156 896 2189 Sachsen

84 2202 178 2235 Frau
202 2201 342 2243 Here,‘
332 2202 354 2220 “
385 2200 571 2235 Welkerus
603 2201 729 2235 ibidem
756 2213 787 2246 p.
813 2201 893 2237 294.

83 2247 115 2281 Ε
151 2248 216 2281 Ιιοο
247 2247 324 2292 ipso
357 2247 445 2281 loco.
473 2267 508 2272 -
547 2246 897 2289 ἑλώρια-’ποῖ-

86 2303 140 2329 σι.
175 2298 276 2326 vetus
314 2305 424 2338 poena
457 2294 604 2327 hostium
637 2300 673 2328 et
706 2294 897 2349 parricida-

85 2350 181 2380 rum,
207 2350 292 2394 quos
317 2339 455 2393 sepeliri
482 2340 658 2374 vetabant.
685 2341 767 2374 vide
792 2341 827 2374 Il
850 2338 895 2381 v'‚

85 2385 167 2426 831,
192 2384 235 2429 ρ’,
261 2386 342 2427 241,
369 2382 412 2427 σ’,
444 2387 525 2427 271,
562 2386 668 2432 Soph.
694 2387 790 2430 Ajac.
816 2389 896 2427 776,

86 2432 201 2475 Antig.
235 2433 291 2467 26.
328 2443 439 2476 seqq„
473 2433 598 2477 Eurip.
634 2433 767 2466 Phoen.
798 2435 896 2469 1531.

84 2478 538 2569 azanes-..azae
549 2479 896 2580 23322222

86 2569 120 2611 5,
144 2570 198 2605 99.
227 2580 325 2615 quam
343 2578 486 2614 propter
507 2582 649 2615 poenam
673 2576 776 2615 atque
796 2571 896 2614 igno-

86 2615 220 2649 miniam
245 2628 289 2649 ne
313 2617 356 2649 ad
374 2616 507 2650 Inferos
527 2617 661 2660 quidem
684 2617 793 2661 recipi
820 2629 895 2651 cre-

85 2661 255 2695 debantur
279 2662 420 2704 animae,
447 2662 539 2696 sed
530 2674 564 2695 ιιι
578 2662 698 2707 Stygis
720 2665 896 2696 Acheron-

86 2707 202 2752 tisque
227 2707 312 2753 ripis
333 2714 484 2742 moestae
508 2720 636 2742 errare.
655 2709 705 2751 (v.
732 2709 829 2742 Iliad.
842 2710 896 2752 ψ,

85 2754 129 2789 71
151 2764 262 2798 seqq„
288 2753 414 2798 Odyss.
437 2754 463 2787 λ’
468 2755 545 2796 ,.51
557 2766 656 2799 seqq.
648 2780 669 2796 .,
691 2755 787 2799 Virg.
812 2758 896 2789 Aen.

86 2801 129 2841 6,
155 2800 238 2836 374.
257 2810 362 2856 seqq
377 2825 386 2842 ,
413 2801 534 2835 Horat.
570 2801 639 2833 od.
666 2801 694 2841 1,
726 2802 782 2836 28.
808 2804 895 2846 etc.)

86 2850 238 2882 ceterum
254 2843 388 2886 ἑλώρια
400 2852 454 2881 est
473 2844 572 2889 ἅπαξ
589 2845 800 2892 λεγόμενον,
824 2848 895 2881 usi-

87 2895 194 2926 tatum
219 2898 313 2925 vero
335 2890 451 2947 gal-009,
482 2893 573 2938 quod
605 2893 663 2927 hic
686 2900 805 2927 noster
828 2905 893 2928 non

87 2936 193 2972 semel
214 2938 415 2992 usurpavit,
441 2918 548 2984 ’δορὴ
574 2939 667 2983 Ajac.
690 2940 712 2973 l.
730 2940 752 2973 l.
778 2938 896 2984 ἕλωρα

87 2983 218 3064 legitur
241 2980 283 3026 σ’,
295 2985 353 3022 93.
379 2986 466 3029 Ap.:
490 2982 648 3028 ἑλώρια·
674 2984 894 3044 ἑλκύσματα.

89 3009 316 3076 mama}
335 3028 377 3067 δὲ
409 3032 483 3067 τοῦ
507 3029 693 3077 πελώριον
725 3034 894 3078 agaimo}

952 452 1071 475 κειται
1106 440 1149 476 τὸ
1185 441 1330 488 πέλωρ,
1364 439 1465 478 οὕτω
1498 441 1559 478 και
1584 443 1654 478 τοῦ
1676 441 1765 479 ἑλώ-

951 499 1033 529 ριον
1059 487 1099 522 τὸ
1127 486 1251 543 ἕλωρ,
1273 487 1475 534 γενόμενον
1508 486 1531 533 ἢ
1555 488 1593 525 ἐκ
1616 491 1686 526 τοῦ
1710 488 1765 525 ἕλ-

949 546 1001 567 κω
1028 534 1063 578 (!
1076 534 1106 576 )‚
1133 531 1155 577 ἢ
1180 535 1219 570 ἐκ
1244 539 1313 572 τοῦ
1337 535 1404 571 ἕλω
1429 535 1471 572 τὸ
1498 548 1660 580 ‹pov-svm.
1685 547 1764 571 vere

949 580 1028 613 bum
1051 579 1225 622 ἑλώριον,
1251 583 1361 617 forma
1386 579 1686 626 ὑποκοριστικὸν,
1711 582 1763 616 si-

949 626 1174 670 guiticatione
1206 639 1270 660 non
1306 630 1415 673 magis
1440 629 1560 664 differt
1585 630 1627 663 ab
1653 627 1762 671 ἕλωρ,

950 683 1050 717 quam
1084 675 1311 715 πτολίεθρον
1347 687 1367 708 a
1400 673 1527 716 πόλις,
1562 672 1688 718 ὅρκιον
1720 676 1763 709 ab

949 730 1079 760 ορκος,
1117 725 1153 752 et
1185 720 1309 755 similia
1342 722 1508 766 quaedam
1542 732 1562 754 a
1587 721 1763 760 similibus

949 775 1038 808 quae
1071 767 1349 800 commemoravit
1384 767 1613 801 Buttmannus
1638 768 1762 812 (Lexi-

950 811 1051 854 logus
1068 812 1101 844 2.
1127 823 1159 856 Ρ.
1173 813 1231 847 58.
1247 813 1376 856 sequ.),
1402 812 1614 853 „womitdie
1632 813 1762 859 griech.

950 856 1108 901 Sprache
1132 858 1250 901 haiifig
1276 860 1374 892 einen
1399 859 1539 903 Begriff
1560 870 1627 893 nur
1651 863 1763 894 etwas

948 904 1044 936 mehr
1069 914 1112 937 zu
1137 904 1436 939 individualisiren
1459 905 1695 946 strehtf‘ut
1715 905 1764 939 ait

948 949 1000 983 vir
1022 960 1152 993 sagax,
1180 956 1215 984 et
1239 951 1395 985 similiter
1423 951 1608 985 Thiersch.
1633 963 1687 995 gr.
1707 960 1762 995 gr.

946 997 980 1037 ἓ.
1009 997 1086 1036 185,
1111 998 1180 1035 27.,
1203 997 1264 1030 sed
1301 1009 1420 1052 parum
1442 997 1645 1042 perspicue.
1666 996 1762 1042 quod

945 1042 1033 1075 dixit
1057 1040 1098 1076 δὲ
1122 1040 1210 1086 ἕλωρ
1215 1056 1254 1078 ια
1284 1044 1360 1077 sine
1398 1043 1559 1085 elisione,
1594 1043 1638 1077 de
1661 1054 1713 1077 eo
1721 1053 1761 1075 ..v

948 1099 1025 1121 ann
1061 1089 1103 1121 ad
1129 1089 1185 1123 47.
1211 1111 1257 1116 —-
1290 1088 1535 1125 κύνεσσιν.
1567 1089 1637 1123 dat.
1672 1088 1761 1122 Ioni·

947 1146 1006 1167 cus
1040 1142 1075 1168 et
1111 1135 1265 1179 priscus,
1302 1148 1363 1182 pro
1396 1147 1493 1171 κνσι.
1528 1135 1610 1169 wide
1634 1135 1761 1170 Matth.

946 1192 998 1224 gr.
1025 1192 1076 1225 gr.
1103 1184 1135 1223 §.
1162 1184 1218 1218 75.
1243 1187 1311 1216 etc.

992 1228 1024 1262 5.
1053 1228 1298 1263 οἰωνοῖσι.
1325 1225 1579 1271 σαρκοφάγοις
1603 1223 1761 1282 ὀρνέοις,

946 1277 982 1306 ut
1007 1274 1149 1318 exponit
1180 1276 1222 1308 Ε.
1256 1276 1342 1319 Apa
1379 1276 1527 1309 οἰωνοί·
1562 1270 1688 1308 πάντα
1713 1270 1760 1307 τὰ

927 1316 1080 1362 “ὅρνεα,
1105 1320 1190 1354 κατ’
1217 1320 1362 1366 ἐξοχὴν
1375 1320 1414 1356 δὲ
1440 1320 1578 1355 εἴωθεν
1603 1317 1667 1353 διὰ
1691 1320 1761 1354 τοῦ

945 1367 1093 1410 γενικοῦ
1118 1367 1162 1401 zo·
1190 1367 1312 1402 ἰδικὸν
1339 1368 1489 1411 δηλοῦν,
1513 1378 1605 1406 τους
1627 1376 1760 1415 σαρκο-

946 1413 1191 1456 φαγοῦντας,
1234 1412 1318 1447 οἷον
1347 1416 1472 1470 1γῦπας
1496 1416 1562 1446 etc.
1594 1411 1640 1448 ab
1662 1408 1759 1454 οἷος,

946 1458 1052 1498 οἰόω,
1080 1461 1172 1492 sicut
1196 1459 1378 1500 κοινωνὸς
1402 1472 1422 1493 a
1446 1457 1585 1498 κοινὸς,
1607 1455 1759 1498 ιοιῑόω,

947 1511 985 1538 ut
1010 1506 1068 1539 W.
1103 1506 1307 1548 annotavit,
1349 1506 1430 1551 quia
1465 1502 1664 1546 solitariae
1678 1510 1759 1539 suut

944 1561 1025 1583 aves
1051 1552 1296 1608 σαρκοφάγοι.
1330 1552 1395 1585 Ε..
1439 1548 1601 1594 Ἰωνικῆς
1637 1550 1758 1608 διαλέ*

942 1608 1031 1631 κτου
1076 1595 1175 1632 ἐστιν
1220 1596 1243 1642 ἡ
1278 1599 1349 1632 τοῦ
1374 1611 1387 1632 ι
1407 1596 1611 1654 προσθήκη
1635 1595 1674 1631 ἐν
1706 1596 1758 1643 τῷ

943 1644 1186 1678 οἰωνοῖσι.
1219 1665 1264 1670 -
1301 1645 1438 1678 πᾶσι.
1472 1644 1687 1683 παντοίοις,
1720 1649 1759 1680 ut

941 1691 1057 1723 maria
1092 1701 1170 1723 orm
1174 1702 1210 1724 za
1237 1691 1366 1724 circum
1400 1702 1457 1736 ap.
1486 1691 1586 1734 Virg.
1611 1691 1697 1723 Aen.
1724 1691 1757 1730 l,

940 1738 997 1771 32.
1023 1741 1058 1769 et
1082 1748 1179 1770 omne
1208 1738 1281 1770 olus
1305 1737 1428 1769 Horat.
1463 1737 1576 1793 Epist.
1605 1738 1638 1777 1,
1661 1736 1698 1776 5,
1722 1736 1757 1792 23

942 1783 997 1814 W.
1025 1782 1146 1838 Eurip.
1171 1783 1299 1816 Bacch.
1333 1786 1455 1818 1000.:
1498 1779 1546 1826 ἦν
1589 1779 1630 1817 δὲ
1665 1778 1757 1816 πᾶσ’

942 1823 1039 1870 ὁμου
1063 1828 1156 1874 βοὴ,
1191 1829 1248 1862 ubi
1273 1828 1346 1862 vid.
1374 1834 1490 1863 annot.
1516 1829 1559 1862 de
1582 1832 1656 1862 toto
1679 1827 1757 1862 loco

943 1875 987 1907 ef.
1013 1875 1068 1909 52.
1094 1895 1139 1900 —
1165 1886 1283 1908 rursus
1306 1875 1366 1909 Ε·
1392 1871 1449 1910 ὅτι
1474 1874 1601 1918 (intell.
1621 1873 1756 1915 ἰστέον,

944 1933 1167 1965 σημειωσαι,
1218 1922 1272 1954 vel
1321 1921 1483 1966 quiddam
1530 1920 1668 1955 simile..
1703 1921 1757 1957 sic

942 1969 1122 2001 transitum
1156 1968 1199 2001 ad
1223 1967 1324 2001 aliam
1349 1979 1418 2002 rem
1443 1968 1561 2001 facere
1584 1966 1674 2001 solet
1696 1966 1756 2003 hic

946 2014 1163 2058 epitonietor.
1167 2014 1186 2068 )ι
1203 2012 1351 2057 ε’φθασε
1375 2012 1443 2056 μὲν
1461 2010 1481 2048 ὁ
1500 2011 1675 2070 ’Όμηρος
1691 2023 1755 2069 με·

942 2061 1102 2104 γεθῦναι
1145 2058 1213 2105 τήν
1249 2059 1387 2095 ἑαυτοῦ
1423 2060 1575 2104 ποίησιν
1617 2057 1703 2095 διὰ
1698 2057 1755 2098 τὸ

942 2105 1175 2162 ὑποσχέσθαι
1198 2106 1261 2141 καὶ
1292 2108 1408 2149 μυρία
1441 2119 1527 2140 τινα
1553 2106 1671 2141 εἰπεῖν
1692 2105 1757 2140 καὶ.

944 2150 1109 2194 ἡρωικά,
1159 2152 1330 2187 ἐνταῦθα
1378 2151 1416 2187 δὲ
1449 2153 1637 2195 κορωνίδα
1668 2150 1756 2187 τινὰ

944 2198 1124 2239 ἐπιτιθεὶς
1159 2198 1349 2243 αυξήσιως
1382 2198 1525 2241 ἐπάγει
1551 2196 1688 2239 Διὸς
1702 2194 1754 2233 δ’

943 2245 1201 2280 ἐτελείετο
1223 2245 1401 2291 βουλὴ,
1435 2258 1484 2285 ως
1515 2244 1566 2288 μὴ
1606 2258 1654 2279 αν
1688 2246 1755 2290 τῆς

943 2294 1013 2327 τοῦ
1041 2290 1223 2336 Ἀχιλλέως
1256 2292 1415 2336 μήνιδος
1448 2293 1606 2326 τοιαῦτα
1639 2292 1754 2350 δυνη-

944 2337 1122 2382 σομὲνης,
1148 2341 1182 2374 εἰ
1205 2338 1255 2383 μή
1274 2340 1366 2394 θεία
1389 2351 1444 2378 τις
1469 2339 1515 2382 ἡν
1532 2337 1662 2383 βουλή.
1687 2336 1754 2373 ἐαν

944 2384 984 2420 δὲ
1019 2386 1131 2420 τοῦτο
1166 2386 1232 2430 ἠν,
1267 2383 1340 2428 α’ρα
1372 2384 1512 2428 μεγάλα
1537 2384 1623 2419 τινὰ
1646 2383 1754 2442 γενήπ

945 2444 1074 2466 σονται
1106 2433 1167 2467 καὶ
1204 2432 1296 2472 Διὸς
1324 2432 1441 2488 βουλῇ
1464 2430 1670 2487 πρέποντα.
1693 2429 1754 2466 ε’ν-

943 2480 1073 2512 ταῦθα
1106 2477 1147 2513 ὁε
1176 2479 1239 2513 καὶ
1273 2481 1340 2513 τοῦ
1362 2476 1540 2521 ’Ἀχιλλέως
1561 2474 1752 2536 paeonum-

942 2528 1127 2582 anysium,
1162 2524 1284 2559 οιονεὶ
1303 2525 1415 2568 λέγων
1439 2523 1489 2570 μὴ
1517 2522 1570 2559 δι’
1596 2523 1751 2564 ἐκεῖνον,

943 2570 1035 2606 ἀλλὰ
1071 2571 1135 2606 δια
1174 2585 1216 2605 το
1253 2570 1474 2614 εἱμαρμένον
1502 2570 1552 2613 ἐξ
1589 2568 1753 2626 ἀνάγκης

941 2621 1062 2652 ταῦτα
1084 2616 1269 2661 γενέσθαι.
1297 2618 1438 2662 βουλην
1470 2616 1540 2662 ’γὰρ
1566 2614 1661 2656 Διὸς
1683 2616 1754 2661 τήν

943 2665 1166 2708 εἱμαρμένην
1190 2665 1325 2707 φασὶν,
1360 2663 1410 2704 ὡς
1442 2666 1507 2707 τῆς
1531 2663 1752 2708 εἱμαρμένης

944 2711 1036 2751 Διὸς
1059 2711 1278 2756 λεγομένης,
1312 2709 1416 2745 καθα
1441 2710 1503 2744 καὶ
1527 2714 1606 2749 τοῖς
1628 2711 1752 2744 zzmzzn

941 2762 1022 2798 κοῖς
1059 2758 1195 2799 ἔδοξεν.
1228 2762 1324 2791 recte
1349 2758 1533 2790 Homerum
1557 2755 1612 2789 hic
1639 2756 1752 2800 phi-102-

941 2804 1081 2850 sophari
1111 2808 1216 2847 negat
1248 2803 1301 2836 Cl.
1341 2802 1450 2836 omnia
1491 2801 1576 2835 nutu'
1609 2801 1752 2837 deorum

941 2851 1017 2884 fieri
1058 2850 1220 2883 videntur
1259 2849 1383 2894 priscis
1426 2847 1492 2881 illis
1535 2838 1751 2902 hominibus,-
1810 2881 1811 2884 ,

941 2897 1143 2941 praesertim
1165 2906 1220 2929 res
1243 2895 1376 2928 maximi
1394 2895 1563 2930 momenti.
1588 2893 1671 2927 hoo?
1664 2893 1750 2938 qui-
1809 2893 1811 2908 ³

941 2943 1016 2978 dem
1052 2943 1128 2976 lo'co'
1162 2942 1287 2975 dicitur
1320 2941 1498 2975 consilium
1527 2940 1617 2980 illud
1638 2939 1746 2982 Jbvis,
1806 2972 1811 2986 1

941 2988 1033 3034 quod
1058 2987 1223 3022 Thetidis
1243 2998 1363 3021 suasu
1380 2986 1496 3061 cepit,
1530 2974 1702 3062 Αιο1ι111ἰιιυ
1693 2996 1747 3020 ιιι
1807 2987 1810 2991 “

935 3035 1061 3080 juriani
1083 3033 1282 3070 ulciscendi.
1503 3052 1563 3109 I=

1515 3103 1519 3108 .
1581 3088 1596 3108 23
1613 3088 1704 3110 131*ss

1705 3220 1723 3235 Ο
