1811 3269
7 0 26 265 l

2 266 68 442 l·

595 160 1026 202 ΙΛΙΑΔΟΣ
1081 164 1132 202 Δ.

205 275 358 328 (κεῖται
387 270 432 316 6'
462 271 511 315 ἐν
539 269 752 327 θαλάμῳ,
782 270 936 321 πολέες
964 272 1009 314 τέ
1038 288 1115 341 μιν
1143 270 1362 329 ἠρήσαντο

207 332 360 401 ἱππῆες
390 327 592 398 φορέειν,
625 331 804 401 βασιλῆϊ
831 327 877 370 δὲ
906 332 1044 371 κεῖται
1075 328 1262 385 ἄγαλμα,

94 388 174 432 145
205 385 460 442 ἀμφότερον
487 384 653 440 κόσμος
683 383 734 428 θ’
765 386 882 441 ἵππῳ
912 384 1085 440 ἐλατῆρί
1115 402 1160 429 τε
1190 387 1359 442 κῦδος),

177 443 324 487 *τοῖοί
350 459 440 494 τοι,
477 442 697 495 Μενέλαε,
729 429 929 511 μιάνθην
953 443 1102 494 αἵματι
1132 443 1268 498 μηροὶ

204 498 388 571 εὐφυέες
415 500 579 570 κνῆμαί
603 497 643 542 τ’
654 497 751 569 η’δὲ
782 497 933 569 σφυρὰ
963 496 1062 541 κάλ’
1093 497 1351 554 ὑπένερθεν.

276 555 487 627 Ῥίγησεν
509 553 552 600 δ’
585 554 664 609 ἄρ’
694 556 840 599 ἔπειτα
868 554 978 607 ἄναξ
1009 553 1189 608 ἀνδρῶν
1217 555 1507 614 Ἀγαμέμνων,

203 612 263 664 ὦς
295 611 408 656 εἶδεν
436 612 572 668 μέλαν
603 616 710 668 αἱμα
739 613 986 683 καταρῤέον
1015 611 1059 663 ἐξ
1089 610 1285 668 ὠτειλῆς·

90 674 170 716 150
202 671 380 725 ῥίγησεν
411 671 457 714 δὲ
486 671 559 714 καὶ
590 670 722 720 αὐτὸς
752 667 986 741 ἀρηΐφιλος
1014 669 1254 719 Μενέλαος.

201 744 260 778 ως
293 728 338 770 δὲ
367 729 462 770 ἰ’δεν
489 726 652 781 νεῦρόν
679 742 723 769 τε
753 743 827 770 και
857 726 1019 781 ὄγκους
1047 725 1169 776 ἐκτὸς
1199 725 1366 780 ἐόντας,

202 782 402 839 ἅψοῤῥόν
433 801 476 827 οι
504 783 651 839 θυμὸς
679 782 745 826 ένὶ
776 784 1010 838 στήθεσσιν
1041 782 1218 855 αγέρθη.

200 846 291 891 τοῖς
321 842 367 884 δὲ
377 840 737 913 ‚Bapv6‘csvocxmv
766 840 928 896 μετέφη
959 842 1117 910 κρείων
1145 838 1439 911 Ἀγαμέμνων,

198 896 344 954 χειρός
373 898 484 953 έχων
515 897 768 946 Μενέλαον,
788 896 1138 968 επεστενάχοντο
1170 895 1214 940 δ’
1246 896 1433 968 ἑταῖροι·

88 957 168 1000 155

28 1065 224 1111 Κάειρα.
250 1067 369 1112 (quasi
395 1067 546 1102 dixerint
570 1067 699 1113 Καηρ,
727 1068 841 1104 Κάει-

26 1127 96 1158 ρα,
118 1120 155 1148 ut
180 1111 301 1157 δάηρ,
337 1113 490 1156 δάειρα,
523 1120 701 1149 contracte
725 1120 839 1149 autem

33 1159 123 1206 Καρ.
150 1161 205 1193 Ex
228 1161 294 1205 Η.)
338 1162 494 1206 Καρίνη.
538 1162 650 1205 (A..p
678 1159 836 1217 Καρικᾷ.

26 1213 207 1251 utrumque
230 1211 361 1241 rectum
387 1208 470 1252 est.)
497 1205 571 1242 ἀπὸ
601 1209 763 1251 Καρίας,
790 1205 840 1248 ὥς

28 1254 103 1288 τῶν
127 1254 273 1297 χωρίων
298 1252 444 1289 τούτων
468 1253 510 1290 τὸ
535 1254 697 1289 παλαιὸν
709 1257 839 1295 καλαῖς

26 1302 170 1348 βαφαῖς
199 1299 408 1357 χρωμένων.
462 1314 566 1345 παρ.
602 1303 839 1345 παραγναθί-

27 1345 209 1387 διον,τὸ
242 1347 312 1381 νῦν
345 1347 562 1392 χαλιναριον
594 1347 840 1392 καλούμενον.

27 1393 97 1438 (13-
125 1392 288 1437 παρήὶον
311 1393 351 1428 δὲ
377 1395 501 1429 ἵππων
525 1393 567 1429 τὸ
592 1397 663 1430 τοῦ
685 1395 841 1451 χαλινοῦ

25 1441 344 1497 παραγναθίδιον.
392 1441 531 1497 λέγεται
562 1440 602 1476 δέ
624 1454 715 1476 ποτε
740 1437 840 1476 οὕτω

25 1487 87 1522 καὶ
113 1483 210 1541 αύτὴ
237 1484 259 1531 ἡ
285 1487 433 1530 παρειά
483 1486 554 1530 ὅρα
588 1485 629 1522 6'
663 1487 841 1523 ἐντεῦθεν

25 1533 88 1568 καὶ
121 1530 179 1568 ότι
213 1534 350 1575 παρειοὶ
383 1534 445 1568 καὶ
477 1533 535 1569 ἐπὶ
566 1531 709 1577 οἷλόγων
734 1533 840 1579 ζῳων

25 1580 199 1625 φαίνεται
222 1579 407 1624 λέγεσθαι.
440 1580 656 1613 Philodemus
669 1580 841 1635 epigram-

23 1631 135 1668 mate,
170 1627 309 1662 Anthol.
335 1627 410 1660 Pal.
437 1629 469 1660 1.
504 1639 539 1672 p.
564 1628 666 1661 266:
705 1625 772 1661 τόν
799 1639 838 1661 τε

24 1673 108 1717 περὶ
133 1671 300 1716 στέρνοις
325 1673 492 1716 [ἵππων]
518 1670 657 1715 κόσμον
681 1671 838 1708 ὀδοντο-

26 1720 165 1764 φόρον,
200 1720 234 1752 h.
260 1732 290 1752 e.
327 1720 426 1753 bullis
452 1720 616 1753 eburneis
641 1720 836 1761 obductum,

24 1765 349 1866 ἒὲζ.ἷ.“.ἳῗ,“θ“ξὲ.ἕ“
362 1766 649 1846 v‘L'LZ'ffffisfiffzssf.
652 1771 838 1857 ξέἱιέἕὲξ.

23 1857 259 1904 χρυσόνωτον
279 1855 390 1901 ἡνίαν
409 1858 497 1891 dixit
510 1859 615 1902 Soph.
627 1860 733 1902 Ajace
745 1861 825 1896 793.
817 1883 839 1901 .,

23 1906 83 1939 ubi
109 1917 141 1937 v.
168 1904 332 1937 Lobeckii
357 1905 454 1947 ann.)
485 1905 569 1938 Sch.

73 1951 191 1986 143—
204 1950 280 1985 145.
330 1950 376 1986 ἐν
399 1953 525 1991 θαλ.,
551 1951 587 1984 in
615 1951 748 1985 horreo.
785 1951 838 1985 0-

24 1997 118 2042 dyss.
143 1994 190 2042 β’,
215 1997 316 2032 337..
348 1994 368 2032 6
403 1995 442 2032 δ’
478 1993 684 2041 ὑψόροφον
717 1995 839 2032 θάλα-

22 2056 94 2087 μον
127 2041 355 2097 κατεβήσατο
389 2042 552 2086 πατρὸς,
590 2042 739 2086 Εύρῦν,
770 2041 840 2079 ὅθι

23 2089 136 2134 νητὸς
159 2087 293 2133 χρυσός
315 2090 376 2125 καὶ
395 2089 527 2134 χαλκὸς
550 2089 678 2132 ἔκειτο,
698 2089 815 2125 Ἐσθ’
794 2104 839 2136 ης

21 2135 59 2171 τ’
86 2136 124 2172 ἐν
148 2139 314 2179 χηλοῖσιν
339 2141 406 2171 etc.
447 2138 492 2170 cf.
526 2137 631 2170 Schn.
656 2149 689 2170 v.
715 2105 839 2172 θάλα-

21 2196 101 2241 μσς,
144 2182 245 2216 latius
280 2182 384 2216 sch.-

21 2228 90 2274 ἥρ.
129 2226 304 2271 ηὔξαντο.

22 2275 88 2321 ἐφ’
115 2274 149 2333 ᾦ
167 2288 222 2315 τις
248 2274 442 2319 ἀγάλλεται
467 2277 529 2311 καὶ
554 2278 684 2319 χαιρει.
733 2276 770 2312 οἱ
795 2275 835 2312 δὲ

21 2321 115 2368 μεθ’
137 2320 313 2366 Όμηρον
344 2323 500 2366 ποιηταὶ
543 2322 688 2367 ἄγαλμα
731 2322 836 2359 εἷπον

21 2369 63 2406 vd
89 2369 238 2413 ξόανον·
259 2367 392 2414 (οἷμφ.
417 2372 492 2414 60.)
534 2368 656 2405 ἔλατ.
679 2371 732 2416 τῷ
757 2367 836 2416 ἡνι-

23 2415 107 2461 όχῳ.

73 2463 152 2499 146.
198 2465 339 2498 τοῖοι.
372 2465 471 2497 τοῖοι
495 2458 617 2503 ὄντες,
641 2461 765 2497 λευκοὶ
786 2476 836 2504 ως

23 2507 166 2553 ἐλέφας.
211 2509 322 2544 minus
346 2514 444 2543 recte
467 2508 575 2543 Sch..
602 2505 731 2548 οὕτως.
785 2510 835 2543 E:

23 2554 67 2590 τό
93 2554 134 2591 δε
161 2556 386 2613 μιάνθην
419 2555 566 2599 μηροὶ
593 2554 726 2591 δυἰκόν
758 2553 835 2590 ἐστι

23 2601 124 2646 ῥῆμα
147 2600 222 2638 απὸ
248 2604 318 2637 τοῦ
350 2601 565 2646 μιανθήτην
592 2602 746 2646 γεγονός
767 2615 834 2636 κα-

23 2648 72 2683 τοὶ
104 2647 303 2693 συγκοπήν.
359 2649 418 2694 qui
451 2648 554 2682 etiam
588 2650 769 2692 μίανθεν,
804 2649 834 2682 si

25 2694 102 2738 quis
123 2694 173 2729 ita
196 2695 300 2729 scribi
320 2696 455 2739 jubeat,
479 2695 511 2728 h.
530 2707 559 2728 e.
587 2693 834 2739 ἐμιάνθησαν,

25 2744 134 2774 metro
166 2752 232 2774 non
264 2740 443 2775 adversari
471 2746 582 2786 putat..
624 2753 658 2775 v.
687 2754 765 2776 ann.
789 2741 834 2774 ad

25 2784 106 2821 114.
135 2785 301 2830 μιάνθην
326 2799 389 2833 pro
411 2788 575 2829 μίανθεν
598 2788 726 2822 dictum
758 2798 834 2821 esse

25 2832 212 2866 arbitratur
243 2834 314 2867 Th.
347 2846 382 2879 p.
405 2835 507 2874 299,
539 2834 630 2879 quod
666 2834 724 2868 vix
757 2833 834 2867 fieri

25 2879 180 2924 potuisse
210 2879 351 2914 videtur
386 2885 531 2934 propter
565 2880 833 2934 ambiguitatem.

23 2924 136 2959 malim
161 2925 401 2969 propemodum
425 2923 657 2971 μιάνθεσαν,
691 2930 730 2960 ut
766 2923 834 2970 ἄρ-

21 2969 117 3015 γέτι,
149 2970 355 3016 ἐτραφέτην
391 2977 427 3007 et
458 2972 583 3006 similia
610 2985 655 3019 ap
659 2973 771 3008 Th.
796 2983 832 3016 p.

21 3018 101 3054 221.
135 3017 194 3051 vel
218 3018 356 3053 foedius
379 3019 500 3054 subest
527 2986 655 3062 ulcus,
678 3019 832 3053 scriben-

418 2182 456 2217 ἐν
491 2184 541 2228 τῷ
575 2184 677 2228 οἴκῳ.
726 2184 835 2218 idem:

371 2243 438 2274 αγ.
473 2218 714 2274 καλλώπισμα
744 2231 835 2270 πᾶν,

283 956 425 1005 „dms
455 956 707 1011 κασι’,γνητε
738 952 937 998 θάνατόν
966 954 1022 998 νύ
1052 971 1122 998 τοι
1153 951 1272 1009 ὅρκι’
1303 955 1504 1010 ἔταμνον,

887 1070 1036 1113 dumque
1070 1069 1220 1102 fortasse
1262 1074 1315 1102 est
1353 1067 1518 1112 μιάνθεν
1551 1068 1703 1113 νάματι.

882 1116 1043 1169 judicent
1066 1115 1274 1159 sagaciores.
1322 1127 1397 1149 nam
1423 1115 1534 1149 dualis
1566 1116 1704 1160 quidem

885 1164 995 1196 forma
1027 1161 1104 1203 illa,
1141 1172 1241 1205 quam
1279 1161 1366 1195 dicit
1403 1162 1457 1202 E,
1494 1162 1601 1196 dubia
1636 1168 1702 1196 est.

886 1208 1017 1253 alioqui
1044 1207 1169 1252 plurali
1190 1208 1331 1251 junctus
1355 1208 1468 1242 dualis
1500 1220 1566 1241 non
1594 1209 1703 1242 habe-

884 1259 939 1288 ret
963 1254 1198 1288 offensionem.

933 1299 1021 1341 147,
1047 1302 1078 1334 8.
1127 1298 1230 1343 εὕφ.
1256 1298 1433 1343 εὐφυεῖς,
1457 1302 1574 1337 καλοί.
1611 1300 1702 1347 §iy-

885 1346 1083 1393 ἐφοβήθη,
1112 1345 1271 1390 ε’φριξεν.
1300 1348 1384 1381 seh.

935 1395 1013 1429 151.
1069 1395 1245 1439 νεῦρον
1268 1413 1314 1419 -
1339 1391 1533 1438 ὄγκους.
1591 1397 1702 1430 νεῦ-

887 1454 975 1484 ρον
999 1437 1078 1484 μὲν,
1104 1439 1143 1474 ἐν
1169 1440 1197 1495 ῴ
1224 1437 1371 1475 δέδεται
1394 1439 1436 1475 τὸ
1457 1452 1489 1474 6
1488 1443 1612 1485 ’δηρον
1632 1441 1704 1476 τοῦ

887 1487 1019 1542 βέλους
1039 1486 1133 1546 πρὸς
1156 1484 1223 1521 τὸν
1246 1485 1432 1530 κάλαμον·
1461 1484 1635 1530 ὄγκους
1659 1486 1701 1523 δὲ

887 1533 955 1574 τοὶς
995 1531 1128 1574 ακίόας
1177 1532 1241 1568 και
1280 1531 1413 1577 ἐξοχας
1456 1535 1526 1568 τοῦ
1556 1534 1700 1588 βέλους.

887 1579 1004 1624 (214.)
1029 1580 1112 1614 Sch.
1159 1577 1303 1623 ὄγκου
1319 1592 1336 1619 ς
1368 1579 1457 1620 τούς
1481 1582 1547 1623 τῆς
1569 1578 1702 1623 ἀκίδος

884 1626 977 1671 λέγει
1000 1624 1193 1667 πώγωνας.
1216 1625 1335 1659 Schol.
1357 1627 1397 1659 A.
1420 1628 1700 1682 γλωχῖναδοΡΙι.

885 1673 1014 1707 Trach.
1040 1672 1120 1707 642.
1153 1672 1242 1706 dixit
1275 1672 1439 1715 ejusmodi
1473 1685 1592 1708 uncum
1624 1675 1700 1708 sive

884 1721 1019 1753 hamum
1050 1720 1226 1762 (Haken,
1257 1719 1542 1762 lViderhaken),
1572 1717 1699 1756 ὀϊστὸν

883 1765 1122 1810 τριγλώχινα,
1153 1767 1327 1810 sagittam
1357 1766 1467 1799 tribus
1498 1767 1611 1800 hamis
1644 1769 1701 1801 in-

884 1818 1051 1847 structam
1078 1813 1206 1855 (minus
1231 1817 1326 1845 recte
1342 1812 1492 1845 Hessus:
1511 1814 1700 1857 tricuspide

884 1861 974 1901 telo,
1003 1860 1122 1892 Voss..
1117 1871 1125 1880 ·
1149 1860 1212 1891 mit
1239 1859 1553 1902 dreischneidigem
1577 1861 1698 1905 pfeil),

884 1907 961 1950 ipse
986 1906 1085 1939 Hom.
1112 1902 1152 1948 ε’,
1177 1906 1258 1941 393.
1297 1905 1341 1938 cf.
1367 1904 1518 1963 Oppian.
1543 1906 1699 1941 Halieut.

885 1951 930 1994 6,
954 1953 1034 1987 253.
1065 1976 1089 1995 ,,
1081 1950 1243 1992 ,ἐκτὸς
1271 1949 1461 1992 ἐόντας.
1497 1950 1604 1992 ἐκτός
1628 1954 1700 1988 τοῦ

885 1996 1066 2042 σώματος,
1090 2009 1134 2031 ne
1159 1997 1298 2031 diversa
1322 1997 1413 2031 tradi
1438 1997 1655 2034 videantur·
1645 2012 1699 2033 ln-

884 2047 940 2079 sra
973 2045 1042 2079 213
1072 2055 1168 2088 seqq.
1209 2049 1394 2088 supererat
1435 2044 1558 2079 salutis
1604 2057 1699 2090 speS,

884 2091 968 2126 ferri
991 2091 1144 2124 acumine
1159 2095 1292 2123 tantum
1316 2089 1350 2122 in
1378 2101 1505 2134 corpus
1524 2095 1630 2125 acto}
1634 2093 1699 2126 ‘.H

931 2138 1011 2174 152.
1061 2134 1137 2180 ἄψ.
1176 2133 1455 2194 παλινόρμητον
1487 2138 1540 2177 εἰς
1568 2139 1700 2173 τουπί-

884 2196 947 2219 σω.
976 2186 1036 2237 Ap.
1082 2195 1102 2217 a
1126 2182 1243 2216 verbis
1267 2181 1322 2226 ἂψ
1358 2188 1393 2217 et
1417 2182 1533 2228 ἕῤῥω,
1572 2184 1700 2230 ἕορῤα,

885 2230 1040 2276 quamvis
1065 2229 1129 2263 hoc
1151 2228 1350 2263 inusitatum
1376 2236 1439 2263 est.
1488 2230 1596 2265 minus
1622 2232 1700 2276 pla-

884 2282 980 2318 cent,
1025 2275 1086 2320 qui
1116 2273 1286 2319 ἅψορρος
1318 2287 1352 2320 p.
1386 2275 1534 2320 ἅψορος
1569 2278 1698 2312 dictum

883 2335 959 2357 esse
984 2322 1113 2361 v0‚lunt
1138 2322 1181 2356 ab
1206 2322 1294 2365 ὄρω,
1320 2324 1424 2357 awai.
1465 2335 1499 2357 v.
1523 2324 1559 2357 H
1584 2324 1629 2359 ad
1650 2322 1698 2370 η’,

882 2370 963 2424 413.
988 2387 1031 2392 -—
1066 2368 1117 2401 E·
1150 2369 1272 2405 ἰστέον
1301 2368 1341 2404 δὲ
1365 2383 1430 2404 και
1456 2369 1515 2404 ὅτι
1537 2370 1582 2405 τὸ
1607 2372 1697 2406 θυ-

881 2416 972 2460 μὸς
995 2412 1204 2471 αγέρθη,
1228 2413 1250 2450 6'
1275 2414 1349 2451 ἐστι
1375 2415 1570 2461 συνήχθη,
1604 2429 1696 2453 συν-

881 2463 1011 2506 τίθησι
1033 2474 1108 2505 παρ
1161 2460 1311 2519 Ομήρςο
1346 2464 1495 2509 (Odyss.
1520 2477 1568 2506 η,
1593 2465 1696 2520 283.)

882 2508 923 2545 τὸ
960 2508 1299 2553 θυμηγερέων.
1351 2511 1466 2553 δῆλον
1506 2510 1547 2546 δὲ
1588 2524 1638 2552 ως
1674 2509 1695 2546 6

883 2555 1124 2600 συναγερθεις
1168 2555 1296 2599 θυμὸς
1343 2555 1498 2614 φθάσας
1545 2555 1694 2600 εξέλιπε.

880 2603 994 2637 τοῦτο
1019 2601 1067 2645 δή
1091 2601 1134 2637 τὸ
1159 2600 1253 2645 παρ’
1273 2601 1356 2647 Ομ.
1375 2616 1442 2645 μεν
1466 2602 1694 2660 ὀλιγηπε-

881 2648 1012 2684 λέειν
1036 2645 1102 2692 (o',
1125 2649 1192 2690 24,
1216 2647 1306 2690 245,
1332 2651 1413 2694 Ody
1416 2661 1463 2684 55.
1488 2663 1527 2691 ε,
1546 2650 1628 2693 457,
1648 2648 1693 2693 τ’,

879 2697 960 2732 356.
1003 2693 1346 2753 ὀλιγηπελίην
1367 2697 1456 2731 dixit
1492 2676 1621 2751 o’dyss.
1651 2696 1691 2741 ε’,

879 2741 1000 2787 468),
1031 2755 1134 2784 παρα
1159 2740 1199 2777 δὲ
1222 2746 1304 2783 τοῖς
1328 2739 1485 2788 ν’στερον
1510 2741 1691 2788 ὀλιγοθυ-

878 2793 961 2833 μεῖν
984 2788 1047 2824 καὶ
1069 2790 1318 2833 λειποψυχεῒν.
1349 2809 1394 2815 -

928 2836 1006 2870 153.
1054 2847 1104 2870 το
1119 2838 1173 2875 ῖς
1226 2835 1266 2872 ἐν
1299 2832 1452 2877 αὐτοῖς,
1490 2837 1582 2870 inter
1621 2846 1691 2877 eos,

880 2882 1049 2915 Graecos.
1075 2879 1120 2922 α’,
1146 2882 1203 2917 58.

927 2929 1005 2963 155
1055 2929 1165 2972 φίλε
1198 2927 1314 2974 priore
1337 2928 1458 2972 longa,
1492 2938 1582 2972 quae
1606 2925 1691 2960 alias

879 2973 1088 3028 corripitur:
1119 2985 1228 3019 quare
1251 2974 1467 3008 Ptolemaeus
1490 2972 1690 3007 Ascalonita

878 3019 1019 3066 scripsit
1055 3023 1161 3066 φῖλε,
1199 3025 1238 3054 ut
1270 3024 1390 3054 auctor
1424 3022 1477 3053 est
1509 3019 1542 3053 E
1574 3019 1620 3054 ad
1648 3017 1689 3063 ε’,
