1811 3269
684 156 1088 199 ΟΜΗΡΟΥ

225 269 299 312 καί
328 279 463 324 σφεας
485 265 702 339 φωνήσας
730 264 833 309 ἔπεα
861 264 1096 321 πτερόεντα
1126 264 1376 334 προσηύδα·

112 328 193 371 285

309 323 494 379 ,,Αἰἀντ’
500 356 510 373 ,
536 322 742 376 Ἀργειων
771 320 953 393 ἡγήτορε
982 320 1328 390 χαλκοχιτώνων,

198 383 352 454 *σφῶϊ
379 381 480 449 μὲν,
513 378 567 422 οὐ
595 377 679 434 γὰρ
712 378 836 431 ἔοικ’,
866 379 1104 434 ὀτρυνέμεν
1133 395 1231 421 ουτι
1260 378 1443 422 κελεύω·

227 437 347 482 αὐτω
377 436 462 492 γὰρ
492 435 609 491 μάλα
641 434 750 478 λαὸν
779 434 998 507 ἀνώγετον
1033 433 1103 489 ἶφι
1132 433 1359 504 μάχεσθαι.

227 497 273 538 αἲ
302 493 409 550 γὰρ,
442 496 527 535 Ζεῦ
557 507 601 535 τε
631 490 765 546 πάτερ
796 494 869 536 καὶ
896 491 1102 561 Ἀθηναίη
1132 491 1206 534 καὶ
1226 490 1454 544 Ἄπολλον,

193 554 344 601 *τοῖος
373 552 509 593 πᾶσιν
537 548 681 602 θυμὸς
709 548 773 592 ἐνὶ
803 549 1010 615 στήθεσσι
1037 547 1238 616 γένοιτο]

112 615 195 654 290
225 611 286 665 τῷ
316 622 364 651 κε
392 603 491 677 τάχ’
521 603 701 675 ἠμύσειε
729 605 854 656 πόλις
887 602 1112 674 Πριάμοιο
1144 601 1346 656 ἄνακτος,

224 653 374 733 χέρσιν
402 660 488 718 ὑφ’
520 662 778 731 ἡμετέρῃσιν
805 659 975 705 ἁλοῦσά
1002 677 1046 704 τε
1075 659 1325 729 περθομένη
1354 675 1412 703 τε
1415 664 1441 685 “

356 718 541 771 ςείπών
569 720 674 770 τούς
703 719 783 774 μὲν
812 721 936 762 λίπεν
967 715 1130 766 αὐτοῦ,
1164 720 1220 773 βῆ
1251 716 1298 760 δε
1325 714 1420 771 μετ’
1451 715 1632 770 ἄλλους·

224 722 351 820 ε’νθ·Ὠ
344 775 427 847 ὅγε
460 774 645 828 Νέστορ’
676 775 836 828 ε’,τετμε
868 773 1019 845 λιγύν
1030 774 1211 817 Πυλίων
1237 771 1474 842 ἀγορητὴν,

228 831 308 903 όὺς
337 832 519 887 ἑτάρους
553 832 782 876 στέλλοντα
811 833 885 876 καὶ
915 828 1158 883 ὀτρύνοντα
1186 827 1403 886 μάχεσθαι

115 894 197 938 295
228 888 342 945 ἀμφὶ
372 890 509 959 μέγαν
541 888 819 943 Πελάγοντα,
848 886 1088 942 Ἀλάστορά
1117 902 1185 938 τε,

1217 887 1417 941 Χρομίον
1446 901 1505 938 τε,

228 946 405 1002 Αἵμονά
435 963 479 989 τε
510 946 736 999 κρείοντα,
768 943 936 987 Βίαντά
965 960 1029 995 τε,
1061 943 1247 1015 ποιμένα
1276 947 1409 987 λαῶν.

227 1005 389 1058 ἱππῆας
419 1003 498 1073 μὲν
528 1005 682 1055 πρῶτα
711 1000 795 1044 συν
825 1003 1025 1044 ἵπποισιν
1054 1001 1128 1044 καὶ
1163 999 1368 1056 ὄχεσφιν,

226 1059 401 1132 πεζούς,
410 1057 452 1102 6'
484 1057 658 1110 ἐξόπιθε
688 1062 842 1113 στῆσεν
872 1058 1031 1108 πολέας
1060 1073 1104 1100 τε
1133 1057 1202 1100 καὶ
1237 1055 1436 1109 ἐσθλοὺς,

230 1117 358 1173 ἕρκος
388 1116 489 1172 ε’μεν
518 1114 752 1170 πολέμοιο·
783 1114 948 1166 κακούς
977 1112 1019 1159 δ’
1053 1113 1098 1166 ἐς
1126 1113 1289 1170 μέσσον
1319 1113 1514 1165 ἔλασσεν,

103 1255 185 1291 286.
233 1253 284 1288 sic
307 1256 394 1288 vett.
421 1251 514 1295 edd„
537 1251 574 1286 in
594 1253 719 1297 quibus
739 1251 815 1285 Ald.
826 1251 871 1293 3.,

58 1313 129 1347 qua
154 1306 242 1336 utor.
275 1300 405 1333 frustra
431 1278 708 1343 interpunctione
732 1308 872 1331 succur-

58 1358 136 1381 rere
161 1346 365 1380 studuerunt
391 1345 538 1379 vitiosae
568 1344 782 1389 scripturae.
808 1354 872 1376 ne-

59 1405 127 1438 que
159 1392 248 1426 enim
287 1391 407 1425 dubito
440 1391 523 1436 quin
561 1391 647 1424 haec
678 1390 872 1444 depravata

59 1439 148 1480 sint,
183 1443 221 1472 ut
256 1438 290 1471 in
324 1437 446 1482 quibus
481 1436 696 1490 explicandis
729 1447 772 1469 ne
802 1434 872 1489 ipsi

60 1485 198 1531 quidem
221 1483 286 1517 sibi
306 1483 526 1517 satisfaciant
551 1482 772 1540 interpretes.
820 1480 872 1515 sic

59 1531 272 1589 scribamus.
314 1530 420 1572 σφιόϊ
449 1527 517 1573 μὶν
552 1527 619 1564 οὔτ
678 1541 724 1571 αρ
776 1523 874 1562 ἕόικ

62 1575 282 1621 ὀτρυνέμεν,
315 1574 402 1611 οὔτε
434 1573 589 1616 κελεύω,
622 1585 732 1618 neque
760 1574 873 1618 igitur

61 1636 121 1658 vos
139 1624 277 1668 quidem
295 1622 436 1656 incitari
460 1622 574 1662 decet,
598 1632 707 1664 neque
726 1632 791 1664 ego
806 1619 873 1652 ad-

62 1670 190 1704 hortor.
239 1667 410 1702 sententia
430 1667 609 1720 praeclara
633 1672 669 1700 et
688 1666 742 1700 his
768 1666 872 1699 rebus

62 1715 263 1768 aptissima3
305 1713 495 1748 emendatio
528 1712 663 1754 facilis,
705 1711 874 1756 siquidem

62 1760 256 1796 sexcenties
281 1762 316 1795 Γ
336 1771 398 1805 pro
429 1762 471 1801 T,
496 1764 533 1793 et
557 1764 676 1792 contra
699 1761 733 1792 T
756 1769 816 1803 pro
831 1759 874 1800 Γ,

61 1807 228 1852 scriptum
252 1805 522 1852 deprehenditur
544 1805 579 1838 in
605 1804 704 1838 codd.
731 1815 806 1860 per
819 1814 875 1837 er-

63 1864 196 1894 rorem3
229 1851 511 1906 quemadmodum
536 1849 643 1894 τέτγα
680 1861 742 1895 pro
767 1848 875 1885 τέττα

64 1899 193 1944 legitur
220 1899 312 1932 infra
335 1897 405 1932 412
435 1897 470 1931 in
495 1898 572 1931 cod·
601 1897 733 1930 Veneto
758 1901 793 1930 et
817 1907 875 1941 ap.

65 1946 239 1980 comicum
271 1945 420 2000 Thesm3
445 1945 526 1978 662.
565 1942 740 1995 Bentlejus
778 1947 876 1975 recte

65 1991 180 2047 posuit
205 1988 255 2032 ὡς
278 1987 420 2024 ἅπαντ’
444 1986 509 2034 ἄρ’
537 1987 613 2024 ε’στι
631 1986 766 2032 τόλμης
787 1986 877 2031 ε’ργα

64 2036 371 2095 κάναισχυντίας,
395 2047 473 2069 cum
504 2036 571 2070 hoc
606 2035 757 2068 habeant
778 2033 877 2067 libri:

66 2098 118 2126 ως
151 2096 253 2118 απαν
285 2081 354 2127 γάρ
388 2082 463 2117 ἐστι
495 2087 583 2115 etc.-
572 2105 583 2122 ,
619 2092 683 2114 nec
707 2078 745 2115 τὲ
771 2085 806 2113 et
828 2079 876 2122 τὶ,

65 2131 210 2177 ipsaque
235 2130 341 2164 verba
367 2125 455 2163 οὔτε
479 2132 514 2161 et
538 2125 642 2167 οὔτι,
679 2124 879 2172 permisceri

66 2189 190 2212 novum
215 2181 281 2217 est,
308 2180 346 2209 ut
369 2174 483 2208 videri
506 2173 586 2207 licet
612 2184 666 2216 ap.
689 2174 878 2206 Porsonum

66 2224 102 2257 iu
127 2222 300 2257 annotatis
324 2220 367 2255 ad
392 2220 513 2264 Eurip.
526 2220 587 2253 Or.
600 2220 680 2255 538.
699 2224 736 2253 et
747 2218 877 2251 Phoen-

66 2270 148 2306 354.
172 2276 208 2303 et
229 2269 331 2308 3894
356 2278 460 2311 saepe
490 2272 601 2299 autem
633 2261 722 2299 οὔτ’
745 2263 820 2306 ἄρα
844 2267 880 2297 et

69 2314 154 2352 ου’τε
178 2315 244 2349 sibi
270 2313 490 2372 respondent
511 2323 566 2367 ap.
592 2313 681 2344 hunc
713 2316 879 2344 nostrum.

69 2360 118 2406 α’,
143 2363 222 2397 93.-
249 2357 344 2395 οὔτ’
373 2356 443 2402 ἄρ’
461 2371 512 2413 ογ
551 2356 712 2412 ενχωλῆς
731 2355 882 2415 ἐπιμέμ-

71 2421 202 2449 φεται,
229 2403 342 2441 οὔθ’
365 2402 576 2462 εκατόμβης.
605 2402 644 2444 ε’,
657 2404 750 2439 333..
776 2400 882 2437 οὔτ’

72 2453 126 2499 ἂρ
132 2453 344 2498 ”Αθηναίη,
365 2464 384 2486 ο
397 2465 419 2487 υ
432 2462 476 2485 τε
492 2451 744 2492 πτολίπορθος
752 2446 882 2484 Ἐνυώ.

71 2501 118 2557 irb.
136 2502 234 2536 532·
261 2497 476 2556 φευγόντων
502 2495 543 2532 δ’
571 2494 671 2531 οὔτ’
699 2509 754 2539 αρ
779 2495 882 2536 κλέος

73 2544 247 2590 ὄρνυται,
290 2544 401 2580 οὔτε
436 2556 492 2584 τις
525 2540 628 2584 αλκή.
677 2542 805 2586 Odyss.
834 2539 880 2585 6,

71 2595 170 2629 605*
197 2593 235 2628 ἐν
260 2589 297 2626 6'
313 2589 441 2636 Ἰθάκῃ
467 2586 564 2624 οὔτ’
593 2601 649 2632 αρ
676 2589 809 2631 δρόμοι
825 2600 882 2623 εν-

73 2639 170 2682 ρέες,
206 2636 262 2672 οἷ’
274 2650 320 2672 τε
354 2651 390 2672 τι
424 2636 555 2679 λειμων
582 2641 647 2669 etc.
700 2635 803 2668 etiam
830 2634 885 2668 bis

74 2686 213 2741 ponitur
235 2682 316 2740 ,οὔτ’
347 2697 432 2728 αρα,
457 2682 552 2716 velut
577 2679 616 2722 ζ’,
637 2682 739 2716 352:
764 2679 884 2725 τούτῳ

74 2730 112 2768 6²
142 2728 243 2766 οὔτ’
271 2728 362 2772 α”ρα
399 2724 633 2785 (libri-019,
661 2732 801 2771 praeter
824 2738 885 2759 ne-

73 2777 301 2819 cessitatem.)
324 2777 394 2810 νῦν
420 2773 548 2819 φρένες
573 2772 745 2818 ἔμπεδοι,
780 2769 881 2808 οὔτ’

75 2823 145 2867 αρ’
183 2821 321 2858 ὀπίσσω
345 2819 556 2856 ’Έσσονται.
620 2819 770 2863 denique
804 2829 886 2851 usus

76 2872 145 2906 τοῦ
170 2870 293 2914 σφῶϊ,
325 2867 380 2902 cui
415 2868 668 2906 adhaeserunt,
699 2866 769 2908 jam
803 2863 888 2897 nihil

78 2918 183 2951 habet
207 2913 446 2949 difficultatis.
481 2912 655 2964 significat
675 2911 763 2944 enim
786 2906 887 2953 υμᾶς

77 2962 166 3002 τούς
189 2961 419 3005 6150.Ap.a
451 2957 666 2992 correctione
691 2955 884 2990 Villoisoni:

80 3011 188 3054 σφῶὶ.
227 3007 330 3053 ὑμεῖς
356 3005 392 3042 οὶ
417 3002 500 3046 δύο,
526 3002 548 3048 ὴ
573 2999 669 3047 ὗμας
694 3000 782 3044 τούς
803 3000 884 3038 δύο.

917 1251 1054 1286 firmant
1077 1249 1254 1295 sequentia
1277 1248 1568 1291 emendationem,
1603 1252 1726 1295 estque

918 1297 1074 1342 geminus
1097 1297 1191 1330 locus
1215 1296 1309 1329 infra
1332 1297 1412 1330 359.

964 1345 1044 1378 289.
1072 1343 1182 1377 malim
1195 1341 1422 1375 vividioribus
1438 1340 1603 1375 numeris:
1624 1343 1728 1382 τοῖος

918 1400 1069 1424 απασιν.
1095 1395 1255 1492 ᾇεῐει-ιιιιι
1279 1388 1365 1423 haec
1389 1399 1494 1432 supra
1512 1388 1656 1432 legimus
1678 1385 1726 1434 β’,

963 1483 1043 1518 293.
1092 1480 1268 1536 ἔτετμε.
1307 1478 1493 1525 κατέλαβε.
1525 1479 1606 1514 Sch.
1657 1482 1728 1516 λι-

917 1527 1004 1573 γῦν
1030 1530 1076 1562 Π.
1102 1524 1169 1571 άγ.
1206 1525 1254 1569 α’,
1277 1527 1358 1563 248.

964 1573 1043 1609 294.
1094 1572 1236 1608 στέλλ.
1277 1570 1541 1617 ἑτοιμάζοντα,
1575 1570 1729 1609 διατάσ-

919 1631 1043 1656 σοντα.
1070 1619 1152 1654 Sch.

963 1667 1043 1701 295.
1093 1666 1287 1698 Alastorem
1312 1668 1349 1699 et
1371 1665 1552 1706 Biantcm,
1586 1664 1729 1700 fratrem

920 1711 1013 1746 illum
1046 1711 1231 1752 Nestoris,
1263 1712 1353 1744 hunc
1386 1711 1544 1751 affinem,
1574 1711 1730 1746 novimus

920 1770 963 1792 ex
981 1757 1189 1803 Apollodoro
1208 1760 1251 1798 1,
1273 1759 1329 1798 9,
1353 1757 1461 1791 ceteri
1479 1757 1618 1791 obscuri
1639 1762 1731 1800 sunt,

920 1805 1045 1849 quibus
1078 1809 1192 1837 tamen
1225 1803 1464 1838 enumerandis
1500 1803 1600 1838 fidem
1626 1803 1732 1838 affert

922 1853 1027 1895 poeta
1057 1849 1260 1884 narrationi.
1306 1849 1351 1883 cf.
1383 1849 1430 1883 H.
1490 1849 1590 1883 Sch.:
1624 1845 1733 1885 οὗτοι

921 1897 1114 1940 ταξίαρχοι
1130 1892 1309 1939 ὑπῆρχον,
1332 1893 1502 1941 βασιλευς
1521 1894 1561 1931 δὲ
1579 1893 1733 1932 πάντων

921 1955 996 1978 των
1015 1942 1166 1978 Πυλίων
1183 1942 1349 1985 Νέστωρ.

968 1990 1051 2025 297.
1097 1987 1192 2022 ἱππ.
1237 1992 1316 2022 sunt
1357 1987 1392 2021 hi
1424 1985 1631 2033 πρόμαχοι,
1673 1987 1735 2033 qui

923 2046 1017 2069 more
1041 2034 1177 2080 prisco,
1202 2034 1304 2068 etiam
1327 2034 1545 2078 Assyriorum
1564 2040 1600 2069 et
1617 2035 1736 2079 Lydo-

923 2092 998 2115 rum
1015 2092 1072 2126 ap.
1094 2080 1251 2124 Xenoph.
1269 2080 1353 2124 Cyr.
1372 2081 1414 2120 3,
1439 2082 1480 2122 3,
1505 2083 1562 2116 60.
1586 2085 1622 2114 et
1645 2079 1681 2122 6,
1697 2082 1734 2124 3,

926 2130 979 2162 12.
991 2152 1001 2168 ,
1040 2126 1236 2160 discurrunt
1272 2133 1353 2160 ante
1389 2127 1514 2168 aciem,
1547 2126 1645 2160 modo
1678 2126 1736 2160 hic

925 2173 1024 2206 modo
1051 2172 1122 2206 illic
1147 2171 1403 2216 impressionem
1429 2172 1618 2214 facientes,
1642 2172 1736 2206 inse-

925 2223 1054 2263 quente
1079 2219 1153 2252 fere
1178 2223 1320 2252 caterva
1346 2217 1520 2263 peditum,
1547 2229 1617 2263 qua
1636 2217 1736 2252 incli-

925 2271 1025 2298 natos
1043 2264 1077 2297 in
1098 2265 1211 2308 fugam
1229 2264 1391 2297 viderunt
1414 2264 1541 2298 hostes.
1577 2263 1736 2298 versibus

925 2310 1022 2344 hisce
1051 2309 1175 2364 passim
1202 2316 1341 2344 utuntur
1370 2316 1476 2352 vett„
1500 2310 1595 2344 velut
1621 2310 1737 2344 Maxi-

925 2368 998 2391 mus
1020 2356 1107 2401 Tyr.
1128 2355 1210 2390 diss.
1236 2358 1290 2391 16.
1318 2368 1350 2401 p.
1370 2357 1465 2398 20οη
1485 2355 1641 2413 inprimis
1656 2367 1737 2413 pro-

926 2408 1066 2448 pterea,
1091 2402 1182 2458 quod
1205 2402 1336 2437 Nestor
1354 2401 1444 2443 τούς
1468 2401 1604 2444 κακούς
1620 2400 1659 2437 ἐν
1674 2400 1737 2446 με’-

928 2460 979 2494 σῳ
1006 2449 1079 2483 τῶν
1103 2445 1259 2493 α’γαθῶν
1280 2446 1413 2484 τάσσει.
1449 2449 1523 2482 scil.
1544 2449 1580 2483 in
1603 2448 1736 2495 proelio

929 2483 974 2530 ad
1010 2500 1178 2529 extremos
1210 2494 1346 2528 ordines
1373 2495 1529 2540 recipere
1559 2506 1597 2529 se
1624 2494 1737 2529 solere

928 2541 1093 2586 ignavos,
1129 2540 1163 2574 in
1200 2541 1356 2585 petendis
1389 2548 1503 2575 autem
1540 2540 1738 2575 muneribus

930 2588 1018 2632 reip.
1037 2586 1078 2621 ad
1092 2586 1218 2631 primos
1234 2588 1428 2632 provolare.
1461 2592 1738 2631 argumentorum

930 2631 1147 2667 collocationi
1181 2644 1250 2666 rem
1276 2633 1508 2667 accommodat
1531 2632 1677 2673 Quintil.
1702 2633 1737 2673 5,

933 2677 1086 2721 12,l4.
1143 2678 1190 2712 cf.
1228 2677 1736 2723 Polyb.15‚16.‚1‹rontin.

931 2726 1086 2768 Strateg.
1115 2726 1156 2765 2,
1181 2725 1221 2763 3,
1245 2726 1323 2765 21.,
1357 2737 1424 2770 quo
1461 2724 1534 2758 loco
1568 2724 1738 2769 Pyrrhum

931 2776 1052 2805 narrat
1076 2771 1223 2804 Homero
1261 2777 1404 2805 auctore
1429 2771 1638 2804 Tarentinos
1667 2781 1738 2804 me-

931 2818 991 2851 dia
1017 2816 1051 2850 in
1081 2815 1155 2849 acie
1184 2816 1394 2857 collocasse,
1429 2817 1590 2852 Ammian.
1611 2815 1681 2858 24,
1703 2817 1736 2851 6.

932 2869 999 2897 etc.
1036 2861 1189 2896 suaviter
1206 2862 1369 2896 Aelianus
1390 2863 1433 2896 H.
1452 2866 1491 2897 A.
1518 2864 1581 2903 10,
1608 2863 1642 2898 8.
1665 2861 1736 2896 del-

934 2908 1055 2954 phinos
1078 2908 1204 2941 dudum
1224 2908 1290 2943 hoc
1312 2909 1473 2943 Nestoris
1490 2908 1630 2943 consilio
1656 2918 1737 2942 usos

934 2966 1010 2990 esse
1034 2953 1130 2988 dicit.

979 3002 1058 3036 299.
1109 2998 1244 3044 ἕρκος
1279 2997 1389 3045 ἔμεν
1420 3003 1520 3037 πολ.
1556 2999 1640 3041 ἴνα,
1664 2999 1737 3034 τῶν
