1811 3269
585 142 1011 186 ΙΛΙΑΔΟΣ
1068 141 1116 180 Γ.

1600 133 1684 173 199

272 265 386 314 ,,Ζεῦ
417 258 522 308 ἄνα,
555 259 630 308 δὸς
659 258 883 304 τίσασθαι,
915 251 939 294 ὅ
971 267 1022 305 με
1053 248 1265 303 πρότερος
1296 243 1399 287 κάκ’
1432 244 1569 299 ἔοργε,

196 323 293 363 δῖον
317 316 623 366 Ἀλέξανδρον,
654 313 727 356 καὶ
759 312 865 367 ἐμῇς
894 307 981 350 ὑπὸ
1009 307 1126 362 χερσὶ
1157 305 1398 358 δάμασσον,

197 376 315 430 ὄφρα
345 389 408 423 τις
438 372 636 428 ἐρρίγῃσι
668 369 740 412 καὶ
770 365 995 422 ὀψιγόνων
1025 359 1279 416 ἀνθρώπων

194 431 446 484 ξεινοδόκον
476 429 587 471 κακοὶ
622 428 760 481 ῥέξαι,
792 424 815 468 ὅ
846 439 921 468 κεν
953 420 1166 475 φιλότητα
1195 414 1394 470 παράσχῃ

271 485 327 530 ῗΗ
359 488 434 541 ῥα.
466 485 538 528 καὶ
572 482 834 539 ἀμπεπαλὼν
865 481 1010 531 προΐει
1041 476 1316 531 δολιχόσκιον
1347 471 1478 527 ἔγχος,

83 493 165 536 355

1407 420 1418 453 !
1431 417 1456 436 ιι

194 544 265 588 καὶ
296 542 396 599 βάλε
428 545 677 598 Πριαμίδαο
710 536 806 583 κατ’
839 535 1000 579 ἀσπίδα
1029 531 1213 576 πάντοσ’
1246 531 1378 584 ἐίσην.

163 600 268 644 *διοὶ
298 600 376 656 μὲν
408 598 592 650 ἀσπίδος
622 601 730 654 ἦλθε
764 597 946 650 φαεινῆς
976 590 1164 645 ὄβριμον
1197 588 1328 642 ἔγχος,

194 658 268 701 καὶ
300 657 372 701 διὰ
402 657 606 712 θώρηκος
636 650 967 698 πολυδαιδάλου
998 646 1256 703 ἠρήρειστο·

196 714 403 769 ἄντικρύς
433 715 479 757 δὲ
509 713 645 768 παραὶ
675 710 876 764 λαπάρην
908 704 1087 760 διάμησε
1117 705 1278 759 χιτῶνα

71 797 152 832 351.
199 793 298 829 ἄνα.
325 795 487 840 βασιλεῦ.
511 792 683 837 ἀποκοπή
703 790 744 827 τὸ
767 788 834 825 πά-

25 844 109 883 θος.
141 839 243 885 παρὰ
262 840 304 876 τὸ
324 839 428 883 ἅναξ.
456 839 583 884 (cf-n',
600 841 680 878 233,
708 837 836 882 odyss,

26 888 70 933 ρ’,
98 888 188 927 354,
216 888 343 921 Matth.
369 890 401 929 g.
426 887 501 930 74.)
538 883 558 921 ὅ
580 898 645 930 με.
669 883 768 924 ὅστις
780 895 834 927 με.

26 936 92 979 (cf.
116 934 205 976 354,
233 932 279 974 α’,
304 935 392 974 388,
417 932 459 974 λ’,
483 930 569 973 648,
603 931 652 975 μ’,
677 934 766 972 380,
793 927 836 969 ν’,

27 983 94 1016 211
123 987 210 1022 etc.,
251 980 379 1012 Matth.
414 981 446 1020 §-
472 979 559 1019 291,
597 980 665 1012 Th.
697 981 729 1019 ἓ.
756 978 837 1016 206,

26 1029 68 1062 21
85 1054 93 1069 ,
119 1027 198 1070 22.)
222 1025 302 1058 Sch.
353 1024 488 1068 ἔοργε
513 1035 586 1057 cum
614 1021 745 1067 duplici
778 1034 837 1055 ac-

28 1084 122 1113 cuS.,
149 1078 188 1105 ut
210 1074 342 1106 ποιεῖν.
370 1071 403 1102 Ε
431 1071 486 1102 W.
525 1070 569 1103 cf.
595 1068 675 1104 354.

74 1119 156 1154 352.
204 1119 328 1153 δῖον.
355 1114 425 1160 ὅρα
444 1114 483 1150 δ’
500 1136 545 1140 -
565 1114 622 1150 ὅτι
646 1117 753 1150 δῖον
773 1113 839 1149 τὸν

28 1163 264 1209 Ἀλέξανδρόν
297 1175 410 1208 φησιν
444 1159 464 1198 ὁ
497 1165 592 1197 ,Μεν.
618 1160 730 1197 εἰπών
755 1160 840 1200 δὸς

28 1213 117 1247 τίσ.
141 1213 163 1246 δ
177 1214 253 1247 ῖον
274 1208 346 1245 Ἀλ.
361 1237 370 1251 ,
404 1209 651 1249 παιδεύοντος
672 1206 839 1252 Ὁμήρου

30 1260 110 1308 δεῖν
133 1256 199 1292 τὸν
223 1258 432 1292 σπουδαῖον
456 1253 576 1299 ἄνδρα
606 1253 842 1300 εὐλογητικὸν

32 1309 139 1354 εἶναιῆ
156 1301 207 1344 ὥς
229 1301 275 1338 to}
298 1302 437 1345 πολλοὶ,
472 1303 534 1336 καὶ
558 1302 608 1347 μή
636 1301 841 1337 σκωπτικὸν

32 1351 72 1387 ἐν
98 1355 154 1406 οἱτς
179 1348 225 1405 otti
250 1349 332 1395 χρή.
350 1393 357 1402 r
379 1349 450 1394 ἔχει
474 1349 516 1384 δέ
538 1362 574 1383 τι
596 1350 658 1384 καὶ
683 1348 842 1394 βαρύτη·

31 1410 94 1438 τος
122 1410 142 1432 ο
166 1400 297 1442 λογος,
333 1409 382 1436 ως
415 1393 466 1440 μὴ
492 1395 578 1430 δέον
603 1393 645 1430 ὃν
669 1394 735 1431 τὸν
760 1396 844 1430 δῖον

32 1442 164 1523 ἅνδριὲ
187 1444 246 1487 (v,
272 1455 349 1477 ann.
375 1443 419 1476 ad
444 1441 492 1485 α’,
520 1443 571 1487 4.)
605 1442 702 1478 κακοὶ
725 1441 844 1487 ἐοργέ-

32 1505 107 1527 ναι.
168 1516 175 1522 .

79 1538 168 1578 353,
194 1535 228 1570 4.
278 1533 370 1578 ἐρῤ.
405 1535 492 1578 perf.
515 1535 686 1578 conjunct.
711 1533 845 1577 signifi-

34 1583 172 1618 catione
206 1581 422 1627 praesentis,
461 1592 481 1613 a
515 1580 641 1625 ριγῑίω,
678 1581 846 1613 horresco.

35 1631 104 1671 W,
129 1630 175 1663 U.
207 1630 274 1662 imo
296 1638 408 1672 praes.
435 1628 523 1670 conj.
548 1639 581 1660 v.
605 1627 710 1661 Schn.
735 1638 768 1661 V.
788 1626 845 1670 ε’ῤ-

34 1675 137 1722 ῥίγω.
163 1693 208 1699 —-
243 1674 345 1707 Sch.:
379 1670 451 1716 ὀψ.
488 1675 563 1707 τών
592 1672 758 1720 βραδέως
785 1673 847 1707 καὶ

34 1721 128 1769 μετὰ
139 1721 258 1756 ταῦτα
267 1719 472 1765 γενομένων
484 1718 676 1764 ἀνθρώπω
683 1733 710 1752 ν.
737 1721 755 1762 ξ
767 1731 781 1753 ε
793 1734 803 1754 ι
814 1733 845 1754 ν.

34 1767 247 1814 ξενοδόχον.
298 1781 330 1801 κ.
365 1766 515 1810 ῥέξαι.
560 1780 592 1801 κ.
616 1767 766 1811 πρᾶξαι.
808 1785 846 1791 -

35 1818 131 1862 φίλ.
157 1816 296 1859 φιλίαν,
315 1814 450 1856 ξενίαν.
481 1812 696 1849 ἀπελθόντα
714 1813 781 1857 γάρ
799 1811 849 1853 ὡς

35 1862 199 1908 πρέσβυν
224 1861 276 1900 εἰς
300 1859 341 1894 τὸ
358 1858 484 1904 ’Ἄργος
502 1860 736 1902 Ἀλέξανδρον
772 1860 847 1902 (re-

36 1910 194 1956 petitum,
215 1908 313 1951 jussu
339 1906 478 1948 Priami,
503 1916 636 1952 raptam
659 1906 848 1945 Hesionen,

39 1961 78 1990 ut
102 1959 223 1988 auctor
249 1959 303 1985 est
329 1953 467 1986 Luctat.
487 1965 542 1997 ap.
563 1953 683 1986 Barth.
705 1964 783 1987 ann.
805 1953 849 1986 ad

37 2003 132 2036 Stat.
153 1999 276 2034 Achill.
305 2000 342 2040 1,
368 2000 426 2033 21.
454 2000 515 2033 sed
540 1999 671 2043 Hygia.
696 1999 767 2032 fab.
791 1999 848 2032 92.

37 2047 183 2092 impulsu
198 2044 342 2079 Veneris
359 2057 436 2078 eum
453 2045 745 2079 Lacedaemonem
769 2056 849 2089 pro-

39 2096 167 2129 fectum
192 2103 268 2125 esse
292 2098 431 2132 narrat3
456 2102 520 2126 nec
544 2092 645 2125 aliter
671 2091 776 2124 Ovid.
798 2091 849 2123 Ε-

39 2140 122 2187 pist.
149 2138 227 2182 16.)
250 2136 507 2182 ἐξενοδόχησεν
532 2136 551 2173 ὃ
577 2140 671 2172 Μεν.
698 2137 755 2172 διὸ
787 2137 850 2171 καὶ

40 2185 183 2231 εὔχεται
214 2185 265 2230 τῷ
297 2184 403 2229 ξενίῳ
442 2185 525 2226 Διῒ,
559 2186 610 2231 τῷ
635 2181 704 2219 ὑπ’
730 2182 851 2218 αὑτοῦ

39 2231 378 2276 καταφρονηθέντι.
411 2236 566 2265 sanctum
589 2231 783 2265 habebatur
796 2231 854 2274 jus

39 2278 204 2325 hospitii3
243 2289 310 2322 qua
343 2278 385 2310 de
418 2289 457 2311 re
491 2278 534 2312 K.
579 2277 729 2311 conferri
750 2277 855 2321 jussit

42 2325 169 2371 odyss.
195 2321 232 2366 ι’,
253 2325 345 2365 270,
369 2325 458 2365 271,
485 2322 526 2366 ξ’,
550 2326 637 2365 284,
664 2324 755 2365 389,
782 2324 854 2356 He-

42 2373 129 2407 siod.
155 2371 248 2416 Opp.
281 2371 357 2405 131.
385 2382 415 2402 v.
437 2377 472 2404 et
492 2371 603 2404 Feith.
630 2372 671 2412 3,
694 2372 747 2404 12.

87 2418 181 2473 3553
219 2415 330 2474 ἀμ’π.
373 2416 530 2452 ἀναπεπ.
579 2417 678 2452 Sch.:
713 2415 853 2452 ἀνατεί-

43 2477 112 2505 νας
126 2491 135 2505 ,
159 2474 365 2502 ανασεισας.

89 2512 171 2547 357.
220 2508 302 2545 διὰ
327 2508 420 2553 μέν.
461 2520 566 2554 purus
595 2515 698 2553 putus
725 2509 854 2541 tribra-

46 2558 151 2600 chus,
184 2568 284 2601 quem
317 2557 378 2600 qui
410 2567 472 2600 pro
498 2556 636 2599 dactylo
662 2566 721 2588 seu
748 2565 853 2599 spon—

45 2605 112 2639 deo
137 2602 296 2648 usurpari
321 2613 424 2647 posse
457 2602 603 2635 credunt
627 2602 662 2634 in
686 2600 854 2634 vocabulo

47 2649 145 2683 brevi
173 2650 265 2693 (nam
288 2648 504 2694 polysyllaba
529 2646 734 2687 ἀθάνατος,
762 2644 857 2681 ἀπο-

47 2694 217 2738 νέεσθαι,
242 2698 453 2740 Πριαμίδης
478 2700 512 2728 et
535 2694 658 2728 similia
683 2693 784 2727 aliter
806 2694 856 2726 in-

49 2745 143 2775 trare
166 2753 233 2776 uon
256 2746 399 2787 possunt
422 2753 557 2775 versum
583 2741 792 2783 heroicum),
817 2751 857 2773 e—

32 2787 171 2842 *g'tegie
193 2793 376 2833 nugantur.
422 2787 592 2821 intellexit
618 2788 664 2828 H,
690 2792 725 2820 et
750 2786 805 2819 hic
825 2791 860 2818 et

51 2846 98 2878 η,
122 2835 202 2868 251.
236 2841 340 2890 atque
362 2832 404 2875 λ’,
432 2833 511 2869 435.
547 2834 765 2867 scribendum
783 2843 859 2865 esse

51 2879 116 2934 διαὶ
141 2878 208 2924 μὲν
233 2894 279 2923 αρ
303 2880 472 2920 ἀσπίδος.
515 2878 560 2921 δ’,
588 2881 686 2916 135.:
713 2876 776 2913 διά
792 2876 859 2922 μὲν

52 2926 101 2970 οῒρ
125 2927 307 2971 ζωστῆρος
329 2932 396 2962 etc.
436 2927 486 2961 ibi
518 2938 655 2972 quoque
686 2926 721 2959 H
746 2931 860 2958 recte:

52 2971 115 3009 διὰ
139 2971 205 3017 μὲν
230 2972 302 3017 ἄρα
323 2975 446 3015 gmon,
471 2973 563 3019 quod
580 2973 614 3006 in
634 2972 786 3006 ordinem
803 2983 860 3004 re-

53 3026 188 3065 ceptum
212 3020 375 3066 oportuit.
409 3021 452 3054 de
476 3031 540 3053 usu
566 3017 859 3064 proceleusmatici

882 788 917 821 in
954 786 1018 818 hoc
1049 787 1159 818 metro
1191 780 1337 814 diximus
1370 788 1446 811 ann.
1472 776 1516 809 ad
1541 773 1588 821 β’,
1612 773 1692 808 651.

882 832 938 867 hic
962 831 1098 875 quidem
1124 834 1159 862 ct
1183 827 1317 861 duobus
1342 823 1407 857 illis
1429 821 1513 856 locis
1528 819 1694 854 similibus

881 881 933 926 τῷ
965 877 1010 922 ἂρ
1035 876 1151 910 fraudi
1183 873 1292 907 fuisse
1317 869 1455 904 videtur
1480 865 1548 902 ἀσ-
1573 865 1695 904 simile,

883 926 974 970 quod
1009 922 1176 967 sequitur.
1215 939 1259 944 —
1313 914 1518 962 ὄβριμον
1553 914 1694 946 Barocc.

883 972 985 1005 Cant.
1010 970 1104 1014 Lips.
1130 968 1235 1006 Ven.‚
1260 964 1321 1005 W,
1344 964 1389 997 ll.
1419 961 1543 1004 vulgo:
1569 957 1696 1003 ὄμβρι-

884 1031 976 1062 μον,
1010 1022 1048 1049 ut
1082 1014 1224 1048 variare
1256 1011 1344 1044 solet
1377 1007 1551 1051 scriptura
1574 1006 1609 1038 in
1635 1005 1697 1037 hoc

886 1063 1066 1099 vocabulo.
1087 1061 1168 1094 sch.
1197 1057 1354 1103 quidem:
1379 1052 1572 1099 ὄμβριμον.
1597 1052 1696 1094 ἰσχυ-

886 1110 964 1156 ρόν.
1000 1108 1059 1142 sed
1087 1104 1268 1140 annotavit
1291 1104 1336 1143 H,
1360 1099 1570 1145 antiquiores
1584 1108 1699 1142 gram-

888 1157 1053 1195 maticos,
1093 1150 1328 1196 Apollonium,
1365 1148 1503 1191 Etym.,
1534 1144 1698 1187 Hesych„

887 1211 956 1237 tum
982 1200 1081 1235 codd.
1108 1198 1242 1243 priscos
1258 1220 1266 1234 ,
1298 1196 1426 1228 habere
1459 1203 1572 1226 omnes
1598 1190 1699 1236 ὄβρι-

887 1262 976 1293 μος,
1001 1260 1022 1281 a
1046 1248 1128 1292 βρῐ,
1152 1241 1326 1290 βριαρὸς,
1353 1237 1493 1297 βΙριμώ,
1517 1250 1580 1271 nec
1603 1235 1701 1291 cogi:-

888 1296 1029 1330 tandum
1064 1304 1139 1326 esse
1171 1291 1215 1323 de
1248 1300 1332 1322 voce
1358 1288 1519 1331 ομβρος,
1554 1295 1629 1318 cum
1655 1285 1701 1323 δ,

889 1343 967 1377 453.
997 1338 1151 1384 ὄβριμον
1177 1335 1279 1377 ’ὕδωρ
1311 1334 1446 1368 dicatur
1468 1343 1562 1376 aqua
1594 1331 1701 1374 impe-

891 1395 1001 1423 tunsa.
1036 1388 1081 1420 cf.
1105 1385 1210 1419 Schn.
1236 1394 1268 1415 v.
1293 1378 1458 1427 ὄβριμος.

938 1458 1017 1491 358.
1074 1468 1102 1489 π
1116 1466 1134 1487 ο
1148 1456 1165 1487 λ
1178 1465 1198 1486 υ
1214 1452 1246 1486 δ.
1291 1441 1702 1484 πολυκατασκευάστου,

891 1505 1073 1538 ποικίλου.
1099 1500 1182 1533 Sch.
1217 1497 1262 1531 cf.
1289 1495 1335 1536 δ’,
1365 1497 1450 1534 135,
1476 1496 1517 1534 6,
1543 1490 1596 1535 ω’,
1618 1491 1700 1532 597,

892 1560 997 1593 supra
1019 1548 1089 1582 327
1114 1550 1181 1579 etc.
1208 1562 1253 1568 -—-
1288 1542 1354 1586 ηρ.
1380 1541 1515 1586 plusqu.
1542 1548 1634 1583 pass.
1658 1537 1702 1570 ab

892 1595 1031 1639 ἐρείδω.
1083 1591 1184 1634 „vim
1218 1588 1306 1622 ictus
1340 1588 1374 1620 in
1404 1586 1594 1630 asperitate
1629 1582 1703 1615 soni

894 1642 1084 1686 agnoscunt
1108 1635 1237 1671 Scholl.
1264 1635 1292 1667 B
1317 1638 1352 1667 et
1375 1633 1498 1676 Lips.“
1523 1631 1577 1663 Ex
1597 1630 1703 1662 11.—

894 1689 1011 1722 eadem
1034 1686 1195 1729 leguntur
1213 1679 1260 1726 η’,
1278 1680 1359 1721 244,
1378 1677 1599 1719 alm—253„
1623 1675 1703 1718 357,

895 1736 927 1769 S.
953 1733 1054 1767 etiam
1080 1730 1122 1772 λ’,
1147 1730 1235 1769 435,
1261 1729 1314 1769 6.,
1345 1729 1379 1759 et
1400 1725 1480 1761 358.
1507 1721 1554 1764 δ’,
1578 1723 1657 1757 136.

941 1803 1021 1837 359.
1069 1798 1196 1843 scripsi
1233 1794 1407 1838 ἀντικρύς
1449 1805 1511 1839 pro
1553 1790 1704 1834 ἀντικρύ

895 1848 1052 1891 Bentlejo
1079 1851 1114 1879 et
1138 1845 1279 1889 Payneo
1299 1840 1471 1886 Knightio
1495 1839 1707 1881 auctoribus,

897 1907 971 1928 cum
1005 1898 1179 1938 postrema
1213 1891 1283 1925 τοῦ
1315 1885 1467 1930 ἀντικρῦ
1497 1884 1709 1929 corripiatur

897 1940 936 1982 ε’,
963 1940 1041 1975 130.
1065 1944 1196 1972 temere
1221 1936 1307 1970 enim
1333 1935 1364 1969 Ε
1394 1935 1437 1967 ad
1462 1930 1508 1978 η’,
1533 1932 1635 1967 363.:
1661 1929 1706 1964 τά

895 1986 1023 2030 μέντοι
1057 1981 1229 2026 ἄντικρυς
1260 1979 1472 2026 (ἀντικρύς)
1507 1980 1582 2013 τῶν
1614 1974 1708 2020 μεθ’

886 2030 1059 2077 ’Όμηρόν
1071 2029 1157 2071 ἐστι,
1171 2030 1232 2065 καὶ
1249 2029 1415 2071 ἓτεροῖαν
1430 2026 1614 2070 σημασίαν
1626 2023 1710 2068 ἔχει.

899 2091 997 2125 quem
1022 2084 1136 2112 tamen
1171 2082 1206 2110 et
1237 2076 1347 2121 ipsum
1372 2075 1462 2107 hanc
1485 2073 1626 2105 formam
1649 2070 1711 2104 ad-

898 2126 1054 2165 mittere,
1079 2123 1275 2167 ubicunque
1299 2126 1408 2155 metro
1434 2122 1629 2163 congruat,
1653 2128 1709 2161 ap.

898 2174 998 2206 Hom.
1025 2171 1075 2204 ait
1098 2170 1167 2203 Th.
1194 2171 1227 2211 §.
1255 2170 1331 2209 198,
1357 2169 1391 2203 5.
1417 2164 1620 2208 Aeschylus,
1637 2163 1710 2196 Ho—

901 2219 984 2252 meri
1005 2216 1298 2253 studiosissimus,
1324 2214 1409 2247 Cho.
1439 2213 1539 2246 178.:
1576 2207 1644 2254 ἐγώ
1672 2207 1710 2244 δ’

903 2263 1004 2304 ὅπως
1027 2261 1095 2307 μὲν
1129 2260 1305 2304 ἀντικρύς
1335 2255 1423 2294 τάδ’
1458 2255 1615 2297 αἰνέσω,
1649 2267 1712 2289 nec

901 2311 1004 2345 aliter
1041 2309 1215 2353 Aristoph.
1248 2307 1402 2353 pluribus
1433 2305 1469 2338 iu
1502 2303 1598 2337 locis·
1662 2301 1712 2335 sic

901 2356 1082 2402 μεσσηγὺς
1108 2360 1143 2388 et
1166 2353 1326 2399 μεσσηγύ
1361 2350 1425 2396 (0‘,
1450 2351 1541 2391 316,
1566 2347 1620 2391 ψ’,
1646 2348 1710 2382 541

901 2409 1006 2446 etc),
1031 2404 1182 2446 itemque
1206 2398 1326 2440 οὕτως
1350 2396 1470 2438 οὕτω,
1506 2397 1629 2440 μέχρις
1653 2394 1715 2438 με’-

901 2463 979 2494 χρι,
1004 2445 1120 2488 αὖθις
1142 2444 1258 2488 αὖθι,
1283 2448 1358 2480 sine
1379 2443 1575 2478 discrimine
1595 2442 1713 2475 dicun-

902 2504 969 2529 tur.
1005 2508 1037 2529 v,
1065 2495 1095 2528 E
1119 2496 1163 2528 ad
1189 2492 1227 2534 ε’,
1249 2497 1327 2530 100.
1361 2504 1424 2525 nec
1441 2489 1625 2534 quidquam
1643 2499 1714 2521 mo-

902 2541 1006 2576 menti
1031 2542 1134 2575 habet
1157 2540 1252 2577 illud,
1278 2539 1369 2584 quod
1396 2536 1498 2571 hodie
1522 2536 1634 2568 forma
1651 2530 1715 2569 ἀν-

903 2587 1029 2631 τικρὺς
1053 2587 1170 2621 exulat
1196 2587 1238 2620 ab
1253 2585 1393 2619 Homeri
1419 2581 1639 2622 carminibus,
1653 2579 1714 2613 sed

904 2635 1064 2669 videntur
1102 2632 1317 2677 grammatici
1351 2631 1439 2664 male
1470 2627 1602 2667 seduli,
1639 2626 1715 2659 dum

903 2681 969 2715 sibi
989 2685 1150 2714 constare
1167 2679 1298 2719 volunt,
1317 2689 1389 2711 eam
1407 2675 1639 2709 oblitterasse.
1661 2684 1716 2705 ce-

905 2734 1013 2762 terum
1042 2724 1274 2769 ἀντικρῦς
1298 2725 1374 2757 sive
1400 2720 1554 2763 ἀντικρύ
1582 2718 1715 2762 signifi-

906 2778 963 2807 cat
981 2773 1018 2816 ἐξ
1033 2771 1214 2813 ἐναντίας.
1239 2784 1271 2804 v.
1287 2771 1356 2804 Th.
1375 2770 1397 2803 l.
1420 2780 1450 2804 c.
1471 2768 1588 2800 Voss.:
1610 2764 1715 2809 grad'

905 2820 1075 2853 hindurch
1093 2831 1139 2852 an
1159 2820 1221 2852 cler
1238 2818 1365 2851 weiche
1379 2817 1437 2849 des
1450 2813 1578 2846 bauchs
1595 2810 1714 2843 durch-

905 2867 1035 2900 schnitt
1066 2866 1117 2899 sie
1158 2866 1223 2899 [len
1258 2864 1405 2897 leibrock
1438 2857 1637 2893 Stic'rmcnd.
1671 2875 1717 2881 —-

906 2913 1011 2946 Scin:
1035 2913 1185 2955 παραὶ
1213 2914 1312 2946 λαπ.
1347 2904 1448 2952 παρά
1474 2904 1542 2948 τήν
1565 2900 1715 2947 λαγόνα.

907 2960 984 2994 δια
996 2971 1033 3003 μ.
1061 2958 1234 3004 διέκοψε,
1259 2956 1409 3000 διέτεμε.
1443 2964 1526 2996 χιτ.
1554 2948 1619 2986 τὸν
1637 2946 1717 2984 θώ-

906 3018 1012 3050 ρακα.
