1811 3269
592 159 1025 200 ΙΛΙΑΔΟΣ
1082 159 1130 199 Γ.

1619 155 1701 196 191

206 269 589 326 αὐτοκασιγνήτω,
620 269 682 314 τιό
713 286 789 326 μοι
817 271 896 325 μία
925 270 1099 324 γείνατο
1132 282 1288 324 μητηρ.

201 330 231 386 ἢ
261 329 342 384 οὐχ
372 327 591 397 ἑσπέσθην
620 327 954 397 Λακεδαίμονος
984 325 1026 377 ἐξ
1056 325 1295 380 ἐρατεινῆς,

89 391 172 434 240
201 388 230 444 ἢ
259 389 392 442 δεῦρο
423 385 502 453 μὲν
532 383 691 427 ἕποντο
722 381 864 427 νέεσσ’
899 383 963 426 ἔνι
992 382 1356 434 ποντοπόροισιν,

202 447 286 487 νῦν
321 440 418 484 αὕτ’
449 439 532 484 οὐκ
567 441 771 484 ἐθέλουσι
801 437 946 483 πόνον
975 438 1280 508 καταδύμεναι
1304 435 1501 491 άνδρῶν,

202 501 350 554 αἴσχεα
380 497 587 548 δειδιότες
617 499 693 541 καὶ
721 497 891 541 ὀνείδεα
921 494 1062 547 πόλλ’,
1096 495 1123 538 ἄ
1157 496 1234 550 μοί
1264 493 1392 537 εστιν
1401 499 1425 517 “

267 555 352 606 “Ὼς
382 553 518 610 φάτο·
549 554 655 606 τούς
689 553 733 598 δ’
764 553 848 611 ἤδη
883 552 1058 606 κατέχεν
1089 554 1300 606 φυσίζοος
1330 548 1406 594 αἶα

201 611 251 655 ἐν
280 614 596 667 Λακεδαίμονι,
630 609 763 662 αὖθι,
796 612 903 667 φίλη
937 609 983 652 ἐν
1014 610 1191 661 πατρίδι
1220 610 1336 665 γαίῃ.

250 697 394 725 vocatus
419 690 561 726 advenit
583 691 761 733 Priamus,
786 691 910 725 comite
933 691 1129 728 Antenore,
1166 688 1358 732 foedusque
1390 685 1584 732 percutitur
1608 683 1701 717 anti—

169 749 237 783 quo
261 737 333 771 ritu
357 738 452 771 hisce
476 738 628 781 legibus,
654 743 713 777 ut,
740 743 817 771 uter
841 738 984 772 alterum
1009 734 1154 775 vicerit,
1180 734 1346 767 Helenam
1368 735 1509 777 ejusque
1533 742 1615 777 opes
1638 731 1699 764 ha-

168 785 271 827 beat,
299 784 445 828 'lrojani
468 792 582 818 autem
606 783 788 817 inferiores
813 794 952 828 gravem
977 780 1114 814 multam
1139 780 1289 825 pendant
1316 779 1466 814 Achivis.

89 854 171 898 245

289 851 493 914 Κήρυκες
526 849 565 894 6'
598 849 683 895 άνα
715 850 824 894 άστυ
853 854 974 894 θεῶν
1004 849 1143 904 φέρον
1174 847 1346 918 ὅρκια
1333 845 1478 897 πιστὰ,

204 906 309 962 ἄρνε
341 907 434 951 δυω
465 908 538 951 καὶ
569 906 695 951 οἶνον
725 906 948 964 ἐΰφρονα,
987 906 1158 959 καρπὸν
1190 902 1404 960 ἀρούρης,

201 963 322 1020 άσκῷ
351 965 399 1008 ἐν
429 966 600 1022 αἰγείῳ·
632 965 738 1022 φέρε
770 965 817 1009 δὲ
846 968 1043 1021 κρητῆρα
1072 962 1259 1019 φαεινόν

30 1079 152 1115 ἴσασιν
176 1076 364 1123 ἀδελφοῦς
388 1078 424 1113 οὶ
450 1077 666 1124 ἄνθρωποι,
691 1078 781 1120 τούς
803 1078 843 1115 δὲ

28 1125 309 1171 άμφιμητρίυυς
335 1126 492 1161 οἴονται.
516 1146 561 1150 -
597 1127 642 1160 Ε.
689 1126 843 1170 Longum

32 1179 87 1207 est
110 1173 146 1206 in
171 1173 210 1206 B.
235 1173 388 1206 scholion
413 1173 605 1217 antiquius,
631 1184 649 1206 e
670 1184 737 1217 quo
758 1174 843 1207 hau-

29 1231 107 1253 sere
142 1219 273 1259 ceteri,
311 1219 369 1264 qui
402 1219 529 1252 factum
561 1219 627 1259 sit,
658 1224 695 1252 ut
725 1231 788 1264 per
821 1221 843 1254 9

31 1276 138 1300 annos
162 1264 350 1298 resciscere
374 1276 442 1299 non
470 1271 587 1310 posset
611 1265 756 1305 Helena,
782 1276 843 1299 su-

31 1311 240 1356 perstitesne
269 1315 384 1343 essent
418 1312 566 1352 fratres,
601 1322 718 1344 necne.
777 1323 845 1345 non

29 1358 188 1401 legerant
211 1356 424 1401 grammatici
447 1356 666 1391 Aristotelem
690 1357 777 1390 libro
802 1357 845 1390 de

30 1404 198 1445 Poetica,
222 1403 399 1436 docentem
415 1428 424 1445 ,
461 1414 503 1436 ea
528 1414 615 1447 quae
641 1408 721 1436 sunt
745 1408 846 1436 extra

31 1450 171 1490 drama,
197 1449 355 1493 adeoque
380 1454 417 1482 et
441 1455 540 1482 extra
565 1448 698 1493 epicam
726 1460 847 1482 narra-

31 1496 178 1536 tionem,
203 1494 236 1528 in
262 1506 399 1529 censum
420 1507 486 1528 non
511 1495 641 1527 venire.
661 1495 714 1527 Ex
730 1494 777 1528 Η.
804 1495 847 1528 de

32 1542 182 1576 Castore
207 1545 242 1574 et
265 1541 403 1575 Polluce
427 1541 471 1574 cf.
499 1540 627 1584 Odyss.
653 1538 695 1580 λ’,
724 1541 846 1575 298-

30 1588 109 1624 304.
135 1588 181 1623 U.

76 1635 157 1670 238.
207 1630 310 1668 αὐτ.
354 1631 443 1672 τούς
468 1630 505 1674 ἐξ
529 1627 749 1676 ἀμφοτέρων
775 1631 848 1666 τῶν

31 1680 169 1725 γονέων
192 1681 383 1731 γνησίους
392 1675 590 1723 ἀδελφούς.
612 1698 656 1702 -
682 1679 765 1712 Sch.
799 1677 847 1710 si-

32 1727 158 1761 militer
181 1728 247 1770 Ap.
271 1739 304 1761 v.
336 1724 662 1769 nc6rowoly-vmov
721 1724 774 1757 de.
781 1724 847 1758 nde

33 1774 119 1807 haec
152 1772 268 1806 addit:
303 1772 467 1816 λέγονται
505 1771 657 1814 (scrib..
683 1769 846 1805 αὐτοκα-

34 1821 199 1875 σίγνητοι
223 1819 312 1874 λέγ.)
345 1820 407 1854 καὶ
434 1818 469 1854 οἱ
495 1818 533 1852 ἐκ
558 1817 695 1872 μητρός
719 1815 847 1861 μόνης,

34 1880 84 1907 ως
109 1866 146 1900 οἱ
171 1864 416 1909 Διόσκουροι·
443 1861 671 1908 Κάστορά
696 1862 741 1899 θ
770 1863 845 1898 in-

35 1927 61 1947 π
75 1911 94 1947 6
109 1913 130 1946 6
142 1925 165 1945 α
175 1924 200 1955 μ
213 1924 232 1946 ο
246 1925 267 1945 ν
293 1917 356 1946 etc

79 1960 200 1995 239-
211 1959 291 1993 242.
341 1958 452 1992 solent
478 1958 565 1991 haec
587 1956 734 2000 intelligi
760 1955 849 1999 ε’ρω-

34 2004 264 2057 τηματικῶς,
290 2005 388 2049 quasi
414 2015 527 2037 secum
551 2004 715 2048 loquente
742 2003 848 2036 Hele-

35 2064 102 2093 na,
127 2051 206 2091 vel,
237 2050 265 2083 si
290 2051 356 2084 diis
381 2051 517 2095 placet,
551 2060 651 2083 senes
676 2050 849 2092 Trojauos

33 2098 270 2141 interrogante
304 2098 348 2131 de
383 2108 442 2135 re,
481 2108 581 2141 quam
616 2096 693 2140 ipsa
727 2095 848 2128 melius

34 2144 124 2179 scire
158 2148 273 2188 potest
308 2155 409 2188 quam
433 2123 493 2176 illi.
550 2150 647 2175 recte
680 2141 848 2182 Nicanor,

34 2190 79 2232 E,
104 2190 187 2223 Seli.
234 2189 388 2224 Hessus:
412 2200 493 2234 quos
514 2200 580 2233 ego
601 2189 655 2221 vel
671 2199 847 2232 nunquam

34 2237 297 2270 Lacedaemone
328 2237 428 2270 credo
457 2241 649 2280 proJectos,
692 2235 752 2267 l'cl
779 2246 848 2279 pa-

34 2284 139 2319 triam
160 2283 300 2316 rediisse
320 2284 387 2317 cito
403 2293 467 2326 per
487 2283 628 2315 caerula
656 2292 755 2314 cursu
776 2283 845 2315 Ae-

35 2341 162 2374 quora,
187 2329 348 2364 militiam
373 2330 605 2372 diuturnaque
634 2329 724 2361 bella
745 2339 847 2371 pero-

35 2388 110 2415 sos,
144 2375 244 2408 Hanc
273 2388 316 2409 ne
344 2377 569 2420 ignominiam
595 2380 768 2415 nostiam,
805 2385 847 2407 ne

34 2428 135 2465 turpe
153 2423 278 2455 sororis
303 2423 459 2480 Πεάεομε
479 2423 646 2466 aspiciant
668 2422 822 2454 miserae.

83 2468 162 2502 241.
211 2470 296 2503 νῦν
322 2463 426 2505 αὗτ
431 2494 439 2502 .
481 2468 513 2501 h.
547 2480 577 2502 e
614 2468 682 2501 νῦν
716 2466 768 2502 δέ.
802 2486 847 2491 -

36 2513 210 2555 πόνον,
235 2520 406 2549 servatum
431 2515 473 2548 ab
499 2514 528 2548 E
555 2519 590 2547 et
612 2514 693 2547 sch.
705 2539 715 2554 ,
746 2514 848 2557 longe

39 2561 229 2604 elegantius
255 2567 308 2595 est
331 2574 385 2595 vu
380 2562 472 2606 gato
489 2559 627 2604 μάχην.
677 2560 769 2604 quod
795 2559 848 2592 in-

38 2611 210 2662 terpretes
234 2607 327 2641 haud
351 2608 454 2641 dubie
477 2608 723 2661 appinxerunt
745 2605 847 2638 Sch.:

39 2651 185 2688 πόνον
231 2656 529 2710 περιφραστικώς
571 2652 636 2687 τὸν
675 2665 712 2685 πι
715 2650 848 2695 ’λε-μον.

41 2698 92 2732 sic
114 2699 182 2733 dici
203 2700 291 2735 solet
314 2701 450 2741 πόνος,
481 2713 597 2739 maog
619 2697 734 2738 αἰπύς
758 2704 846 2732 etc.:

41 2755 76 2780 v.
98 2743 140 2786 λ’,
163 2747 248 2788 600,
273 2745 316 2788 ν’,
342 2747 431 2788 344,
460 2745 503 2789 ρ’,
529 2748 594 2781 158
618 2753 685 2779 etc.

87 2790 166 2825 242.
214 2793 390 2838 αἰᾘσχεα
423 2791 620 2837 αἰσχυνας,
644 2788 778 2837 ὕβρεις.
801 2809 848 2815 -

4 2855 9 2856 ⁷
42 2837 124 2871 sch.
162 2841 220 2872 aut
249 2851 326 2873 non
347 2841 528 2875 advenisse
566 2842 667 2885 putat
705 2837 847 2877 fratres,

40 2889 102 2917 aut
126 2882 320 2921 detrectare
342 2898 491 2932 pugnam
517 2896 579 2931 pro
603 2895 722 2918 sorore
750 2883 848 2926 igno-

39 2929 195 2964 miniosa.

85 2976 166 3012 243.
201 2975 476 3018 τούς-αἶα.
501 2976 722 3021 significatur
738 2984 848 3015 mors3

40 3020 122 3057 nihil
154 3023 312 3069 amplius.
367 3029 490 3070 argute
521 3023 622 3058 Sch.:
657 3022 764 3058 οὑτοι
794 3017 849 3065 δὲ,

891 1078 1018 1134 φησὶν,
1042 1072 1137 1121 ἦσαν
1161 1074 1406 1120 μεταστάντες
1423 1073 1461 1117 ἐξ
1479 1072 1704 1117 άνθρωπων,

890 1128 953 1161 καὶ
987 1123 1062 1161 ὑπό
1089 1126 1157 1169 γῆν
1185 1122 1393 1162 διετέλουν,
1429 1119 1488 1157 cz}
1519 1134 1586 1177 μεν
1615 1120 1703 1161 ζῶν-

890 1185 969 1215 τες,
1009 1169 1068 1206 ὅτε
1110 1170 1149 1205 δὲ
1185 1167 1428 1222 τεθνηκότες,
1465 1181 1533 1202 κατ
1587 1164 1706 1200 αὑτὸν

890 1219 958 1255 τόν
988 1215 1148 1262 ποιητὴν
1183 1224 1250 1251 etc.
1309 1215 1492 1269 perierant
1520 1214 1646 1247 Castor
1671 1216 1706 1245 et

891 1266 1015 1300 Pollux
1040 1264 1074 1298 in
1099 1276 1215 1310 pugna
1240 1274 1313 1296 cum
1341 1261 1494 1306 Apharei
1519 1260 1619 1299 filiis,
1642 1258 1707 1292 Ida

891 1318 927 1346 et
950 1311 1099 1356 Lynceo.
1145 1323 1178 1343 v
1206 1309 1306 1342 Pind.
1331 1308 1432 1342 Nem
1458 1309 1524 1348 10,
1551 1309 1580 1340 Α
1604 1286 1706 1362 jen,

893 1358 1051 1403 Apollod.
1075 1358 1110 1399 3,
1139 1358 1194 1397 11,
1219 1357 1265 1398 2.,
1288 1354 1441 1389 Proclus.
1489 1333 1707 1392 Sch.:''160c9

892 1418 955 1439 και
978 1402 1161 1448 Λυγκεύς,
1187 1400 1368 1445 Ἀφαρέως
1391 1401 1537 1440 παῖδες,
1562 1396 1707 1455 γάμους

893 1449 1053 1491 θύοντες
1103 1450 1176 1483 τῶν
1216 1448 1433 1483 Λευκίππου
1486 1443 1707 1501 θυγατερων

897 1500 961 1532 Φο
961 1499 1034 1543 ’βης
1067 1496 1129 1531 καὶ
1164 1492 1361 1539 Ιλαείρας,
1403 1492 1577 1528 ἐκάλεσαν
1615 1490 1706 1532 τούς

894 1539 1167 1585 Διοσκούρους,
1201 1543 1384 1598 συγγενεῖς
1418 1535 1599 1596 &mag-13
1634 1537 1704 1583 ’γάρ

898 1589 1123 1630 Τυνδάρεως
1142 1587 1328 1642 Ἀφαρέως
1352 1585 1515 1629 ἀδελφὸς
1546 1580 1602 1630 ἦν.
1649 1584 1705 1620 λε’-

892 1649 993 1682 γεται
1020 1634 1080 1676 ὀε,
1106 1631 1193 1675 τούς
1218 1630 1472 1675 Διοσκούρους
1498 1630 1706 1675 ἐξαρπάσαι

893 1683 961 1723 τὰς
982 1681 1096 1726 κόροις
1122 1682 1174 1716 ἔτι
1198 1680 1415 1725 παρθένους
1433 1677 1558 1719 ου’σας.
1591 1691 1705 1721 μαχο-

892 1732 1013 1775 μένων
1039 1728 1078 1764 δὲ
1103 1725 1229 1763 αὐτῶν
1263 1741 1344 1772 περι
1377 1727 1447 1760 τοῦ
1470 1724 1590 1780 γάμου
1614 1738 1704 1766 καρ-

892 1778 1004 1820 τερῶς
1029 1775 1213 1821 άνηρητοιι
1237 1773 1412 1816 Κάστωρ
1451 1771 1541 1810 ὅθεν
1566 1768 1585 1807 ὁ
1615 1769 1706 1813 Ζεύς

894 1823 1081 1869 ὁργισθεις
1120 1823 1287 1867 κεραυνῷ
1320 1819 1446 1875 βάλλει
1488 1817 1556 1854 τὸν
1587 1814 1705 1863 Ἰδαν,

892 1872 1173 1913 παραμυθεῖται
1199 1868 1238 1904 δε
1271 1866 1514 1923 Πολυδεύκηι
1527 1891 1537 1908 ,
1569 1865 1631 1900 και
1652 1867 1706 1900 τί-

893 1921 1005 1953 θεται
1030 1914 1131 1966 αὐτῷ
1158 1916 1321 1971 αἵρεσιν,
1345 1911 1516 1970 πότερον9
1535 1911 1638 1947 θέλει
1663 1909 1706 1946 ά-

893 1963 1064 2003 θάνατος
1098 1962 1215 2003 εἶναι,
1253 1957 1274 2005 ἢ
1311 1959 1378 1995 σὺν
1409 1961 1461 2005 τῷ
1494 1958 1644 2006 ἀδελφῷ
1665 1957 1708 2003 ἐξ

893 2012 1014 2067 μῆνας
1047 2010 1239 2055 τελευτᾶν,
1273 2007 1334 2042 καὶ
1368 2007 1457 2047 τούς
1492 2008 1598 2046 ἰσους
1630 2006 1708 2052 ζῇν.

897 2056 916 2092 ὁ
954 2057 993 2092 δὲ
1027 2056 1166 2099 μᾶλλον
1199 2055 1361 2096 αἱρεῖται
1389 2050 1481 2097 μετὰ
1515 2052 1709 2109 Κάστορος

895 2103 1107 2139 ἀποθανεῖν
1143 2101 1205 2138 καὶ
1237 2103 1314 2146 ζῇν.
1375 2099 1397 2145 ἡ
1432 2100 1579 2142 ἱστορία
1604 2099 1708 2155 παρὰ

894 2150 1083 2194 Πινδάρῳ.
1132 2150 1244 2183 idem:
1271 2149 1523 2201 φυσίζοος.
1543 2167 1580 2171 -
1612 2144 1634 2192 ἡ
1661 2143 1706 2181 τά

893 2197 988 2239 πρὸς
1019 2195 1116 2241 ζωὴν
1151 2194 1277 2239 (ζὸηι,
1301 2194 1434 2237 Ionice)
1470 2205 1622 2238 φυουσα
1646 2207 1709 2229 και

895 2244 1124 2288 δωρουμένη.
1177 2243 1286 2275 forma
1311 2248 1348 2275 ut
1373 2240 1531 2275 vocabuli
1555 2241 1708 2286 πηγεσί-

892 2295 1029 2337 μαλλος
1057 2292 1158 2331 197.,
1185 2289 1244 2322 ubi
1269 2300 1300 2323 v.
1327 2299 1405 2322 ann.

940 2349 1019 2385 244.
1069 2348 1116 2384 ἐν
1139 2351 1248 2382 Λακ.
1275 2344 1485 2390 Therapnis,
1498 2344 1627 2390 oppido
1641 2345 1708 2379 La-

893 2397 1055 2437 conicae,
1088 2394 1146 2428 ubi
1181 2399 1215 2427 et
1238 2392 1399 2436 templum
1423 2391 1491 2424 fuit
1515 2391 1708 2425 Dioscuro-

894 2455 980 2477 rum.
1016 2455 1050 2475 v.
1079 2440 1206 2474 Cellar.
1234 2443 1265 2475 1.
1291 2450 1325 2482 p.
1341 2439 1441 2472 1203.
1459 2438 1540 2471 Sch.
1570 2434 1706 2473 αυθι.

896 2488 1048 2524 αὐτόθι.
1093 2488 1202 2521 verba
1237 2487 1324 2530 φίλῃ
1351 2483 1390 2519 ἐν
1414 2496 1452 2518 π.
1478 2497 1512 2529 γ.
1551 2484 1708 2529 subjecta

894 2542 975 2570 sunt
998 2546 1061 2580 per
1085 2533 1313 2578 ἐπεξήγησιν.

941 2594 1020 2628 245.
1069 2589 1159 2626 civ&
1195 2588 1333 2630 ἄστυ,
1366 2600 1431 2633 per
1450 2589 1577 2622 urbem.
1627 2584 1706 2632 ὅρ-

893 2653 986 2675 κια.
1032 2638 1078 2673 τοὶ
1105 2639 1157 2678 εἰς
1182 2635 1293 2680 όρκον
1317 2635 1488 2680 χρήσιμα,
1514 2633 1560 2668 τοὶ
1582 2632 1620 2668 ἐν
1645 2633 1705 2678 ὅρ-

893 2700 974 2728 κοις
997 2684 1175 2731 χρειώδη,
1210 2682 1298 2730 ἄρνε
1324 2681 1394 2718 δύο
1420 2696 1482 2717 και
1508 2680 1624 2716 οἶνον.
1661 2700 1703 2706 —

893 2735 950 2768 Ex
975 2733 1016 2766 E.

938 2783 1019 2820 247.
1069 2780 1190 2827 άσκῷ
1214 2781 1261 2817 ἓν
1286 2782 1382 2840 ⁰2:²²¹
1402 2800 1447 2806 —-
1473 2777 1522 2819 ὦς
1547 2777 1586 2814 ἐκ
1613 2789 1704 2834 προ-

893 2831 1013 2878 βάτου
1038 2843 1105 2875 μεν
1131 2829 1200 2864 οὐκ
1223 2825 1270 2865 ἂν
1297 2826 1408 2868 ἀσκὸς
1431 2824 1628 2882 εὔχρηστος
1647 2821 1705 2868 γε’·-

893 2892 1021 2920 νοιτο,
1046 2877 1084 2920 ἐξ
1109 2876 1214 2921 αἰγὸς
1238 2875 1375 2912 δέ.οἱ
1402 2872 1442 2908 δὲ
1463 2870 1618 2916 ὕστερον
1641 2870 1704 2905 καὶ

895 2924 1022 2981 βόειον
1046 2922 1160 2959 άσκόν
1190 2920 1549 2967 καινοπραγήσαντες
1573 2917 1626 2958 εἰς
1649 2916 1706 2951 οἷ’·

894 2984 964 3008 νου
998 2968 1146 3026 άγγεῖον
1180 2971 1232 3012 εἰς
1255 2969 1442 3011 ἑτεροίους
1466 2963 1621 3008 καιρούς
1649 2962 1704 3006 εξ-

896 3020 1006 3063 εῦρον
1053 3014 1180 3053 αὐτόν.
1212 3035 1252 3041 —-
1299 3016 1355 3049 Ex
1389 3014 1430 3047 E.
1498 3011 1544 3045 cf.
1587 3009 1703 3045 Feith.
