<?xml version="1.0" encoding="UTF-8"?>
<!DOCTYPE html PUBLIC "-//W3C//DTD XHTML 1.0 Transitional//EN"
    "http://www.w3.org/TR/xhtml1/DTD/xhtml1-transitional.dtd">
<html xmlns="http://www.w3.org/1999/xhtml" xml:lang="en" lang="en">
 <head>
  <title>
</title>
<meta http-equiv="Content-Type" content="text/html;charset=utf-8" />
  <meta name='ocr-system' content='tesseract 3.04.00' />
  <meta name='ocr-capabilities' content='ocr_page ocr_carea ocr_par ocr_line ocrx_word'/>
</head>
<body>
  <div class='ocr_page' id='page_1' title='image "./carmina01home/carmina01home_0483.png"; bbox 0 0 1811 3269; ppageno 0'>
   <div class='ocr_carea' id='block_1_1' title="bbox 623 124 1161 167">
    <p class='ocr_par' dir='ltr' id='par_1_1' title="bbox 623 124 1161 167">
     <span class='ocr_line' id='line_1_1' title="bbox 623 124 1161 167; baseline 0 -2"><span class='ocrx_word' id='word_1_1' title='bbox 623 124 1055 167; x_wconf 86' lang='grc' dir='ltr'><em>ΙΛΙΛΔΟΣ</em></span> <span class='ocrx_word' id='word_1_2' title='bbox 1111 129 1161 166; x_wconf 87' lang='grc' dir='ltr'>Λ.</span> 
     </span>
    </p>
   </div>
   <div class='ocr_carea' id='block_1_2' title="bbox 229 238 386 278">
    <p class='ocr_par' dir='ltr' id='par_1_2' title="bbox 229 238 386 278">
     <span class='ocr_line' id='line_1_2' title="bbox 229 238 386 278; baseline 0 -1"><span class='ocrx_word' id='word_1_3' title='bbox 229 238 386 278; x_wconf 73' lang='grc' dir='ltr'><em>θῦνον</em></span> 
     </span>
    </p>
   </div>
   <div class='ocr_carea' id='block_1_3' title="bbox 1668 134 1724 174">
    <p class='ocr_par' dir='ltr' id='par_1_3' title="bbox 1668 134 1724 174">
     <span class='ocr_line' id='line_1_3' title="bbox 1668 134 1724 174; baseline 0.018 -1"><span class='ocrx_word' id='word_1_4' title='bbox 1668 134 1724 174; x_wconf 79' lang='lat'>87</span> 
     </span>
    </p>
   </div>
   <div class='ocr_carea' id='block_1_4' title="bbox 435 232 1516 291">
    <p class='ocr_par' dir='ltr' id='par_1_4' title="bbox 435 232 1516 291">
     <span class='ocr_line' id='line_1_4' title="bbox 435 232 1516 291; baseline 0.007 -15.1"><span class='ocrx_word' id='word_1_5' title='bbox 435 233 557 288; x_wconf 76' lang='grc' dir='ltr'><em>’Ἐρις</em></span> <span class='ocrx_word' id='word_1_6' title='bbox 587 234 628 277; x_wconf 86' lang='grc' dir='ltr'>δ’</span> <span class='ocrx_word' id='word_1_7' title='bbox 661 232 740 288; x_wconf 86' lang='grc' dir='ltr'>αρ’</span> <span class='ocrx_word' id='word_1_8' title='bbox 770 235 913 290; x_wconf 79' lang='grc' dir='ltr'><em>ἔχαιρε</em></span> <span class='ocrx_word' id='word_1_9' title='bbox 944 235 1219 286; x_wconf 79' lang='grc' dir='ltr'><em>πολύστονος</em></span> <span class='ocrx_word' id='word_1_10' title='bbox 1249 237 1516 291; x_wconf 75' lang='grc' dir='ltr'><em>εἰσορόωσα·</em></span> 
     </span>
    </p>
   </div>
   <div class='ocr_carea' id='block_1_5' title="bbox 138 290 1558 862">
    <p class='ocr_par' dir='ltr' id='par_1_5' title="bbox 232 290 1367 363">
     <span class='ocr_line' id='line_1_5' title="bbox 232 290 1367 363; baseline 0.003 -30"><span class='ocrx_word' id='word_1_11' title='bbox 232 293 303 346; x_wconf 81' lang='grc' dir='ltr'>οἴη</span> <span class='ocrx_word' id='word_1_12' title='bbox 331 290 415 361; x_wconf 85' lang='grc' dir='ltr'>γάρ</span> <span class='ocrx_word' id='word_1_13' title='bbox 445 291 501 344; x_wconf 81' lang='grc' dir='ltr'>ῥα</span> <span class='ocrx_word' id='word_1_14' title='bbox 530 295 651 334; x_wconf 77' lang='grc' dir='ltr'><em>θεῶν</em></span> <span class='ocrx_word' id='word_1_15' title='bbox 679 291 977 347; x_wconf 76' lang='grc' dir='ltr'><em>παρετύγχανε</em></span> <span class='ocrx_word' id='word_1_16' title='bbox 1006 293 1367 363; x_wconf 78' lang='grc' dir='ltr'><em>μαρναμένοισιν,</em></span> 
     </span>
    </p>

    <p class='ocr_par' dir='ltr' id='par_1_6' title="bbox 145 346 1427 632">
     <span class='ocr_line' id='line_1_6' title="bbox 145 346 1427 407; baseline 0.001 -14"><span class='ocrx_word' id='word_1_17' title='bbox 145 352 200 393; x_wconf 88' lang='grc'>75</span> <span class='ocrx_word' id='word_1_18' title='bbox 231 349 274 391; x_wconf 84' lang='grc' dir='ltr'>οἱ</span> <span class='ocrx_word' id='word_1_19' title='bbox 304 347 347 390; x_wconf 86' lang='grc' dir='ltr'>δ’</span> <span class='ocrx_word' id='word_1_20' title='bbox 379 346 503 390; x_wconf 78' lang='grc' dir='ltr'><em>ἄλλοι</em></span> <span class='ocrx_word' id='word_1_21' title='bbox 534 347 589 391; x_wconf 81' lang='grc' dir='ltr'>οὔ</span> <span class='ocrx_word' id='word_1_22' title='bbox 619 361 729 404; x_wconf 89' lang='grc' dir='ltr'><em>σφιν</em></span> <span class='ocrx_word' id='word_1_23' title='bbox 757 348 956 403; x_wconf 76' lang='grc' dir='ltr'><em>πάρεσαν</em></span> <span class='ocrx_word' id='word_1_24' title='bbox 985 350 1107 400; x_wconf 83' lang='grc' dir='ltr'><em>θεοὶ,</em></span> <span class='ocrx_word' id='word_1_25' title='bbox 1138 348 1249 393; x_wconf 75' lang='grc' dir='ltr'><em>ἄλλα</em></span> <span class='ocrx_word' id='word_1_26' title='bbox 1279 349 1427 407; x_wconf 78' lang='grc' dir='ltr'><em>ἕκηλοι</em></span> 
     </span>
     <span class='ocr_line' id='line_1_7' title="bbox 228 404 1326 476; baseline 0.002 -28"><span class='ocrx_word' id='word_1_27' title='bbox 228 409 410 459; x_wconf 85' lang='grc' dir='ltr'><em>σφοῖσιν</em></span> <span class='ocrx_word' id='word_1_28' title='bbox 440 404 505 447; x_wconf 81' lang='grc' dir='ltr'>ἐνὶ</span> <span class='ocrx_word' id='word_1_29' title='bbox 536 405 768 476; x_wconf 74' lang='grc' dir='ltr'><em>μεγάροισι</em></span> <span class='ocrx_word' id='word_1_30' title='bbox 795 408 1028 457; x_wconf 81' lang='grc' dir='ltr'><em>καθείατο,</em></span> <span class='ocrx_word' id='word_1_31' title='bbox 1062 408 1131 462; x_wconf 85' lang='grc' dir='ltr'>ῆχι</span> <span class='ocrx_word' id='word_1_32' title='bbox 1161 405 1326 464; x_wconf 79' lang='grc' dir='ltr'><em>ἑκάστῳ</em></span> 
     </span>
     <span class='ocr_line' id='line_1_8' title="bbox 226 451 1401 519; baseline 0.003 -15"><span class='ocrx_word' id='word_1_33' title='bbox 226 460 406 516; x_wconf 74' lang='grc' dir='ltr'><em>δώματα</em></span> <span class='ocrx_word' id='word_1_34' title='bbox 434 461 548 504; x_wconf 78' lang='grc' dir='ltr'><em>καλοὶ</em></span> <span class='ocrx_word' id='word_1_35' title='bbox 578 463 756 507; x_wconf 82' lang='grc' dir='ltr'><em>τέτυκτο</em></span> <span class='ocrx_word' id='word_1_36' title='bbox 787 463 896 506; x_wconf 78' lang='grc' dir='ltr'><em>κατὰ</em></span> <span class='ocrx_word' id='word_1_37' title='bbox 930 463 1095 517; x_wconf 83' lang='grc' dir='ltr'><em>πτύχας</em></span> <span class='ocrx_word' id='word_1_38' title='bbox 1128 451 1401 519; x_wconf 82' lang='grc' dir='ltr'><em>Οὐλύμποιο.</em></span> 
     </span>
     <span class='ocr_line' id='line_1_9' title="bbox 223 517 1271 590; baseline 0.003 -30"><span class='ocrx_word' id='word_1_39' title='bbox 223 518 382 569; x_wconf 85' lang='grc' dir='ltr'><em>πάντες</em></span> <span class='ocrx_word' id='word_1_40' title='bbox 413 518 458 560; x_wconf 88' lang='grc' dir='ltr'>δ’</span> <span class='ocrx_word' id='word_1_41' title='bbox 486 517 701 590; x_wconf 80' lang='grc' dir='ltr'><em>ᾐτιόωντο</em></span> <span class='ocrx_word' id='word_1_42' title='bbox 732 521 991 576; x_wconf 80' lang='grc' dir='ltr'><em>κελαινεφέα</em></span> <span class='ocrx_word' id='word_1_43' title='bbox 1022 522 1271 573; x_wconf 82' lang='grc' dir='ltr'><em>Κρονίωνα,</em></span> 
     </span>
     <span class='ocr_line' id='line_1_10' title="bbox 227 574 1334 646; baseline 0.002 -28"><span class='ocrx_word' id='word_1_44' title='bbox 227 574 377 618; x_wconf 79' lang='grc' dir='ltr'><em>οὕνεκ’</em></span> <span class='ocrx_word' id='word_1_45' title='bbox 409 574 494 629; x_wconf 90' lang='grc' dir='ltr'>άρα</span> <span class='ocrx_word' id='word_1_46' title='bbox 513 576 748 646; x_wconf 81' lang='grc' dir='ltr'><em>Τρώεσσιν</em></span> <span class='ocrx_word' id='word_1_47' title='bbox 778 577 983 632; x_wconf 81' lang='grc' dir='ltr'><em>ἐβούλετο</em></span> <span class='ocrx_word' id='word_1_48' title='bbox 1015 579 1148 628; x_wconf 80' lang='grc' dir='ltr'><em>κῦδος</em></span> <span class='ocrx_word' id='word_1_49' title='bbox 1175 577 1334 632; x_wconf 84' lang='grc' dir='ltr'><em>ὀρέξαι.</em></span> 
     </span>
    </p>

    <p class='ocr_par' dir='ltr' id='par_1_7' title="bbox 138 630 1558 862">
     <span class='ocr_line' id='line_1_11' title="bbox 138 630 1558 690; baseline 0.003 -15"><span class='ocrx_word' id='word_1_50' title='bbox 138 635 193 676; x_wconf 88' lang='grc'>80</span> <span class='ocrx_word' id='word_1_51' title='bbox 224 636 309 675; x_wconf 83' lang='grc' dir='ltr'>τῶν</span> <span class='ocrx_word' id='word_1_52' title='bbox 339 632 418 686; x_wconf 81' lang='grc' dir='ltr'>μὲν</span> <span class='ocrx_word' id='word_1_53' title='bbox 448 630 523 687; x_wconf 78' lang='grc' dir='ltr'><em>ἄρ’</em></span> <span class='ocrx_word' id='word_1_54' title='bbox 554 633 637 676; x_wconf 81' lang='grc' dir='ltr'>οὐκ</span> <span class='ocrx_word' id='word_1_55' title='bbox 666 633 831 690; x_wconf 75' lang='grc' dir='ltr'><em>ἀλέγιζε</em></span> <span class='ocrx_word' id='word_1_56' title='bbox 860 633 1026 690; x_wconf 80' lang='grc' dir='ltr'><em>πατὴρ,</em></span> <span class='ocrx_word' id='word_1_57' title='bbox 1056 633 1080 678; x_wconf 87' lang='grc' dir='ltr'>ὁ</span> <span class='ocrx_word' id='word_1_58' title='bbox 1113 635 1159 677; x_wconf 76' lang='grc' dir='ltr'>δὲ</span> <span class='ocrx_word' id='word_1_59' title='bbox 1189 634 1327 690; x_wconf 87' lang='grc' dir='ltr'><em>νόσφι</em></span> <span class='ocrx_word' id='word_1_60' title='bbox 1359 635 1558 686; x_wconf 75' lang='grc' dir='ltr'><em>λιασθεὶς</em></span> 
     </span>
     <span class='ocr_line' id='line_1_12' title="bbox 222 687 1311 744; baseline 0.002 -12"><span class='ocrx_word' id='word_1_61' title='bbox 222 693 312 732; x_wconf 73' lang='grc' dir='ltr'>τῶν</span> <span class='ocrx_word' id='word_1_62' title='bbox 340 689 486 732; x_wconf 89' lang='grc' dir='ltr'><em>άλλων</em></span> <span class='ocrx_word' id='word_1_63' title='bbox 514 687 740 735; x_wconf 78' lang='grc' dir='ltr'><em>απάνευθε</em></span> <span class='ocrx_word' id='word_1_64' title='bbox 770 691 975 744; x_wconf 82' lang='grc' dir='ltr'><em>καθέζετο</em></span> <span class='ocrx_word' id='word_1_65' title='bbox 1006 690 1132 734; x_wconf 82' lang='grc' dir='ltr'><em>κύδεϊ</em></span> <span class='ocrx_word' id='word_1_66' title='bbox 1157 692 1311 744; x_wconf 82' lang='grc' dir='ltr'><em>γαίων,</em></span> 
     </span>
     <span class='ocr_line' id='line_1_13' title="bbox 225 746 1340 803; baseline 0.002 -14"><span class='ocrx_word' id='word_1_67' title='bbox 225 746 439 799; x_wconf 82' lang='grc' dir='ltr'><em>εἰσορόων</em></span> <span class='ocrx_word' id='word_1_68' title='bbox 474 747 642 799; x_wconf 78' lang='grc' dir='ltr'><em>Τρώων</em></span> <span class='ocrx_word' id='word_1_69' title='bbox 671 765 715 791; x_wconf 88' lang='grc' dir='ltr'>τε</span> <span class='ocrx_word' id='word_1_70' title='bbox 744 747 876 792; x_wconf 88' lang='grc' dir='ltr'><em>πόλιν</em></span> <span class='ocrx_word' id='word_1_71' title='bbox 903 748 977 791; x_wconf 84' lang='grc' dir='ltr'>καὶ</span> <span class='ocrx_word' id='word_1_72' title='bbox 1006 752 1117 803; x_wconf 85' lang='grc' dir='ltr'><em>νῆας</em></span> <span class='ocrx_word' id='word_1_73' title='bbox 1140 747 1340 803; x_wconf 78' lang='grc' dir='ltr'><em>Ἀχαιῶν,</em></span> 
     </span>
     <span class='ocr_line' id='line_1_14' title="bbox 221 804 1453 862; baseline 0 -16"><span class='ocrx_word' id='word_1_74' title='bbox 221 807 390 859; x_wconf 84' lang='grc' dir='ltr'><em>χαλκοῦ</em></span> <span class='ocrx_word' id='word_1_75' title='bbox 418 820 462 847; x_wconf 84' lang='grc' dir='ltr'>τε</span> <span class='ocrx_word' id='word_1_76' title='bbox 493 805 733 862; x_wconf 82' lang='grc' dir='ltr'><em>στεροπην,</em></span> <span class='ocrx_word' id='word_1_77' title='bbox 766 805 980 856; x_wconf 85' lang='grc' dir='ltr'><em>ὀλλύντας</em></span> <span class='ocrx_word' id='word_1_78' title='bbox 1009 804 1064 855; x_wconf 85' lang='grc' dir='ltr'>τ’,</span> <span class='ocrx_word' id='word_1_79' title='bbox 1094 804 1367 861; x_wconf 80' lang='grc' dir='ltr'><em>ὀλλυμένους</em></span> <span class='ocrx_word' id='word_1_80' title='bbox 1394 820 1453 848; x_wconf 87' lang='grc' dir='ltr'>τε.</span> 
     </span>
    </p>
   </div>
   <div class='ocr_carea' id='block_1_6' title="bbox 190 888 1727 983">
    <p class='ocr_par' dir='ltr' id='par_1_8' title="bbox 190 888 1727 983">
     <span class='ocr_line' id='line_1_15' title="bbox 272 888 1726 935; baseline 0.003 -14"><span class='ocrx_word' id='word_1_81' title='bbox 272 888 322 922; x_wconf 82' lang='lat' dir='ltr'>Ut</span> <span class='ocrx_word' id='word_1_82' title='bbox 346 901 456 934; x_wconf 88' lang='lat' dir='ltr'>aequo</span> <span class='ocrx_word' id='word_1_83' title='bbox 482 891 596 924; x_wconf 83' lang='lat' dir='ltr'>Marte</span> <span class='ocrx_word' id='word_1_84' title='bbox 622 896 811 935; x_wconf 81' lang='lat' dir='ltr'>pugnatum</span> <span class='ocrx_word' id='word_1_85' title='bbox 838 895 892 925; x_wconf 83' lang='lat' dir='ltr'>est</span> <span class='ocrx_word' id='word_1_86' title='bbox 915 902 1024 935; x_wconf 89' lang='lat' dir='ltr'>usque</span> <span class='ocrx_word' id='word_1_87' title='bbox 1056 890 1099 924; x_wconf 81' lang='lat' dir='ltr'>ad</span> <span class='ocrx_word' id='word_1_88' title='bbox 1126 902 1327 935; x_wconf 80' lang='lat' dir='ltr'>vesperam,</span> <span class='ocrx_word' id='word_1_89' title='bbox 1367 891 1630 934; x_wconf 73' lang='lat' dir='ltr'>Agamemnonis</span> <span class='ocrx_word' id='word_1_90' title='bbox 1654 892 1726 925; x_wconf 83' lang='lat' dir='ltr'>vir-</span> 
     </span>
     <span class='ocr_line' id='line_1_16' title="bbox 190 935 1727 983; baseline 0.004 -17"><span class='ocrx_word' id='word_1_91' title='bbox 190 937 265 967; x_wconf 84' lang='lat' dir='ltr'>tute</span> <span class='ocrx_word' id='word_1_92' title='bbox 290 935 428 969; x_wconf 86' lang='lat' dir='ltr'>insolita</span> <span class='ocrx_word' id='word_1_93' title='bbox 453 937 497 969; x_wconf 87' lang='lat' dir='ltr'>ad</span> <span class='ocrx_word' id='word_1_94' title='bbox 523 937 626 970; x_wconf 89' lang='lat' dir='ltr'>decus</span> <span class='ocrx_word' id='word_1_95' title='bbox 651 937 796 972; x_wconf 82' lang='lat' dir='ltr'>excitati</span> <span class='ocrx_word' id='word_1_96' title='bbox 820 937 952 971; x_wconf 84' lang='lat' dir='ltr'>Graeci</span> <span class='ocrx_word' id='word_1_97' title='bbox 972 937 1153 982; x_wconf 86' lang='lat' dir='ltr'>impellunt</span> <span class='ocrx_word' id='word_1_98' title='bbox 1177 938 1374 981; x_wconf 75' lang='lat' dir='ltr'>Trojanos,</span> <span class='ocrx_word' id='word_1_99' title='bbox 1398 949 1626 983; x_wconf 84' lang='lat' dir='ltr'>magnamque</span> <span class='ocrx_word' id='word_1_100' title='bbox 1652 939 1727 972; x_wconf 79' lang='lat' dir='ltr'>illo-</span> 
     </span>
    </p>
   </div>
   <div class='ocr_carea' id='block_1_7' title="bbox 189 983 577 1026">
    <p class='ocr_par' dir='ltr' id='par_1_9' title="bbox 189 983 577 1026">
     <span class='ocr_line' id='line_1_17' title="bbox 189 983 577 1026; baseline 0.005 -13"><span class='ocrx_word' id='word_1_101' title='bbox 189 990 261 1014; x_wconf 88' lang='lat' dir='ltr'>rum</span> <span class='ocrx_word' id='word_1_102' title='bbox 285 987 435 1026; x_wconf 85' lang='lat' dir='ltr'>stragem</span> <span class='ocrx_word' id='word_1_103' title='bbox 459 983 577 1018; x_wconf 88' lang='lat' dir='ltr'>edunt.</span> 
     </span>
    </p>
   </div>
   <div class='ocr_carea' id='block_1_8' title="bbox 135 1032 1554 1267">
    <p class='ocr_par' dir='ltr' id='par_1_10' title="bbox 135 1032 1532 1266">
     <span class='ocr_line' id='line_1_18' title="bbox 286 1032 1348 1108; baseline 0.003 -29.066"><span class='ocrx_word' id='word_1_104' title='bbox 286 1037 441 1093; x_wconf 73' lang='grc' dir='ltr'><em>’Όφρα</em></span> <span class='ocrx_word' id='word_1_105' title='bbox 468 1038 566 1108; x_wconf 48' lang='grc' dir='ltr'><em>μ’,ὲυ</em></span> <span class='ocrx_word' id='word_1_106' title='bbox 577 1037 668 1094; x_wconf 72' lang='grc' dir='ltr'><em>ἠως</em></span> <span class='ocrx_word' id='word_1_107' title='bbox 698 1033 756 1094; x_wconf 82' lang='grc' dir='ltr'>ἦν</span> <span class='ocrx_word' id='word_1_108' title='bbox 783 1040 857 1083; x_wconf 84' lang='grc' dir='ltr'>καὶ</span> <span class='ocrx_word' id='word_1_109' title='bbox 888 1036 1033 1091; x_wconf 74' lang='grc' dir='ltr'><em>ἀέξετο</em></span> <span class='ocrx_word' id='word_1_110' title='bbox 1065 1038 1187 1092; x_wconf 78' lang='grc' dir='ltr'><em>ἱερὸν</em></span> <span class='ocrx_word' id='word_1_111' title='bbox 1217 1032 1348 1094; x_wconf 83' lang='grc' dir='ltr'><em>ἦμαρ,</em></span> 
     </span>
     <span class='ocr_line' id='line_1_19' title="bbox 135 1092 1554 1167; baseline 0.001 -28"><span class='ocrx_word' id='word_1_112' title='bbox 135 1097 189 1140; x_wconf 86' lang='grc'>85</span> <span class='ocrx_word' id='word_1_113' title='bbox 219 1094 367 1166; x_wconf 90' lang='grc' dir='ltr'><em>τόφρα</em></span> <span class='ocrx_word' id='word_1_114' title='bbox 401 1092 504 1149; x_wconf 85' lang='grc' dir='ltr'><em>μάλ’</em></span> <span class='ocrx_word' id='word_1_115' title='bbox 537 1093 805 1151; x_wconf 71' lang='grc' dir='ltr'><em>ἀμφοτέρων</em></span> <span class='ocrx_word' id='word_1_116' title='bbox 817 1095 948 1167; x_wconf 86' lang='grc' dir='ltr'><em>βέλε’</em></span> <span class='ocrx_word' id='word_1_117' title='bbox 967 1095 1159 1166; x_wconf 83' lang='grc' dir='ltr'><em>ἥπτετο,</em></span> <span class='ocrx_word' id='word_1_118' title='bbox 1191 1098 1318 1138; x_wconf 85' lang='grc' dir='ltr'><em>πίπτε</em></span> <span class='ocrx_word' id='word_1_119' title='bbox 1350 1095 1397 1139; x_wconf 80' lang='grc' dir='ltr'>δὲ</span> <span class='ocrx_word' id='word_1_120' title='bbox 1426 1095 1554 1147; x_wconf 86' lang='grc' dir='ltr'><em>λαός·</em></span> 
     </span>
     <span class='ocr_line' id='line_1_20' title="bbox 219 1146 1406 1222; baseline 0.001 -28"><span class='ocrx_word' id='word_1_121' title='bbox 219 1146 332 1222; x_wconf 81' lang='grc' dir='ltr'><em>ἦμος</em></span> <span class='ocrx_word' id='word_1_122' title='bbox 363 1151 409 1195; x_wconf 80' lang='grc' dir='ltr'>δὲ</span> <span class='ocrx_word' id='word_1_123' title='bbox 439 1153 659 1207; x_wconf 83' lang='grc' dir='ltr'><em>δρυτόμος</em></span> <span class='ocrx_word' id='word_1_124' title='bbox 688 1169 768 1205; x_wconf 87' lang='grc' dir='ltr'>περ</span> <span class='ocrx_word' id='word_1_125' title='bbox 801 1151 913 1209; x_wconf 75' lang='grc' dir='ltr'><em>ἀνὴρ</em></span> <span class='ocrx_word' id='word_1_126' title='bbox 945 1152 1194 1196; x_wconf 82' lang='grc' dir='ltr'><em>ωπλίσσατο</em></span> <span class='ocrx_word' id='word_1_127' title='bbox 1224 1154 1406 1196; x_wconf 87' lang='grc' dir='ltr'><em>δεῖπνον</em></span> 
     </span>
     <span class='ocr_line' id='line_1_21' title="bbox 219 1208 1379 1267; baseline 0 -15"><span class='ocrx_word' id='word_1_128' title='bbox 219 1208 374 1262; x_wconf 82' lang='grc' dir='ltr'><em>οὔρεος</em></span> <span class='ocrx_word' id='word_1_129' title='bbox 402 1209 449 1252; x_wconf 89' lang='grc' dir='ltr'>έν</span> <span class='ocrx_word' id='word_1_130' title='bbox 478 1208 715 1267; x_wconf 80' lang='grc' dir='ltr'><em>βήσσῃσιν,</em></span> <span class='ocrx_word' id='word_1_131' title='bbox 745 1210 836 1254; x_wconf 80' lang='grc' dir='ltr'><em>ἐπεί</em></span> <span class='ocrx_word' id='word_1_132' title='bbox 865 1210 906 1254; x_wconf 85' lang='grc' dir='ltr'><em>τ’</em></span> <span class='ocrx_word' id='word_1_133' title='bbox 937 1210 1202 1265; x_wconf 79' lang='grc' dir='ltr'><em>ἐκορέσσατο</em></span> <span class='ocrx_word' id='word_1_134' title='bbox 1232 1214 1379 1266; x_wconf 85' lang='grc' dir='ltr'><em>χεῖρας</em></span> 
     </span>
    </p>
   </div>
   <div class='ocr_carea' id='block_1_9' title="bbox 14 1310 864 3030">
    <p class='ocr_par' dir='ltr' id='par_1_11' title="bbox 41 1310 864 1962">
     <span class='ocr_line' id='line_1_22' title="bbox 50 1310 861 1357; baseline -0.001 -9"><span class='ocrx_word' id='word_1_135' title='bbox 50 1314 163 1348; x_wconf 61' lang='lat' dir='ltr'>&amp;stan</span> <span class='ocrx_word' id='word_1_136' title='bbox 186 1310 286 1356; x_wconf 80' lang='grc' dir='ltr'><em>εἶχον</em></span> <span class='ocrx_word' id='word_1_137' title='bbox 309 1311 377 1353; x_wconf 75' lang='grc' dir='ltr'><em>τοὶς</em></span> <span class='ocrx_word' id='word_1_138' title='bbox 400 1311 576 1356; x_wconf 83' lang='grc' dir='ltr'><em>κεφαλάς.</em></span> <span class='ocrx_word' id='word_1_139' title='bbox 614 1310 636 1349; x_wconf 78' lang='grc' dir='ltr'>ὅ</span> <span class='ocrx_word' id='word_1_140' title='bbox 655 1311 766 1356; x_wconf 78' lang='grc' dir='ltr'><em>ἐστιν,</em></span> <span class='ocrx_word' id='word_1_141' title='bbox 788 1311 861 1357; x_wconf 78' lang='grc' dir='ltr'><em>ἐξί-</em></span> 
     </span>
     <span class='ocr_line' id='line_1_23' title="bbox 50 1355 862 1404; baseline 0 -10"><span class='ocrx_word' id='word_1_142' title='bbox 50 1371 145 1394; x_wconf 83' lang='grc' dir='ltr'><em>σωτο</em></span> <span class='ocrx_word' id='word_1_143' title='bbox 170 1360 302 1399; x_wconf 77' lang='grc' dir='ltr'><em>αὐτοῖς</em></span> <span class='ocrx_word' id='word_1_144' title='bbox 324 1355 346 1403; x_wconf 83' lang='grc' dir='ltr'><em>ἦ</em></span> <span class='ocrx_word' id='word_1_145' title='bbox 370 1359 481 1404; x_wconf 85' lang='grc' dir='ltr'><em>μάχη.</em></span> <span class='ocrx_word' id='word_1_146' title='bbox 512 1360 640 1402; x_wconf 88' lang='lat' dir='ltr'>(verba</span> <span class='ocrx_word' id='word_1_147' title='bbox 666 1357 690 1395; x_wconf 79' lang='grc' dir='ltr'>ὅ</span> <span class='ocrx_word' id='word_1_148' title='bbox 709 1360 862 1396; x_wconf 78' lang='grc' dir='ltr'><em>ἐστιν-</em></span> 
     </span>
     <span class='ocr_line' id='line_1_24' title="bbox 47 1403 863 1452; baseline 0 -12"><span class='ocrx_word' id='word_1_149' title='bbox 47 1403 72 1452; x_wconf 81' lang='grc' dir='ltr'><em>ἦ</em></span> <span class='ocrx_word' id='word_1_150' title='bbox 94 1404 192 1451; x_wconf 82' lang='grc' dir='ltr'><em>μάχη</em></span> <span class='ocrx_word' id='word_1_151' title='bbox 229 1405 405 1451; x_wconf 84' lang='lat' dir='ltr'>pertinere</span> <span class='ocrx_word' id='word_1_152' title='bbox 437 1406 599 1440; x_wconf 84' lang='lat' dir='ltr'>videntur</span> <span class='ocrx_word' id='word_1_153' title='bbox 633 1407 675 1440; x_wconf 88' lang='lat' dir='ltr'>ad</span> <span class='ocrx_word' id='word_1_154' title='bbox 709 1407 863 1441; x_wconf 86' lang='lat' dir='ltr'>Aristar-</span> 
     </span>
     <span class='ocr_line' id='line_1_25' title="bbox 49 1450 862 1499; baseline 0 -11"><span class='ocrx_word' id='word_1_155' title='bbox 49 1454 168 1488; x_wconf 83' lang='lat' dir='ltr'>cheam</span> <span class='ocrx_word' id='word_1_156' title='bbox 193 1453 397 1498; x_wconf 85' lang='lat' dir='ltr'><strong>scripturam</strong></span> <span class='ocrx_word' id='word_1_157' title='bbox 422 1453 504 1493; x_wconf 84' lang='grc' dir='ltr'><em>ἰσας</em></span> <span class='ocrx_word' id='word_1_158' title='bbox 528 1450 567 1487; x_wconf 85' lang='grc' dir='ltr'>δ’</span> <span class='ocrx_word' id='word_1_159' title='bbox 591 1451 728 1499; x_wconf 80' lang='grc' dir='ltr'><em>ὑσμίνη</em></span> <span class='ocrx_word' id='word_1_160' title='bbox 747 1466 862 1496; x_wconf 84' lang='grc' dir='ltr'><em>κεφα-</em></span> 
     </span>
     <span class='ocr_line' id='line_1_26' title="bbox 49 1498 863 1544; baseline 0.002 -11"><span class='ocrx_word' id='word_1_161' title='bbox 49 1499 115 1541; x_wconf 73' lang='grc' dir='ltr'>λάς</span> <span class='ocrx_word' id='word_1_162' title='bbox 140 1498 241 1544; x_wconf 75' lang='grc' dir='ltr'><em>ἔχεν,</em></span> <span class='ocrx_word' id='word_1_163' title='bbox 268 1511 336 1543; x_wconf 90' lang='lat' dir='ltr'>qua</span> <span class='ocrx_word' id='word_1_164' title='bbox 359 1500 533 1544; x_wconf 87' lang='lat' dir='ltr'>scriptura</span> <span class='ocrx_word' id='word_1_165' title='bbox 568 1511 718 1543; x_wconf 80' lang='lat' dir='ltr'>pugnam</span> <span class='ocrx_word' id='word_1_166' title='bbox 745 1499 863 1536; x_wconf 86' lang='grc' dir='ltr'><em>ἰσοκέ-</em></span> 
     </span>
     <span class='ocr_line' id='line_1_27' title="bbox 49 1545 863 1601; baseline -0.001 -20"><span class='ocrx_word' id='word_1_167' title='bbox 49 1550 172 1590; x_wconf 87' lang='grc' dir='ltr'><em>φαλον</em></span> <span class='ocrx_word' id='word_1_168' title='bbox 209 1545 429 1590; x_wconf 83' lang='lat' dir='ltr'>significabat</span> <span class='ocrx_word' id='word_1_169' title='bbox 462 1546 520 1579; x_wconf 88' lang='lat' dir='ltr'>ille</span> <span class='ocrx_word' id='word_1_170' title='bbox 557 1545 729 1590; x_wconf 87' lang='lat' dir='ltr'>Criticus,</span> <span class='ocrx_word' id='word_1_171' title='bbox 773 1558 863 1601; x_wconf 85' lang='lat' dir='ltr'>quae</span> 
     </span>
     <span class='ocr_line' id='line_1_28' title="bbox 46 1591 864 1636; baseline 0 -9"><span class='ocrx_word' id='word_1_172' title='bbox 46 1605 113 1627; x_wconf 92' lang='lat' dir='ltr'>non</span> <span class='ocrx_word' id='word_1_173' title='bbox 137 1592 224 1633; x_wconf 81' lang='lat' dir='ltr'>suit,</span> <span class='ocrx_word' id='word_1_174' title='bbox 259 1591 320 1625; x_wconf 89' lang='lat' dir='ltr'>sed</span> <span class='ocrx_word' id='word_1_175' title='bbox 357 1591 588 1636; x_wconf 84' lang='lat' dir='ltr'>Trojanorum</span> <span class='ocrx_word' id='word_1_176' title='bbox 623 1593 725 1635; x_wconf 70' lang='lat' dir='ltr'>longe</span> <span class='ocrx_word' id='word_1_177' title='bbox 753 1594 864 1627; x_wconf 88' lang='lat' dir='ltr'>minor</span> 
     </span>
     <span class='ocr_line' id='line_1_29' title="bbox 46 1621 862 1684; baseline -0.002 -10"><span class='ocrx_word' id='word_1_178' title='bbox 46 1645 125 1674; x_wconf 80' lang='lat' dir='ltr'>erat.</span> <span class='ocrx_word' id='word_1_179' title='bbox 157 1649 334 1673; x_wconf 87' lang='lat' dir='ltr'>numerus·</span> <span class='ocrx_word' id='word_1_180' title='bbox 362 1649 396 1671; x_wconf 85' lang='lat' dir='ltr'>v.</span> <span class='ocrx_word' id='word_1_181' title='bbox 429 1636 475 1684; x_wconf 82' lang='grc' dir='ltr'><em>β’,</em></span> <span class='ocrx_word' id='word_1_182' title='bbox 511 1621 738 1674; x_wconf 78' lang='grc'><strong>119-128,</strong></span> <span class='ocrx_word' id='word_1_183' title='bbox 796 1640 862 1673; x_wconf 89' lang='lat' dir='ltr'>nisi</span> 
     </span>
     <span class='ocr_line' id='line_1_30' title="bbox 46 1685 862 1732; baseline -0.001 -13"><span class='ocrx_word' id='word_1_184' title='bbox 46 1688 124 1732; x_wconf 86' lang='lat' dir='ltr'>quis</span> <span class='ocrx_word' id='word_1_185' title='bbox 147 1686 193 1720; x_wconf 87' lang='lat' dir='ltr'>ad</span> <span class='ocrx_word' id='word_1_186' title='bbox 216 1685 330 1718; x_wconf 85' lang='lat' dir='ltr'>vivum</span> <span class='ocrx_word' id='word_1_187' title='bbox 356 1695 515 1718; x_wconf 89' lang='lat' dir='ltr'>resecare</span> <span class='ocrx_word' id='word_1_188' title='bbox 530 1685 616 1718; x_wconf 84' lang='lat' dir='ltr'>velit</span> <span class='ocrx_word' id='word_1_189' title='bbox 634 1686 862 1729; x_wconf 83' lang='lat' dir='ltr'>Agamemno-</span> 
     </span>
     <span class='ocr_line' id='line_1_31' title="bbox 46 1731 861 1766; baseline -0.002 0"><span class='ocrx_word' id='word_1_190' title='bbox 46 1733 100 1766; x_wconf 87' lang='lat' dir='ltr'>nis</span> <span class='ocrx_word' id='word_1_191' title='bbox 120 1733 244 1766; x_wconf 88' lang='lat' dir='ltr'>eodem</span> <span class='ocrx_word' id='word_1_192' title='bbox 267 1731 343 1764; x_wconf 91' lang='lat' dir='ltr'>loco</span> <span class='ocrx_word' id='word_1_193' title='bbox 367 1732 476 1764; x_wconf 88' lang='lat' dir='ltr'>verba</span> <span class='ocrx_word' id='word_1_194' title='bbox 499 1731 567 1764; x_wconf 83' lang='lat' dir='ltr'>ista</span> <span class='ocrx_word' id='word_1_195' title='bbox 585 1732 629 1765; x_wconf 90' lang='lat' dir='ltr'>de</span> <span class='ocrx_word' id='word_1_196' title='bbox 649 1731 751 1764; x_wconf 82' lang='lat' dir='ltr'>sociis</span> <span class='ocrx_word' id='word_1_197' title='bbox 768 1732 861 1765; x_wconf 89' lang='lat' dir='ltr'>Tro-</span> 
     </span>
     <span class='ocr_line' id='line_1_32' title="bbox 41 1774 860 1824; baseline 0.002 -12"><span class='ocrx_word' id='word_1_198' title='bbox 41 1779 222 1824; x_wconf 84' lang='lat' dir='ltr'>janorum·</span> <span class='ocrx_word' id='word_1_199' title='bbox 265 1774 350 1811; x_wconf 85' lang='grc' dir='ltr'><em>αλλ’</em></span> <span class='ocrx_word' id='word_1_200' title='bbox 389 1776 583 1820; x_wconf 77' lang='grc' dir='ltr'><em>ἐπίκουροι</em></span> <span class='ocrx_word' id='word_1_201' title='bbox 616 1778 788 1813; x_wconf 81' lang='grc' dir='ltr'><em>Πολλέων</em></span> <span class='ocrx_word' id='word_1_202' title='bbox 821 1776 860 1814; x_wconf 78' lang='grc' dir='ltr'>ἐκ</span> 
     </span>
     <span class='ocr_line' id='line_1_33' title="bbox 44 1821 859 1868; baseline 0 -8"><span class='ocrx_word' id='word_1_203' title='bbox 44 1826 186 1860; x_wconf 86' lang='grc' dir='ltr'><em>πολίων</em></span> <span class='ocrx_word' id='word_1_204' title='bbox 211 1823 425 1868; x_wconf 79' lang='grc' dir='ltr'><em>ἐγχέσπαλοι</em></span> <span class='ocrx_word' id='word_1_205' title='bbox 449 1821 612 1867; x_wconf 76' lang='grc' dir='ltr'><em>ἄνδρες’</em></span> <span class='ocrx_word' id='word_1_206' title='bbox 601 1823 716 1865; x_wconf 84' lang='grc' dir='ltr'><em>εἀσιν,</em></span> <span class='ocrx_word' id='word_1_207' title='bbox 744 1825 797 1859; x_wconf 82' lang='lat' dir='ltr'>Oi&#39;</span> <span class='ocrx_word' id='word_1_208' title='bbox 814 1838 859 1868; x_wconf 86' lang='grc' dir='ltr'>με</span> 
     </span>
     <span class='ocr_line' id='line_1_34' title="bbox 45 1868 860 1915; baseline 0.001 -9"><span class='ocrx_word' id='word_1_209' title='bbox 45 1871 138 1915; x_wconf 83' lang='grc' dir='ltr'><em>μέγα</em></span> <span class='ocrx_word' id='word_1_210' title='bbox 159 1869 361 1913; x_wconf 81' lang='grc' dir='ltr'><em>πλάζουσι,</em></span> <span class='ocrx_word' id='word_1_211' title='bbox 394 1884 426 1905; x_wconf 83' lang='grc' dir='ltr'>κ.</span> <span class='ocrx_word' id='word_1_212' title='bbox 453 1882 523 1904; x_wconf 87' lang='grc' dir='ltr'>ουκ</span> <span class='ocrx_word' id='word_1_213' title='bbox 548 1868 651 1905; x_wconf 75' lang='grc' dir='ltr'><em>είῶσ’</em></span> <span class='ocrx_word' id='word_1_214' title='bbox 679 1869 742 1905; x_wconf 74' lang='grc' dir='ltr'><em>ἐθε</em></span> <span class='ocrx_word' id='word_1_215' title='bbox 731 1870 860 1907; x_wconf 86' lang='grc' dir='ltr'><em>’λοντα</em></span> 
     </span>
     <span class='ocr_line' id='line_1_35' title="bbox 39 1914 859 1972; baseline -0.003 -18.98"><span class='ocrx_word' id='word_1_216' title='bbox 39 1917 149 1954; x_wconf 87' lang='grc' dir='ltr'><em>Ἰλίου</em></span> <span class='ocrx_word' id='word_1_217' title='bbox 165 1916 338 1972; x_wconf 81' lang='grc' dir='ltr'><em>ἐκπέρσαι</em></span> <span class='ocrx_word' id='word_1_218' title='bbox 351 1914 593 1959; x_wconf 82' lang='grc' dir='ltr'><em>εὐναιόμενον</em></span> <span class='ocrx_word' id='word_1_219' title='bbox 611 1920 859 1960; x_wconf 78' lang='grc' dir='ltr'><em>πτολίεθρον.-</em></span> 
     </span>
    </p>

    <p class='ocr_par' dir='ltr' id='par_1_12' title="bbox 14 1961 859 2613">
     <span class='ocr_line' id='line_1_36' title="bbox 44 1961 859 2008; baseline -0.002 -8"><span class='ocrx_word' id='word_1_220' title='bbox 44 1966 107 2000; x_wconf 88' lang='lat' dir='ltr'>sed</span> <span class='ocrx_word' id='word_1_221' title='bbox 139 1972 253 1998; x_wconf 81' lang='lat' dir='ltr'>tamen</span> <span class='ocrx_word' id='word_1_222' title='bbox 281 1961 333 2005; x_wconf 78' lang='grc' dir='ltr'><em>θ’,</em></span> <span class='ocrx_word' id='word_1_223' title='bbox 368 1965 425 1999; x_wconf 89' lang='grc'>56.</span> <span class='ocrx_word' id='word_1_224' title='bbox 461 1964 637 2008; x_wconf 87' lang='lat' dir='ltr'>Trojanos</span> <span class='ocrx_word' id='word_1_225' title='bbox 668 1965 859 2008; x_wconf 78' lang='lat' dir='ltr'>generatim</span> 
     </span>
     <span class='ocr_line' id='line_1_37' title="bbox 45 2009 858 2067; baseline -0.001 -22"><span class='ocrx_word' id='word_1_226' title='bbox 45 2012 248 2067; x_wconf 80' lang='lat' dir='ltr'>pauciores,</span> <span class='ocrx_word' id='word_1_227' title='bbox 283 2009 561 2054; x_wconf 83' lang='grc' dir='ltr'><em>παυροτέρους,</em></span> <span class='ocrx_word' id='word_1_228' title='bbox 594 2022 670 2044; x_wconf 88' lang='lat' dir='ltr'>esse</span> <span class='ocrx_word' id='word_1_229' title='bbox 700 2011 771 2051; x_wconf 79' lang='lat' dir='ltr'>ait3</span> <span class='ocrx_word' id='word_1_230' title='bbox 812 2011 858 2044; x_wconf 86' lang='lat' dir='ltr'>cf.</span> 
     </span>
     <span class='ocr_line' id='line_1_38' title="bbox 44 2036 859 2102; baseline -0.004 -8"><span class='ocrx_word' id='word_1_231' title='bbox 44 2057 88 2100; x_wconf 84' lang='lat' dir='ltr'>o&#39;‚</span> <span class='ocrx_word' id='word_1_232' title='bbox 114 2057 183 2093; x_wconf 80' lang='lat'>407</span> <span class='ocrx_word' id='word_1_233' title='bbox 209 2061 277 2091; x_wconf 83' lang='lat' dir='ltr'>etc.</span> <span class='ocrx_word' id='word_1_234' title='bbox 316 2058 384 2091; x_wconf 87' lang='lat' dir='ltr'>huc</span> <span class='ocrx_word' id='word_1_235' title='bbox 408 2056 564 2097; x_wconf 84' lang='lat' dir='ltr'>accedit,</span> <span class='ocrx_word' id='word_1_236' title='bbox 599 2057 690 2100; x_wconf 88' lang='lat' dir='ltr'>quod</span> <span class='ocrx_word' id='word_1_237' title='bbox 715 2036 859 2102; x_wconf 81' lang='lat' dir='ltr'>vulgata</span> 
     </span>
     <span class='ocr_line' id='line_1_39' title="bbox 43 2101 858 2148; baseline -0.004 -8"><span class='ocrx_word' id='word_1_238' title='bbox 43 2105 126 2145; x_wconf 81' lang='grc' dir='ltr'><em>ἴσας</em></span> <span class='ocrx_word' id='word_1_239' title='bbox 150 2101 190 2139; x_wconf 83' lang='grc' dir='ltr'>δ’</span> <span class='ocrx_word' id='word_1_240' title='bbox 215 2102 352 2148; x_wconf 76' lang='grc' dir='ltr'><em>ὑσμίνῃ</em></span> <span class='ocrx_word' id='word_1_241' title='bbox 369 2116 402 2138; x_wconf 85' lang='grc' dir='ltr'>κ.</span> <span class='ocrx_word' id='word_1_242' title='bbox 430 2102 514 2148; x_wconf 77' lang='grc' dir='ltr'><em>ἔχον</em></span> <span class='ocrx_word' id='word_1_243' title='bbox 534 2103 667 2136; x_wconf 90' lang='lat' dir='ltr'>minime</span> <span class='ocrx_word' id='word_1_244' title='bbox 686 2103 858 2144; x_wconf 82' lang='lat' dir='ltr'>laborant,</span> 
     </span>
     <span class='ocr_line' id='line_1_40' title="bbox 14 2149 857 2196; baseline -0.002 -10"><span class='ocrx_word' id='word_1_245' title='bbox 14 2157 15 2160; x_wconf 79' lang='grc'>’</span> <span class='ocrx_word' id='word_1_246' title='bbox 42 2151 222 2196; x_wconf 86' lang='lat' dir='ltr'>siquidem,</span> <span class='ocrx_word' id='word_1_247' title='bbox 241 2150 301 2194; x_wconf 91' lang='lat' dir='ltr'>qui</span> <span class='ocrx_word' id='word_1_248' title='bbox 319 2150 444 2191; x_wconf 72' lang='lat' dir='ltr'>milites</span> <span class='ocrx_word' id='word_1_249' title='bbox 461 2149 633 2194; x_wconf 76' lang='lat' dir='ltr'>aequalia,</span> <span class='ocrx_word' id='word_1_250' title='bbox 657 2150 688 2182; x_wconf 92' lang='lat' dir='ltr'>h.</span> <span class='ocrx_word' id='word_1_251' title='bbox 703 2162 733 2183; x_wconf 85' lang='lat' dir='ltr'>e.</span> <span class='ocrx_word' id='word_1_252' title='bbox 747 2162 857 2194; x_wconf 86' lang='lat' dir='ltr'>aeque</span> 
     </span>
     <span class='ocr_line' id='line_1_41' title="bbox 43 2194 857 2251; baseline -0.002 -18"><span class='ocrx_word' id='word_1_253' title='bbox 43 2199 133 2240; x_wconf 83' lang='lat' dir='ltr'>alta,</span> <span class='ocrx_word' id='word_1_254' title='bbox 194 2202 295 2230; x_wconf 86' lang='lat' dir='ltr'>erunt</span> <span class='ocrx_word' id='word_1_255' title='bbox 323 2196 447 2251; x_wconf 85' lang='lat' dir='ltr'>capita</span> <span class='ocrx_word' id='word_1_256' title='bbox 463 2196 506 2230; x_wconf 88' lang='lat' dir='ltr'>ad</span> <span class='ocrx_word' id='word_1_257' title='bbox 531 2196 675 2237; x_wconf 89' lang='lat' dir='ltr'>bellum,</span> <span class='ocrx_word' id='word_1_258' title='bbox 707 2194 857 2250; x_wconf 78' lang='grc' dir='ltr'><em>ὑσμίνῃ,</em></span> 
     </span>
     <span class='ocr_line' id='line_1_42' title="bbox 43 2239 857 2288; baseline -0.004 -8"><span class='ocrx_word' id='word_1_259' title='bbox 43 2246 97 2284; x_wconf 82' lang='grc' dir='ltr'>εἰς</span> <span class='ocrx_word' id='word_1_260' title='bbox 129 2244 311 2288; x_wconf 85' lang='grc' dir='ltr'><em>υσμίνην,</em></span> <span class='ocrx_word' id='word_1_261' title='bbox 354 2243 394 2280; x_wconf 80' lang='grc' dir='ltr'>ἐν</span> <span class='ocrx_word' id='word_1_262' title='bbox 425 2239 583 2287; x_wconf 87' lang='grc' dir='ltr'><em>υσμίνῃ,</em></span> <span class='ocrx_word' id='word_1_263' title='bbox 617 2242 857 2287; x_wconf 84' lang='lat' dir='ltr'>intelliguntur</span> 
     </span>
     <span class='ocr_line' id='line_1_43' title="bbox 43 2289 855 2331; baseline -0.002 -6"><span class='ocrx_word' id='word_1_264' title='bbox 43 2291 135 2326; x_wconf 92' lang='lat' dir='ltr'>nullo</span> <span class='ocrx_word' id='word_1_265' title='bbox 159 2289 257 2324; x_wconf 87' lang='lat' dir='ltr'>modo</span> <span class='ocrx_word' id='word_1_266' title='bbox 283 2300 321 2323; x_wconf 89' lang='lat' dir='ltr'>se</span> <span class='ocrx_word' id='word_1_267' title='bbox 352 2290 552 2324; x_wconf 81' lang='lat' dir='ltr'>submittere</span> <span class='ocrx_word' id='word_1_268' title='bbox 585 2289 761 2331; x_wconf 82' lang='lat' dir='ltr'>hostibus,</span> <span class='ocrx_word' id='word_1_269' title='bbox 794 2290 855 2323; x_wconf 91' lang='lat' dir='ltr'>sed</span> 
     </span>
     <span class='ocr_line' id='line_1_44' title="bbox 43 2336 856 2392; baseline -0.001 -21"><span class='ocrx_word' id='word_1_270' title='bbox 43 2337 182 2371; x_wconf 81' lang='lat' dir='ltr'>sortiter</span> <span class='ocrx_word' id='word_1_271' title='bbox 204 2337 381 2378; x_wconf 86' lang='lat' dir='ltr'>resistere,</span> <span class='ocrx_word' id='word_1_272' title='bbox 406 2348 469 2370; x_wconf 88' lang='lat' dir='ltr'>nec</span> <span class='ocrx_word' id='word_1_273' title='bbox 489 2341 582 2370; x_wconf 85' lang='lat' dir='ltr'>statu</span> <span class='ocrx_word' id='word_1_274' title='bbox 598 2336 746 2377; x_wconf 80' lang='lat' dir='ltr'>moveri3</span> <span class='ocrx_word' id='word_1_275' title='bbox 766 2348 856 2392; x_wconf 87' lang='lat' dir='ltr'>quae</span> 
     </span>
     <span class='ocr_line' id='line_1_45' title="bbox 45 2381 855 2428; baseline 0 -11"><span class='ocrx_word' id='word_1_276' title='bbox 45 2383 98 2418; x_wconf 89' lang='lat' dir='ltr'>his</span> <span class='ocrx_word' id='word_1_277' title='bbox 123 2388 206 2428; x_wconf 84' lang='lat' dir='ltr'>apta</span> <span class='ocrx_word' id='word_1_278' title='bbox 231 2388 285 2417; x_wconf 87' lang='lat' dir='ltr'>est</span> <span class='ocrx_word' id='word_1_279' title='bbox 307 2383 490 2417; x_wconf 82' lang='lat' dir='ltr'>sententia.</span> <span class='ocrx_word' id='word_1_280' title='bbox 525 2382 709 2415; x_wconf 53' lang='grc'><strong>(311111-</strong></span> <span class='ocrx_word' id='word_1_281' title='bbox 737 2383 781 2417; x_wconf 82' lang='grc' dir='ltr'>οὶ</span> <span class='ocrx_word' id='word_1_282' title='bbox 807 2381 855 2417; x_wconf 86' lang='grc' dir='ltr'>δε</span> 
     </span>
     <span class='ocr_line' id='line_1_46' title="bbox 43 2427 855 2473; baseline -0.001 -9"><span class='ocrx_word' id='word_1_283' title='bbox 43 2450 88 2455; x_wconf 86' lang='grc'>-</span> <span class='ocrx_word' id='word_1_284' title='bbox 111 2431 292 2472; x_wconf 78' lang='grc' dir='ltr'><em>θῦνον,</em></span> <span class='ocrx_word' id='word_1_285' title='bbox 317 2441 400 2463; x_wconf 79' lang='lat' dir='ltr'>nam</span> <span class='ocrx_word' id='word_1_286' title='bbox 420 2430 492 2470; x_wconf 85' lang='lat' dir='ltr'>illi,</span> <span class='ocrx_word' id='word_1_287' title='bbox 517 2427 646 2462; x_wconf 85' lang='lat' dir='ltr'>Graeci</span> <span class='ocrx_word' id='word_1_288' title='bbox 669 2434 704 2462; x_wconf 87' lang='lat' dir='ltr'>et</span> <span class='ocrx_word' id='word_1_289' title='bbox 725 2430 855 2473; x_wconf 83' lang='lat' dir='ltr'>Troja-</span> 
     </span>
     <span class='ocr_line' id='line_1_47' title="bbox 42 2454 855 2520; baseline -0.002 -10"><span class='ocrx_word' id='word_1_290' title='bbox 42 2476 99 2518; x_wconf 88' lang='lat' dir='ltr'>ni,</span> <span class='ocrx_word' id='word_1_291' title='bbox 117 2454 292 2520; x_wconf 60' lang='lat' dir='ltr'>furebant,</span> <span class='ocrx_word' id='word_1_292' title='bbox 316 2477 474 2520; x_wconf 84' lang='lat' dir='ltr'>luporum</span> <span class='ocrx_word' id='word_1_293' title='bbox 503 2476 598 2515; x_wconf 78' lang='lat' dir='ltr'>ritu,</span> <span class='ocrx_word' id='word_1_294' title='bbox 629 2486 698 2519; x_wconf 91' lang='lat' dir='ltr'>quo</span> <span class='ocrx_word' id='word_1_295' title='bbox 725 2476 855 2509; x_wconf 86' lang='lat' dir='ltr'>anima-</span> 
     </span>
     <span class='ocr_line' id='line_1_48' title="bbox 41 2521 857 2577; baseline -0.002 -20"><span class='ocrx_word' id='word_1_296' title='bbox 41 2522 121 2557; x_wconf 86' lang='lat' dir='ltr'>lium</span> <span class='ocrx_word' id='word_1_297' title='bbox 145 2534 274 2577; x_wconf 84' lang='lat' dir='ltr'>genere</span> <span class='ocrx_word' id='word_1_298' title='bbox 299 2523 424 2557; x_wconf 91' lang='lat' dir='ltr'>nullum</span> <span class='ocrx_word' id='word_1_299' title='bbox 449 2521 586 2555; x_wconf 88' lang='lat' dir='ltr'>saevius</span> <span class='ocrx_word' id='word_1_300' title='bbox 609 2526 662 2554; x_wconf 80' lang='lat' dir='ltr'>est</span> <span class='ocrx_word' id='word_1_301' title='bbox 679 2521 857 2567; x_wconf 87' lang='lat' dir='ltr'>magisque</span> 
     </span>
     <span class='ocr_line' id='line_1_49' title="bbox 42 2566 854 2613; baseline -0.001 -10"><span class='ocrx_word' id='word_1_302' title='bbox 42 2568 319 2613; x_wconf 80' lang='lat' dir='ltr'>sanguinarium,</span> <span class='ocrx_word' id='word_1_303' title='bbox 345 2574 441 2602; x_wconf 81' lang='lat' dir='ltr'>certe</span> <span class='ocrx_word' id='word_1_304' title='bbox 465 2569 499 2602; x_wconf 91' lang='lat' dir='ltr'>in</span> <span class='ocrx_word' id='word_1_305' title='bbox 524 2566 707 2611; x_wconf 84' lang='lat' dir='ltr'>frigidiore</span> <span class='ocrx_word' id='word_1_306' title='bbox 731 2569 854 2613; x_wconf 81' lang='lat' dir='ltr'>plaga·</span> 
     </span>
    </p>

    <p class='ocr_par' dir='ltr' id='par_1_13' title="bbox 39 2614 857 2935">
     <span class='ocr_line' id='line_1_50' title="bbox 41 2614 857 2660; baseline -0.001 -12"><span class='ocrx_word' id='word_1_307' title='bbox 41 2626 118 2648; x_wconf 83' lang='lat' dir='ltr'>nam</span> <span class='ocrx_word' id='word_1_308' title='bbox 143 2615 293 2649; x_wconf 82' lang='lat' dir='ltr'>Africam</span> <span class='ocrx_word' id='word_1_309' title='bbox 318 2614 456 2660; x_wconf 87' lang='lat' dir='ltr'>quidem</span> <span class='ocrx_word' id='word_1_310' title='bbox 480 2618 515 2648; x_wconf 82' lang='lat' dir='ltr'>et</span> <span class='ocrx_word' id='word_1_311' title='bbox 540 2615 737 2658; x_wconf 86' lang='lat' dir='ltr'>Aegyptum</span> <span class='ocrx_word' id='word_1_312' title='bbox 762 2615 857 2648; x_wconf 89' lang='lat' dir='ltr'>iner-</span> 
     </span>
     <span class='ocr_line' id='line_1_51' title="bbox 41 2660 856 2706; baseline -0.001 -11"><span class='ocrx_word' id='word_1_313' title='bbox 41 2665 96 2695; x_wconf 86' lang='lat' dir='ltr'>tes</span> <span class='ocrx_word' id='word_1_314' title='bbox 119 2672 315 2706; x_wconf 86' lang='lat' dir='ltr'>parvosque</span> <span class='ocrx_word' id='word_1_315' title='bbox 338 2661 483 2705; x_wconf 82' lang='lat' dir='ltr'>gignere</span> <span class='ocrx_word' id='word_1_316' title='bbox 508 2660 607 2705; x_wconf 90' lang='lat' dir='ltr'>lupos</span> <span class='ocrx_word' id='word_1_317' title='bbox 626 2660 772 2694; x_wconf 82' lang='lat' dir='ltr'>tradidit</span> <span class='ocrx_word' id='word_1_318' title='bbox 785 2660 856 2694; x_wconf 91' lang='lat' dir='ltr'>Pli-</span> 
     </span>
     <span class='ocr_line' id='line_1_52' title="bbox 42 2706 854 2752; baseline 0 -12"><span class='ocrx_word' id='word_1_319' title='bbox 42 2706 118 2740; x_wconf 88' lang='lat' dir='ltr'>nius</span> <span class='ocrx_word' id='word_1_320' title='bbox 143 2709 185 2749; x_wconf 89' lang='grc'>8,</span> <span class='ocrx_word' id='word_1_321' title='bbox 205 2709 261 2743; x_wconf 89' lang='grc'>22.</span> <span class='ocrx_word' id='word_1_322' title='bbox 310 2708 438 2752; x_wconf 87' lang='lat' dir='ltr'>‚‚Virg.</span> <span class='ocrx_word' id='word_1_323' title='bbox 459 2709 545 2740; x_wconf 90' lang='lat' dir='ltr'>Aen.</span> <span class='ocrx_word' id='word_1_324' title='bbox 563 2708 606 2747; x_wconf 88' lang='grc'><em>2,</em></span> <span class='ocrx_word' id='word_1_325' title='bbox 631 2707 731 2741; x_wconf 77' lang='grc'><strong>355.;</strong></span> <span class='ocrx_word' id='word_1_326' title='bbox 760 2707 854 2748; x_wconf 79' lang='lat' dir='ltr'>inde,</span> 
     </span>
     <span class='ocr_line' id='line_1_53' title="bbox 42 2753 856 2798; baseline 0 -12"><span class='ocrx_word' id='word_1_327' title='bbox 42 2753 117 2796; x_wconf 84' lang='lat' dir='ltr'>lupi</span> <span class='ocrx_word' id='word_1_328' title='bbox 139 2765 199 2787; x_wconf 87' lang='lat' dir='ltr'>ceu</span> <span class='ocrx_word' id='word_1_329' title='bbox 231 2754 400 2798; x_wconf 77' lang='lat' dir='ltr'>Raptores</span> <span class='ocrx_word' id='word_1_330' title='bbox 427 2759 510 2787; x_wconf 86' lang='lat' dir='ltr'>atra</span> <span class='ocrx_word' id='word_1_331' title='bbox 537 2753 574 2786; x_wconf 88' lang='lat' dir='ltr'>in</span> <span class='ocrx_word' id='word_1_332' title='bbox 598 2754 744 2793; x_wconf 81' lang='lat' dir='ltr'>nebula,</span> <span class='ocrx_word' id='word_1_333' title='bbox 771 2765 856 2797; x_wconf 83' lang='lat' dir='ltr'>quos</span> 
     </span>
     <span class='ocr_line' id='line_1_54' title="bbox 42 2799 856 2844; baseline -0.001 -11"><span class='ocrx_word' id='word_1_334' title='bbox 42 2799 199 2843; x_wconf 80' lang='lat' dir='ltr'>improba</span> <span class='ocrx_word' id='word_1_335' title='bbox 215 2801 344 2834; x_wconf 77' lang='lat' dir='ltr'>ventris</span> <span class='ocrx_word' id='word_1_336' title='bbox 362 2800 491 2844; x_wconf 75' lang='lat' dir='ltr'>Exegit</span> <span class='ocrx_word' id='word_1_337' title='bbox 511 2810 628 2832; x_wconf 86' lang='lat' dir='ltr'>caecos</span> <span class='ocrx_word' id='word_1_338' title='bbox 647 2800 774 2839; x_wconf 84' lang='lat' dir='ltr'>rabies,</span> <span class='ocrx_word' id='word_1_339' title='bbox 796 2811 856 2832; x_wconf 89' lang='lat' dir='ltr'>ca-</span> 
     </span>
     <span class='ocr_line' id='line_1_55' title="bbox 42 2846 854 2890; baseline -0.002 -10"><span class='ocrx_word' id='word_1_340' title='bbox 42 2847 174 2890; x_wconf 82' lang='lat' dir='ltr'>tulique</span> <span class='ocrx_word' id='word_1_341' title='bbox 198 2847 309 2879; x_wconf 77' lang='lat' dir='ltr'>relicti</span> <span class='ocrx_word' id='word_1_342' title='bbox 339 2847 509 2880; x_wconf 81' lang='lat' dir='ltr'>Faucibus</span> <span class='ocrx_word' id='word_1_343' title='bbox 535 2850 718 2888; x_wconf 73' lang='lat' dir='ltr'>expectant</span> <span class='ocrx_word' id='word_1_344' title='bbox 745 2846 854 2886; x_wconf 86' lang='lat' dir='ltr'>siccis,</span> 
     </span>
     <span class='ocr_line' id='line_1_56' title="bbox 39 2892 855 2935; baseline 0 -11"><span class='ocrx_word' id='word_1_345' title='bbox 39 2903 103 2934; x_wconf 86' lang='lat' dir='ltr'>per</span> <span class='ocrx_word' id='word_1_346' title='bbox 122 2893 214 2933; x_wconf 87' lang='lat' dir='ltr'>tela,</span> <span class='ocrx_word' id='word_1_347' title='bbox 238 2903 301 2935; x_wconf 83' lang='lat' dir='ltr'>per</span> <span class='ocrx_word' id='word_1_348' title='bbox 322 2893 446 2934; x_wconf 78' lang='lat' dir='ltr'>hostis,</span> <span class='ocrx_word' id='word_1_349' title='bbox 485 2892 653 2925; x_wconf 81' lang='lat' dir='ltr'>Vadimus</span> <span class='ocrx_word' id='word_1_350' title='bbox 674 2892 770 2925; x_wconf 76' lang='lat' dir='ltr'>haud</span> <span class='ocrx_word' id='word_1_351' title='bbox 791 2892 855 2925; x_wconf 87' lang='lat' dir='ltr'>du-</span> 
     </span>
    </p>

    <p class='ocr_par' dir='ltr' id='par_1_14' title="bbox 39 2937 854 3030">
     <span class='ocr_line' id='line_1_57' title="bbox 39 2937 854 2984; baseline 0.004 -13"><span class='ocrx_word' id='word_1_352' title='bbox 39 2939 157 2972; x_wconf 84' lang='lat' dir='ltr'>biam&#39;</span> <span class='ocrx_word' id='word_1_353' title='bbox 144 2951 181 2972; x_wconf 88' lang='grc' dir='ltr'>ιη</span> <span class='ocrx_word' id='word_1_354' title='bbox 196 2944 350 2973; x_wconf 81' lang='lat' dir='ltr'>mortem.</span> <span class='ocrx_word' id='word_1_355' title='bbox 355 2941 379 2958; x_wconf 87' lang='lat'><strong>“</strong></span> <span class='ocrx_word' id='word_1_356' title='bbox 399 2939 473 2981; x_wconf 89' lang='lat' dir='ltr'>cl.)</span> <span class='ocrx_word' id='word_1_357' title='bbox 498 2940 667 2974; x_wconf 77' lang='grc' dir='ltr'><em>θυνον.</em></span> <span class='ocrx_word' id='word_1_358' title='bbox 694 2937 758 2984; x_wconf 88' lang='grc' dir='ltr'><em>(β’,</em></span> <span class='ocrx_word' id='word_1_359' title='bbox 773 2937 854 2981; x_wconf 82' lang='grc'>446,</span> 
     </span>
     <span class='ocr_line' id='line_1_58' title="bbox 40 2964 816 3030; baseline -0.003 -10"><span class='ocrx_word' id='word_1_360' title='bbox 40 2982 78 3027; x_wconf 81' lang='grc' dir='ltr'>ε’,</span> <span class='ocrx_word' id='word_1_361' title='bbox 95 2985 140 3020; x_wconf 90' lang='grc'>87</span> <span class='ocrx_word' id='word_1_362' title='bbox 159 2986 245 3029; x_wconf 85' lang='lat' dir='ltr'>etc.)</span> <span class='ocrx_word' id='word_1_363' title='bbox 271 2983 536 3027; x_wconf 80' lang='grc' dir='ltr'><em>ἐνθουσιωδιός</em></span> <span class='ocrx_word' id='word_1_364' title='bbox 559 2982 704 3030; x_wconf 75' lang='grc' dir='ltr'><em>ὥρμων.</em></span> <span class='ocrx_word' id='word_1_365' title='bbox 732 2964 816 3019; x_wconf 63' lang='lat' dir='ltr'><strong>S’ch.</strong></span> 
     </span>
    </p>
   </div>
   <div class='ocr_carea' id='block_1_10' title="bbox 900 1308 1726 3029">
    <p class='ocr_par' dir='ltr' id='par_1_15' title="bbox 903 1308 1726 2136">
     <span class='ocr_line' id='line_1_59' title="bbox 955 1308 1726 1349; baseline -0.004 -1"><span class='ocrx_word' id='word_1_366' title='bbox 955 1314 1125 1348; x_wconf 85' lang='lat'><strong>76—83.</strong></span> <span class='ocrx_word' id='word_1_367' title='bbox 1174 1312 1425 1348; x_wconf 79' lang='grc' dir='ltr'><em>καθείατο</em></span> <span class='ocrx_word' id='word_1_368' title='bbox 1452 1312 1557 1345; x_wconf 83' lang='lat' dir='ltr'>etiam</span> <span class='ocrx_word' id='word_1_369' title='bbox 1577 1308 1625 1349; x_wconf 75' lang='grc' dir='ltr'><em>ν’,</em></span> <span class='ocrx_word' id='word_1_370' title='bbox 1646 1312 1726 1347; x_wconf 90' lang='grc'><strong>153.</strong></span> 
     </span>
     <span class='ocr_line' id='line_1_60' title="bbox 909 1357 1725 1404; baseline -0.002 -11"><span class='ocrx_word' id='word_1_371' title='bbox 909 1364 944 1393; x_wconf 84' lang='lat' dir='ltr'>et</span> <span class='ocrx_word' id='word_1_372' title='bbox 968 1358 1021 1401; x_wconf 86' lang='grc' dir='ltr'><em>ω’,</em></span> <span class='ocrx_word' id='word_1_373' title='bbox 1045 1361 1124 1395; x_wconf 87' lang='grc'><strong>473.</strong></span> <span class='ocrx_word' id='word_1_374' title='bbox 1152 1359 1305 1403; x_wconf 82' lang='lat' dir='ltr'>legitur,</span> <span class='ocrx_word' id='word_1_375' title='bbox 1338 1358 1382 1393; x_wconf 90' lang='lat' dir='ltr'>de</span> <span class='ocrx_word' id='word_1_376' title='bbox 1407 1370 1472 1404; x_wconf 88' lang='lat' dir='ltr'>quo</span> <span class='ocrx_word' id='word_1_377' title='bbox 1498 1370 1531 1392; x_wconf 88' lang='lat' dir='ltr'>v.</span> <span class='ocrx_word' id='word_1_378' title='bbox 1582 1358 1612 1392; x_wconf 86' lang='lat' dir='ltr'>si</span> <span class='ocrx_word' id='word_1_379' title='bbox 1635 1357 1725 1392; x_wconf 78' lang='lat' dir='ltr'>tanti</span> 
     </span>
     <span class='ocr_line' id='line_1_61' title="bbox 909 1372 1725 1449; baseline -0.001 -10"><span class='ocrx_word' id='word_1_380' title='bbox 909 1410 984 1448; x_wconf 86' lang='lat' dir='ltr'>est,</span> <span class='ocrx_word' id='word_1_381' title='bbox 1021 1407 1148 1440; x_wconf 79' lang='lat' dir='ltr'>Matth.</span> <span class='ocrx_word' id='word_1_382' title='bbox 1176 1408 1209 1447; x_wconf 83' lang='lat'>§.</span> <span class='ocrx_word' id='word_1_383' title='bbox 1229 1406 1309 1441; x_wconf 75' lang='lat'>235.</span> <span class='ocrx_word' id='word_1_384' title='bbox 1337 1410 1374 1439; x_wconf 84' lang='lat' dir='ltr'>et</span> <span class='ocrx_word' id='word_1_385' title='bbox 1396 1372 1653 1449; x_wconf 82' lang='lat' dir='ltr'>grammaticOS.</span> <span class='ocrx_word' id='word_1_386' title='bbox 1679 1423 1725 1429; x_wconf 89' lang='lat'>—</span> 
     </span>
     <span class='ocr_line' id='line_1_62' title="bbox 908 1450 1726 1497; baseline 0 -11"><span class='ocrx_word' id='word_1_387' title='bbox 908 1452 1107 1496; x_wconf 83' lang='grc' dir='ltr'><em>πτύχας.</em></span> <span class='ocrx_word' id='word_1_388' title='bbox 1151 1456 1216 1496; x_wconf 90' lang='lat' dir='ltr'>Ap.</span> <span class='ocrx_word' id='word_1_389' title='bbox 1253 1452 1471 1485; x_wconf 82' lang='lat' dir='ltr'>emendatus.</span> <span class='ocrx_word' id='word_1_390' title='bbox 1506 1450 1654 1497; x_wconf 84' lang='grc' dir='ltr'><em>πτύχες.</em></span> <span class='ocrx_word' id='word_1_391' title='bbox 1684 1450 1726 1486; x_wconf 74' lang='lat' dir='ltr'>ai</span> 
     </span>
     <span class='ocr_line' id='line_1_63' title="bbox 909 1495 1725 1543; baseline -0.002 -10"><span class='ocrx_word' id='word_1_392' title='bbox 909 1500 984 1533; x_wconf 78' lang='grc' dir='ltr'>τῶν</span> <span class='ocrx_word' id='word_1_393' title='bbox 1010 1499 1110 1542; x_wconf 79' lang='grc' dir='ltr'><em>ὀρῶν</em></span> <span class='ocrx_word' id='word_1_394' title='bbox 1133 1500 1373 1538; x_wconf 81' lang='grc' dir='ltr'><em>κατακλίσεις.</em></span> <span class='ocrx_word' id='word_1_395' title='bbox 1420 1498 1465 1532; x_wconf 89' lang='lat' dir='ltr'>cf.</span> <span class='ocrx_word' id='word_1_396' title='bbox 1499 1509 1577 1534; x_wconf 83' lang='lat' dir='ltr'>ann.</span> <span class='ocrx_word' id='word_1_397' title='bbox 1609 1497 1653 1532; x_wconf 84' lang='lat' dir='ltr'>ad</span> <span class='ocrx_word' id='word_1_398' title='bbox 1676 1495 1725 1543; x_wconf 84' lang='grc' dir='ltr'><em>η’,</em></span> 
     </span>
     <span class='ocr_line' id='line_1_64' title="bbox 909 1542 1724 1589; baseline -0.002 -9"><span class='ocrx_word' id='word_1_399' title='bbox 909 1545 1011 1589; x_wconf 86' lang='grc'><strong>247.)</strong></span> <span class='ocrx_word' id='word_1_400' title='bbox 1047 1545 1149 1579; x_wconf 89' lang='lat' dir='ltr'><strong>Sch..·</strong></span> <span class='ocrx_word' id='word_1_401' title='bbox 1187 1542 1371 1588; x_wconf 79' lang='grc' dir='ltr'><em>ὀρέξαι.</em></span> <span class='ocrx_word' id='word_1_402' title='bbox 1403 1543 1462 1588; x_wconf 84' lang='grc' dir='ltr'><em>(ε’,</em></span> <span class='ocrx_word' id='word_1_403' title='bbox 1487 1545 1566 1588; x_wconf 88' lang='grc'><strong>33.)</strong></span> <span class='ocrx_word' id='word_1_404' title='bbox 1603 1557 1724 1587; x_wconf 85' lang='grc' dir='ltr'><em>παρα-</em></span> 
     </span>
     <span class='ocr_line' id='line_1_65' title="bbox 909 1588 1724 1650; baseline -0.001 -23"><span class='ocrx_word' id='word_1_405' title='bbox 909 1595 1020 1650; x_wconf 84' lang='grc' dir='ltr'><em>σχεῖν.</em></span> <span class='ocrx_word' id='word_1_406' title='bbox 1069 1590 1156 1627; x_wconf 83' lang='lat' dir='ltr'>ov&#39;n</span> <span class='ocrx_word' id='word_1_407' title='bbox 1182 1589 1389 1636; x_wconf 78' lang='grc' dir='ltr'><em>ἀλέγιζε</em></span> <span class='ocrx_word' id='word_1_408' title='bbox 1425 1588 1493 1647; x_wconf 84' lang='grc' dir='ltr'><em>(α’,</em></span> <span class='ocrx_word' id='word_1_409' title='bbox 1520 1591 1619 1635; x_wconf 86' lang='grc'><strong>160.)</strong></span> <span class='ocrx_word' id='word_1_410' title='bbox 1654 1604 1724 1627; x_wconf 82' lang='grc' dir='ltr'>ουκ</span> 
     </span>
     <span class='ocr_line' id='line_1_66' title="bbox 907 1635 1722 1683; baseline 0 -10"><span class='ocrx_word' id='word_1_411' title='bbox 907 1636 1112 1683; x_wconf 78' lang='grc' dir='ltr'><em>ἐφρόντιζε.</em></span> <span class='ocrx_word' id='word_1_412' title='bbox 1149 1639 1415 1683; x_wconf 76' lang='grc' dir='ltr'><em>(λιασθείς.</em></span> <span class='ocrx_word' id='word_1_413' title='bbox 1452 1635 1499 1679; x_wconf 86' lang='grc' dir='ltr'>α’,</span> <span class='ocrx_word' id='word_1_414' title='bbox 1534 1637 1642 1681; x_wconf 79' lang='lat'><strong>349.)</strong></span> <span class='ocrx_word' id='word_1_415' title='bbox 1677 1654 1722 1663; x_wconf 81' lang='lat'>—</span> 
     </span>
     <span class='ocr_line' id='line_1_67' title="bbox 908 1684 1723 1740; baseline 0.001 -21"><span class='ocrx_word' id='word_1_416' title='bbox 908 1685 1154 1740; x_wconf 20' lang='lat' dir='ltr'>‚Madumbravit</span> <span class='ocrx_word' id='word_1_417' title='bbox 1186 1686 1274 1719; x_wconf 85' lang='lat' dir='ltr'>haec</span> <span class='ocrx_word' id='word_1_418' title='bbox 1298 1684 1396 1728; x_wconf 85' lang='lat' dir='ltr'>Virg.</span> <span class='ocrx_word' id='word_1_419' title='bbox 1423 1685 1506 1718; x_wconf 89' lang='lat' dir='ltr'>Aen.</span> <span class='ocrx_word' id='word_1_420' title='bbox 1534 1686 1600 1727; x_wconf 88' lang='grc'><em>10,</em></span> <span class='ocrx_word' id='word_1_421' title='bbox 1624 1685 1723 1720; x_wconf 92' lang='grc'><strong>755..</strong></span> 
     </span>
     <span class='ocr_line' id='line_1_68' title="bbox 903 1731 1724 1776; baseline 0.001 -12"><span class='ocrx_word' id='word_1_422' title='bbox 903 1733 984 1775; x_wconf 82' lang='lat' dir='ltr'>jam</span> <span class='ocrx_word' id='word_1_423' title='bbox 1021 1732 1144 1776; x_wconf 79' lang='lat' dir='ltr'>gravis</span> <span class='ocrx_word' id='word_1_424' title='bbox 1177 1732 1353 1776; x_wconf 80' lang='lat' dir='ltr'>aequabat</span> <span class='ocrx_word' id='word_1_425' title='bbox 1394 1731 1506 1764; x_wconf 83' lang='lat' dir='ltr'>luctus</span> <span class='ocrx_word' id='word_1_426' title='bbox 1539 1735 1573 1764; x_wconf 84' lang='lat' dir='ltr'>et</span> <span class='ocrx_word' id='word_1_427' title='bbox 1600 1736 1724 1766; x_wconf 84' lang='lat' dir='ltr'>mutua</span> 
     </span>
     <span class='ocr_line' id='line_1_69' title="bbox 907 1777 1722 1821; baseline 0 -10"><span class='ocrx_word' id='word_1_428' title='bbox 907 1779 1050 1812; x_wconf 81' lang='lat' dir='ltr'>Mavors</span> <span class='ocrx_word' id='word_1_429' title='bbox 1069 1778 1230 1819; x_wconf 78' lang='lat' dir='ltr'>Funera3</span> <span class='ocrx_word' id='word_1_430' title='bbox 1255 1777 1448 1811; x_wconf 79' lang='lat' dir='ltr'>caedebant</span> <span class='ocrx_word' id='word_1_431' title='bbox 1468 1777 1625 1820; x_wconf 81' lang='lat' dir='ltr'>pariter,</span> <span class='ocrx_word' id='word_1_432' title='bbox 1655 1789 1722 1821; x_wconf 83' lang='lat' dir='ltr'>pa—</span> 
     </span>
     <span class='ocr_line' id='line_1_70' title="bbox 906 1824 1724 1868; baseline 0 -10"><span class='ocrx_word' id='word_1_433' title='bbox 906 1825 1055 1868; x_wconf 84' lang='lat' dir='ltr'>riterque</span> <span class='ocrx_word' id='word_1_434' title='bbox 1076 1825 1225 1858; x_wconf 82' lang='lat' dir='ltr'>ruebant</span> <span class='ocrx_word' id='word_1_435' title='bbox 1250 1825 1403 1858; x_wconf 69' lang='lat' dir='ltr'>Victores</span> <span class='ocrx_word' id='word_1_436' title='bbox 1420 1824 1591 1868; x_wconf 84' lang='lat' dir='ltr'>victique,</span> <span class='ocrx_word' id='word_1_437' title='bbox 1613 1835 1724 1868; x_wconf 81' lang='lat' dir='ltr'>neque</span> 
     </span>
     <span class='ocr_line' id='line_1_71' title="bbox 905 1870 1723 1915; baseline 0.001 -12"><span class='ocrx_word' id='word_1_438' title='bbox 905 1871 960 1904; x_wconf 81' lang='lat' dir='ltr'>his</span> <span class='ocrx_word' id='word_1_439' title='bbox 976 1874 1074 1915; x_wconf 83' lang='lat' dir='ltr'>fuga</span> <span class='ocrx_word' id='word_1_440' title='bbox 1094 1876 1178 1904; x_wconf 80' lang='lat' dir='ltr'>nota</span> <span class='ocrx_word' id='word_1_441' title='bbox 1198 1883 1259 1904; x_wconf 77' lang='lat' dir='ltr'>nec</span> <span class='ocrx_word' id='word_1_442' title='bbox 1274 1871 1357 1906; x_wconf 78' lang='lat' dir='ltr'>illis.</span> <span class='ocrx_word' id='word_1_443' title='bbox 1391 1871 1436 1904; x_wconf 71' lang='lat' dir='ltr'>Di</span> <span class='ocrx_word' id='word_1_444' title='bbox 1456 1871 1551 1903; x_wconf 83' lang='lat' dir='ltr'>Jovis</span> <span class='ocrx_word' id='word_1_445' title='bbox 1568 1870 1604 1903; x_wconf 83' lang='lat' dir='ltr'>in</span> <span class='ocrx_word' id='word_1_446' title='bbox 1624 1872 1723 1905; x_wconf 81' lang='lat' dir='ltr'>tectis</span> 
     </span>
     <span class='ocr_line' id='line_1_72' title="bbox 905 1917 1723 1959; baseline 0.001 -9"><span class='ocrx_word' id='word_1_447' title='bbox 905 1918 996 1950; x_wconf 89' lang='lat' dir='ltr'>iram</span> <span class='ocrx_word' id='word_1_448' title='bbox 1022 1918 1232 1950; x_wconf 83' lang='lat' dir='ltr'>miserantur</span> <span class='ocrx_word' id='word_1_449' title='bbox 1257 1918 1397 1950; x_wconf 80' lang='lat' dir='ltr'>inanem</span> <span class='ocrx_word' id='word_1_450' title='bbox 1437 1917 1647 1959; x_wconf 74' lang='lat' dir='ltr'>Araborum,</span> <span class='ocrx_word' id='word_1_451' title='bbox 1688 1921 1723 1951; x_wconf 88' lang='lat' dir='ltr'>et</span> 
     </span>
     <span class='ocr_line' id='line_1_73' title="bbox 905 1963 1720 1998; baseline 0.001 -2"><span class='ocrx_word' id='word_1_452' title='bbox 905 1968 1022 1997; x_wconf 77' lang='lat' dir='ltr'>tantos</span> <span class='ocrx_word' id='word_1_453' title='bbox 1046 1964 1250 1997; x_wconf 81' lang='lat' dir='ltr'>mortalibus</span> <span class='ocrx_word' id='word_1_454' title='bbox 1268 1975 1338 1997; x_wconf 86' lang='lat' dir='ltr'>esse</span> <span class='ocrx_word' id='word_1_455' title='bbox 1356 1963 1503 1996; x_wconf 84' lang='lat' dir='ltr'>labores.</span> <span class='ocrx_word' id='word_1_456' title='bbox 1538 1963 1633 1997; x_wconf 85' lang='lat' dir='ltr'>Hinc</span> <span class='ocrx_word' id='word_1_457' title='bbox 1655 1964 1720 1998; x_wconf 89' lang='lat' dir='ltr'>Ve-</span> 
     </span>
     <span class='ocr_line' id='line_1_74' title="bbox 904 2009 1722 2053; baseline 0.001 -11"><span class='ocrx_word' id='word_1_458' title='bbox 904 2021 988 2050; x_wconf 84' lang='lat' dir='ltr'>nus,</span> <span class='ocrx_word' id='word_1_459' title='bbox 1017 2009 1097 2043; x_wconf 82' lang='lat' dir='ltr'>hinc</span> <span class='ocrx_word' id='word_1_460' title='bbox 1119 2015 1239 2043; x_wconf 82' lang='lat' dir='ltr'>contra</span> <span class='ocrx_word' id='word_1_461' title='bbox 1259 2015 1392 2053; x_wconf 80' lang='lat' dir='ltr'>spectat</span> <span class='ocrx_word' id='word_1_462' title='bbox 1415 2010 1587 2043; x_wconf 82' lang='lat' dir='ltr'>Saturnia</span> <span class='ocrx_word' id='word_1_463' title='bbox 1609 2010 1722 2051; x_wconf 80' lang='lat' dir='ltr'>Jun03</span> 
     </span>
     <span class='ocr_line' id='line_1_75' title="bbox 906 2056 1720 2100; baseline 0.004 -12"><span class='ocrx_word' id='word_1_464' title='bbox 906 2056 1051 2089; x_wconf 86' lang='lat' dir='ltr'>Pallida</span> <span class='ocrx_word' id='word_1_465' title='bbox 1064 2056 1250 2100; x_wconf 82' lang='lat' dir='ltr'>Tisiphone</span> <span class='ocrx_word' id='word_1_466' title='bbox 1265 2057 1385 2091; x_wconf 87' lang='lat' dir='ltr'>media</span> <span class='ocrx_word' id='word_1_467' title='bbox 1404 2057 1496 2090; x_wconf 82' lang='lat' dir='ltr'>inter</span> <span class='ocrx_word' id='word_1_468' title='bbox 1513 2056 1626 2090; x_wconf 80' lang='lat' dir='ltr'>millia</span> <span class='ocrx_word' id='word_1_469' title='bbox 1642 2068 1720 2091; x_wconf 87' lang='lat' dir='ltr'>sae-</span> 
     </span>
     <span class='ocr_line' id='line_1_76' title="bbox 903 2102 1270 2136; baseline 0.003 -1"><span class='ocrx_word' id='word_1_470' title='bbox 903 2103 991 2136; x_wconf 82' lang='lat' dir='ltr'>vit.“</span> <span class='ocrx_word' id='word_1_471' title='bbox 1017 2102 1069 2135; x_wconf 88' lang='lat' dir='ltr'>Cl.</span> <span class='ocrx_word' id='word_1_472' title='bbox 1090 2108 1126 2136; x_wconf 84' lang='lat' dir='ltr'>et</span> <span class='ocrx_word' id='word_1_473' title='bbox 1144 2103 1270 2136; x_wconf 83' lang='lat' dir='ltr'>Eichh.</span> 
     </span>
    </p>

    <p class='ocr_par' dir='ltr' id='par_1_16' title="bbox 903 2141 1719 2323">
     <span class='ocr_line' id='line_1_77' title="bbox 951 2141 1719 2193; baseline -0.001 -9"><span class='ocrx_word' id='word_1_474' title='bbox 951 2147 1017 2190; x_wconf 78' lang='lat'>84,</span> <span class='ocrx_word' id='word_1_475' title='bbox 1043 2149 1076 2184; x_wconf 87' lang='lat'>5.</span> <span class='ocrx_word' id='word_1_476' title='bbox 1124 2147 1178 2190; x_wconf 78' lang='grc' dir='ltr'><em>θ’,</em></span> <span class='ocrx_word' id='word_1_477' title='bbox 1209 2151 1276 2191; x_wconf 83' lang='grc'>66,</span> <span class='ocrx_word' id='word_1_478' title='bbox 1311 2149 1368 2184; x_wconf 86' lang='lat'>67.</span> <span class='ocrx_word' id='word_1_479' title='bbox 1413 2147 1547 2192; x_wconf 69' lang='grc' dir='ltr'><em>ἱερὸν</em></span> <span class='ocrx_word' id='word_1_480' title='bbox 1579 2141 1719 2193; x_wconf 75' lang='grc' dir='ltr'><em>ἦμαρ,</em></span> 
     </span>
     <span class='ocr_line' id='line_1_78' title="bbox 903 2195 1718 2240; baseline 0.001 -12"><span class='ocrx_word' id='word_1_481' title='bbox 903 2205 1007 2228; x_wconf 87' lang='lat' dir='ltr'>sacra</span> <span class='ocrx_word' id='word_1_482' title='bbox 1040 2196 1132 2238; x_wconf 75' lang='lat' dir='ltr'>(lies,</span> <span class='ocrx_word' id='word_1_483' title='bbox 1168 2196 1201 2229; x_wconf 89' lang='lat' dir='ltr'>h.</span> <span class='ocrx_word' id='word_1_484' title='bbox 1226 2208 1256 2228; x_wconf 91' lang='lat' dir='ltr'>e.</span> <span class='ocrx_word' id='word_1_485' title='bbox 1289 2195 1394 2237; x_wconf 88' lang='lat' dir='ltr'>alma,</span> <span class='ocrx_word' id='word_1_486' title='bbox 1436 2195 1718 2240; x_wconf 85' lang='lat' dir='ltr'>quemadmodum</span> 
     </span>
     <span class='ocr_line' id='line_1_79' title="bbox 903 2241 1717 2286; baseline 0 -11"><span class='ocrx_word' id='word_1_487' title='bbox 903 2241 1045 2286; x_wconf 83' lang='grc' dir='ltr'><em>κνέφας</em></span> <span class='ocrx_word' id='word_1_488' title='bbox 1069 2241 1169 2285; x_wconf 80' lang='grc' dir='ltr'><em>ἱερὸν</em></span> <span class='ocrx_word' id='word_1_489' title='bbox 1204 2241 1291 2275; x_wconf 88' lang='lat' dir='ltr'>dixit</span> <span class='ocrx_word' id='word_1_490' title='bbox 1322 2241 1416 2276; x_wconf 83' lang='lat' dir='ltr'>infra</span> <span class='ocrx_word' id='word_1_491' title='bbox 1448 2241 1526 2278; x_wconf 91' lang='grc'><strong>194.</strong></span> <span class='ocrx_word' id='word_1_492' title='bbox 1561 2246 1597 2276; x_wconf 82' lang='lat' dir='ltr'>et</span> <span class='ocrx_word' id='word_1_493' title='bbox 1619 2241 1717 2276; x_wconf 84' lang='lat' dir='ltr'>alias.</span> 
     </span>
     <span class='ocr_line' id='line_1_80' title="bbox 903 2287 1284 2331; baseline -0.003 -9"><span class='ocrx_word' id='word_1_494' title='bbox 903 2300 937 2322; x_wconf 91' lang='lat' dir='ltr'>v.</span> <span class='ocrx_word' id='word_1_495' title='bbox 963 2300 1040 2324; x_wconf 91' lang='lat' dir='ltr'>ann.</span> <span class='ocrx_word' id='word_1_496' title='bbox 1065 2288 1108 2322; x_wconf 89' lang='lat' dir='ltr'>ad</span> <span class='ocrx_word' id='word_1_497' title='bbox 1133 2287 1187 2331; x_wconf 82' lang='grc' dir='ltr'><em>θ’,</em></span> <span class='ocrx_word' id='word_1_498' title='bbox 1206 2288 1228 2321; x_wconf 93' lang='lat' dir='ltr'>l.</span> <span class='ocrx_word' id='word_1_499' title='bbox 1255 2299 1284 2321; x_wconf 90' lang='lat' dir='ltr'>c.</span> 
     </span>
    </p>

    <p class='ocr_par' dir='ltr' id='par_1_17' title="bbox 900 2329 1718 3029">
     <span class='ocr_line' id='line_1_81' title="bbox 951 2329 1717 2393; baseline -0.003 -23"><span class='ocrx_word' id='word_1_500' title='bbox 951 2337 996 2370; x_wconf 87' lang='lat'>85</span> <span class='ocrx_word' id='word_1_501' title='bbox 1019 2354 1063 2359; x_wconf 89' lang='grc'>-</span> <span class='ocrx_word' id='word_1_502' title='bbox 1087 2339 1164 2372; x_wconf 87' lang='lat'>100</span> <span class='ocrx_word' id='word_1_503' title='bbox 1223 2332 1482 2393; x_wconf 83' lang='grc' dir='ltr'><em>δρυτόμος.</em></span> <span class='ocrx_word' id='word_1_504' title='bbox 1521 2329 1717 2377; x_wconf 87' lang='grc' dir='ltr'><em>υλοτόμος,</em></span> 
     </span>
     <span class='ocr_line' id='line_1_82' title="bbox 903 2379 1718 2439; baseline 0 -24"><span class='ocrx_word' id='word_1_505' title='bbox 903 2379 1120 2425; x_wconf 82' lang='grc' dir='ltr'><em>ξυλοτόμος.</em></span> <span class='ocrx_word' id='word_1_506' title='bbox 1167 2382 1261 2425; x_wconf 81' lang='grc' dir='ltr'><em>δρῦν</em></span> <span class='ocrx_word' id='word_1_507' title='bbox 1292 2380 1362 2439; x_wconf 76' lang='grc' dir='ltr'>γὰρ</span> <span class='ocrx_word' id='word_1_508' title='bbox 1396 2379 1555 2416; x_wconf 79' lang='grc' dir='ltr'><em>ἐκάλουν</em></span> <span class='ocrx_word' id='word_1_509' title='bbox 1581 2380 1617 2416; x_wconf 79' lang='lat' dir='ltr'>ol</span> <span class='ocrx_word' id='word_1_510' title='bbox 1641 2394 1718 2416; x_wconf 82' lang='grc' dir='ltr'>πα-</span> 
     </span>
     <span class='ocr_line' id='line_1_83' title="bbox 900 2422 1718 2472; baseline -0.001 -10"><span class='ocrx_word' id='word_1_511' title='bbox 900 2428 1000 2463; x_wconf 84' lang='grc' dir='ltr'><em>λαιοὶ</em></span> <span class='ocrx_word' id='word_1_512' title='bbox 1026 2429 1102 2462; x_wconf 72' lang='grc' dir='ltr'>πᾶν</span> <span class='ocrx_word' id='word_1_513' title='bbox 1127 2426 1304 2471; x_wconf 86' lang='grc' dir='ltr'><em>δένδρον,</em></span> <span class='ocrx_word' id='word_1_514' title='bbox 1330 2426 1408 2464; x_wconf 85' lang='grc' dir='ltr'>από</span> <span class='ocrx_word' id='word_1_515' title='bbox 1433 2428 1503 2461; x_wconf 83' lang='grc' dir='ltr'>τοῦ</span> <span class='ocrx_word' id='word_1_516' title='bbox 1527 2422 1718 2472; x_wconf 80' lang='grc' dir='ltr'><em>αρχαιοτέ-</em></span> 
     </span>
     <span class='ocr_line' id='line_1_84' title="bbox 902 2473 1716 2519; baseline -0.003 -10"><span class='ocrx_word' id='word_1_517' title='bbox 902 2488 982 2516; x_wconf 87' lang='grc' dir='ltr'><em>ρου.</em></span> <span class='ocrx_word' id='word_1_518' title='bbox 1029 2475 1086 2519; x_wconf 90' lang='lat' dir='ltr'>(h.</span> <span class='ocrx_word' id='word_1_519' title='bbox 1114 2487 1144 2510; x_wconf 89' lang='lat' dir='ltr'>e.</span> <span class='ocrx_word' id='word_1_520' title='bbox 1178 2475 1221 2508; x_wconf 87' lang='lat' dir='ltr'>ab</span> <span class='ocrx_word' id='word_1_521' title='bbox 1247 2473 1483 2519; x_wconf 87' lang='lat' dir='ltr'>antiquissimo</span> <span class='ocrx_word' id='word_1_522' title='bbox 1507 2485 1636 2518; x_wconf 84' lang='lat' dir='ltr'>genere</span> <span class='ocrx_word' id='word_1_523' title='bbox 1660 2484 1716 2507; x_wconf 90' lang='lat' dir='ltr'>ar-</span> 
     </span>
     <span class='ocr_line' id='line_1_85' title="bbox 901 2520 1717 2566; baseline -0.002 -11"><span class='ocrx_word' id='word_1_524' title='bbox 901 2522 1021 2555; x_wconf 92' lang='lat' dir='ltr'>borum</span> <span class='ocrx_word' id='word_1_525' title='bbox 1036 2546 1045 2560; x_wconf 88' lang='grc'>,</span> <span class='ocrx_word' id='word_1_526' title='bbox 1070 2521 1279 2565; x_wconf 77' lang='lat' dir='ltr'>glandisero,</span> <span class='ocrx_word' id='word_1_527' title='bbox 1305 2521 1394 2565; x_wconf 90' lang='lat' dir='ltr'>quod</span> <span class='ocrx_word' id='word_1_528' title='bbox 1420 2520 1565 2566; x_wconf 83' lang='lat' dir='ltr'>primum</span> <span class='ocrx_word' id='word_1_529' title='bbox 1589 2520 1717 2554; x_wconf 88' lang='lat' dir='ltr'>aluisse</span> 
     </span>
     <span class='ocr_line' id='line_1_86' title="bbox 902 2566 1716 2611; baseline -0.002 -10"><span class='ocrx_word' id='word_1_530' title='bbox 902 2566 1067 2607; x_wconf 81' lang='lat' dir='ltr'>homines,</span> <span class='ocrx_word' id='word_1_531' title='bbox 1092 2569 1217 2601; x_wconf 88' lang='lat' dir='ltr'>robore</span> <span class='ocrx_word' id='word_1_532' title='bbox 1241 2572 1278 2600; x_wconf 86' lang='lat' dir='ltr'>et</span> <span class='ocrx_word' id='word_1_533' title='bbox 1301 2579 1430 2611; x_wconf 86' lang='lat' dir='ltr'>quercu</span> <span class='ocrx_word' id='word_1_534' title='bbox 1448 2566 1551 2611; x_wconf 85' lang='lat' dir='ltr'>vulgo</span> <span class='ocrx_word' id='word_1_535' title='bbox 1570 2577 1716 2601; x_wconf 90' lang='lat' dir='ltr'>nascen-</span> 
     </span>
     <span class='ocr_line' id='line_1_87' title="bbox 902 2612 1714 2654; baseline -0.002 -7"><span class='ocrx_word' id='word_1_536' title='bbox 902 2614 1015 2654; x_wconf 76' lang='lat' dir='ltr'>tibus,</span> <span class='ocrx_word' id='word_1_537' title='bbox 1054 2613 1105 2647; x_wconf 83' lang='lat' dir='ltr'>ait.</span> <span class='ocrx_word' id='word_1_538' title='bbox 1127 2613 1213 2647; x_wconf 84' lang='lat' dir='ltr'>Plin.</span> <span class='ocrx_word' id='word_1_539' title='bbox 1242 2614 1288 2647; x_wconf 84' lang='lat' dir='ltr'>H.</span> <span class='ocrx_word' id='word_1_540' title='bbox 1313 2614 1360 2649; x_wconf 93' lang='lat' dir='ltr'>N.</span> <span class='ocrx_word' id='word_1_541' title='bbox 1387 2615 1450 2651; x_wconf 77' lang='lat'>16,</span> <span class='ocrx_word' id='word_1_542' title='bbox 1477 2615 1508 2648; x_wconf 90' lang='lat'>1.</span> <span class='ocrx_word' id='word_1_543' title='bbox 1534 2617 1570 2646; x_wconf 83' lang='lat' dir='ltr'>et</span> <span class='ocrx_word' id='word_1_544' title='bbox 1592 2614 1626 2647; x_wconf 89' lang='lat'>5.</span> <span class='ocrx_word' id='word_1_545' title='bbox 1669 2612 1714 2646; x_wconf 90' lang='lat' dir='ltr'>cf.</span> 
     </span>
     <span class='ocr_line' id='line_1_88' title="bbox 905 2657 1714 2703; baseline -0.002 -8"><span class='ocrx_word' id='word_1_546' title='bbox 905 2661 1014 2703; x_wconf 83' lang='lat'>118.)</span> <span class='ocrx_word' id='word_1_547' title='bbox 1075 2657 1254 2694; x_wconf 80' lang='grc' dir='ltr'><em>ὦπλίσσ</em></span> <span class='ocrx_word' id='word_1_548' title='bbox 1267 2672 1360 2695; x_wconf 91' lang='grc' dir='ltr'><em>ατο.</em></span> <span class='ocrx_word' id='word_1_549' title='bbox 1399 2659 1714 2703; x_wconf 70' lang='grc' dir='ltr'><em>παρεσκευάσατο,</em></span> 
     </span>
     <span class='ocr_line' id='line_1_89' title="bbox 903 2703 1714 2752; baseline -0.004 -12"><span class='ocrx_word' id='word_1_550' title='bbox 903 2703 1115 2750; x_wconf 82' lang='grc' dir='ltr'><em>ἡτοίμασεν.</em></span> <span class='ocrx_word' id='word_1_551' title='bbox 1150 2707 1384 2750; x_wconf 86' lang='grc' dir='ltr'><em>(δεῖπνον.</em></span> <span class='ocrx_word' id='word_1_552' title='bbox 1421 2705 1467 2752; x_wconf 87' lang='grc' dir='ltr'><em>β’,</em></span> <span class='ocrx_word' id='word_1_553' title='bbox 1492 2707 1571 2741; x_wconf 88' lang='grc'><strong>381.</strong></span> <span class='ocrx_word' id='word_1_554' title='bbox 1604 2704 1714 2750; x_wconf 84' lang='lat' dir='ltr'>signi-</span> 
     </span>
     <span class='ocr_line' id='line_1_90' title="bbox 901 2751 1714 2806; baseline -0.002 -20"><span class='ocrx_word' id='word_1_555' title='bbox 901 2753 1040 2786; x_wconf 80' lang='lat' dir='ltr'>ficatum</span> <span class='ocrx_word' id='word_1_556' title='bbox 1075 2759 1231 2797; x_wconf 80' lang='lat' dir='ltr'>tempus,</span> <span class='ocrx_word' id='word_1_557' title='bbox 1265 2764 1327 2797; x_wconf 91' lang='lat' dir='ltr'>pro</span> <span class='ocrx_word' id='word_1_558' title='bbox 1362 2752 1584 2806; x_wconf 84' lang='lat' dir='ltr'>simplicitate</span> <span class='ocrx_word' id='word_1_559' title='bbox 1614 2751 1714 2784; x_wconf 86' lang='lat' dir='ltr'>istius</span> 
     </span>
     <span class='ocr_line' id='line_1_91' title="bbox 902 2797 1714 2845; baseline -0.002 -13"><span class='ocrx_word' id='word_1_560' title='bbox 902 2799 999 2838; x_wconf 83' lang='lat' dir='ltr'>aevi,</span> <span class='ocrx_word' id='word_1_561' title='bbox 1026 2802 1063 2832; x_wconf 84' lang='lat' dir='ltr'>ut</span> <span class='ocrx_word' id='word_1_562' title='bbox 1086 2799 1202 2832; x_wconf 84' lang='lat' dir='ltr'>verbis</span> <span class='ocrx_word' id='word_1_563' title='bbox 1227 2797 1408 2845; x_wconf 86' lang='grc' dir='ltr'><em>βουλυτὸς</em></span> <span class='ocrx_word' id='word_1_564' title='bbox 1432 2799 1582 2842; x_wconf 81' lang='lat' dir='ltr'>(Buttm.</span> <span class='ocrx_word' id='word_1_565' title='bbox 1605 2798 1714 2832; x_wconf 70' lang='lat' dir='ltr'>Leoeil.</span> 
     </span>
     <span class='ocr_line' id='line_1_92' title="bbox 901 2842 1715 2889; baseline 0.001 -12"><span class='ocrx_word' id='word_1_566' title='bbox 901 2845 947 2878; x_wconf 86' lang='grc' dir='ltr'>ΙΙ.</span> <span class='ocrx_word' id='word_1_567' title='bbox 974 2857 1006 2889; x_wconf 88' lang='lat' dir='ltr'>p.</span> <span class='ocrx_word' id='word_1_568' title='bbox 1031 2845 1117 2889; x_wconf 87' lang='grc'><strong>43.)</strong></span> <span class='ocrx_word' id='word_1_569' title='bbox 1154 2850 1188 2878; x_wconf 86' lang='lat' dir='ltr'>et</span> <span class='ocrx_word' id='word_1_570' title='bbox 1221 2857 1276 2889; x_wconf 88' lang='lat' dir='ltr'>ap.</span> <span class='ocrx_word' id='word_1_571' title='bbox 1306 2850 1462 2879; x_wconf 84' lang='lat' dir='ltr'>oratores</span> <span class='ocrx_word' id='word_1_572' title='bbox 1493 2842 1715 2888; x_wconf 82' lang='grc' dir='ltr'><em>πληθούσης</em></span> 
     </span>
     <span class='ocr_line' id='line_1_93' title="bbox 904 2889 1712 2935; baseline -0.001 -10"><span class='ocrx_word' id='word_1_573' title='bbox 904 2890 1052 2935; x_wconf 81' lang='grc' dir='ltr'><em>άγορᾶς.</em></span> <span class='ocrx_word' id='word_1_574' title='bbox 1090 2904 1123 2924; x_wconf 90' lang='lat' dir='ltr'>v.</span> <span class='ocrx_word' id='word_1_575' title='bbox 1148 2891 1241 2925; x_wconf 80' lang='lat' dir='ltr'>infra</span> <span class='ocrx_word' id='word_1_576' title='bbox 1269 2893 1345 2931; x_wconf 88' lang='grc'><strong>173,</strong></span> <span class='ocrx_word' id='word_1_577' title='bbox 1370 2889 1419 2932; x_wconf 84' lang='grc' dir='ltr'><em>π’,</em></span> <span class='ocrx_word' id='word_1_578' title='bbox 1440 2892 1507 2927; x_wconf 87' lang='grc'>779</span> <span class='ocrx_word' id='word_1_579' title='bbox 1528 2896 1592 2925; x_wconf 87' lang='lat' dir='ltr'>etc.</span> <span class='ocrx_word' id='word_1_580' title='bbox 1614 2891 1712 2926; x_wconf 82' lang='grc' dir='ltr'>ΕΚ.</span> 
     </span>
     <span class='ocr_line' id='line_1_94' title="bbox 901 2931 1712 2996; baseline 0.002 -26"><span class='ocrx_word' id='word_1_581' title='bbox 901 2938 1012 2982; x_wconf 85' lang='lat' dir='ltr'>Apoll.</span> <span class='ocrx_word' id='word_1_582' title='bbox 1037 2937 1149 2970; x_wconf 83' lang='lat' dir='ltr'>Rhod.</span> <span class='ocrx_word' id='word_1_583' title='bbox 1182 2939 1224 2978; x_wconf 90' lang='lat'>1,</span> <span class='ocrx_word' id='word_1_584' title='bbox 1252 2939 1374 2972; x_wconf 74' lang='grc'><strong>1175.;</strong></span> <span class='ocrx_word' id='word_1_585' title='bbox 1412 2931 1506 2981; x_wconf 85' lang='grc' dir='ltr'><em>ἦμος</em></span> <span class='ocrx_word' id='word_1_586' title='bbox 1538 2935 1578 2972; x_wconf 87' lang='grc' dir='ltr'>δ’</span> <span class='ocrx_word' id='word_1_587' title='bbox 1574 2935 1712 2996; x_wconf 80' lang='grc' dir='ltr'><em>ἀγρό-</em></span> 
     </span>
     <span class='ocr_line' id='line_1_95' title="bbox 900 2981 1712 3029; baseline 0.001 -10"><span class='ocrx_word' id='word_1_588' title='bbox 900 2987 972 3020; x_wconf 77' lang='grc' dir='ltr'>θεν</span> <span class='ocrx_word' id='word_1_589' title='bbox 1015 2981 1084 3019; x_wconf 81' lang='grc' dir='ltr'><em>εἶσι</em></span> <span class='ocrx_word' id='word_1_590' title='bbox 1119 2981 1368 3029; x_wconf 82' lang='grc' dir='ltr'><em>φυτοσκάφος</em></span> <span class='ocrx_word' id='word_1_591' title='bbox 1399 2992 1466 3020; x_wconf 81' lang='lat' dir='ltr'>etc,</span> <span class='ocrx_word' id='word_1_592' title='bbox 1534 2982 1712 3029; x_wconf 79' lang='grc' dir='ltr'><em>οὔρεος</em></span> 
     </span>
    </p>
   </div>
  </div>
 </body>
</html>
