1811 3269
601 140 1037 182 ΙΛΙΑΔΟΣ
1093 140 1141 180 Γ.

1620 136 1706 178 185

207 258 339 299 τοῦτο
370 253 417 296 δέ
445 268 514 295 τοι
543 250 676 304 ἐρέω,
706 249 732 294 ὅ
761 247 811 306 μ’
846 247 1040 305 ἄνείρεαι
1067 248 1144 319 η’δὲ
1173 250 1409 304 μεταλλᾷς·

207 310 339 361 οὗτός
366 308 408 365 γ’
437 306 653 364 Ἀτρείδης
684 306 955 376 εὐρυκρείων
983 305 1293 375 Ἀγαμέμνων,

215 366 468 438 ἀμφότερον
498 363 702 421 βασιλεύς
730 363 774 408 τ’
805 362 974 432 ἀγαθὸς
1004 361 1234 434 κρατερός
1250 357 1293 404 τ’
1327 359 1553 439 αἰχμητής·

101 433 180 471 180
214 424 325 479 δαὴρ
356 440 440 467 αυτ
493 422 593 479 ἐμὸς
623 423 718 466 ἔσκε
747 419 1016 471 κυνώπιδος,
1049 419 1188 463 εἴποτ’
1221 418 1315 487 ἔην
1325 421 1402 473 γε.ι

252 481 353 539 Ὠς
383 479 520 550 φάτο
552 480 631 523 τὸν
662 477 762 523 δ’ὁ
795 478 950 547 γέρων
966 475 1215 547 ἠγάσσατο,
1247 473 1454 531 φώνησέν
1484 486 1551 515 τε·

206 531 270 598 ,,ὠ
300 537 446 607 μάκαρ
476 534 692 593 Ἀτρείδη,
725 534 1001 605 μοιρηγενὲς,
1036 531 1339 603 ὀλβιόδαιμον,

208 597 234 649 ἦ
267 592 321 650 ῥά
353 595 411 638 νύ
442 611 508 637 τοι
535 594 690 638 πολλοὶ
721 592 935 649 δεδμήατο
966 594 1126 645 κοῦροι
1153 589 1357 645 Ἀχαιῶν-1

205 651 289 708 ἤδη
319 653 393 696 καὶ
430 652 631 707 Φρυγιην
659 650 898 707 εἰσήλυθον
934 646 1252 705 ἀμπελόεσσαν,

36 777 108 823 μός
132 776 292 821 τήκεται,
312 779 534 820 consumitur,
555 778 750 819 conficitur,
770 789 851 811 con-
893 775 951 818 jor
984 774 1019 807 in
1054 772 1250 808 comoediis.

40 825 205 867 tabescit,
237 826 329 859 inter
363 825 532 858 lacrimas
589 837 623 859 V.
652 825 781 869 Odjss.
807 822 850 865 τ’,

39 871 158 907 204—
173 873 264 913 208,
289 869 369 928 264.
396 872 448 904 Ex
468 871 504 903 Il
526 871 620 904 etK.

89 919 166 953 177.
217 916 236 952 ὅ
260 914 306 961 μ’
331 916 398 952 οὶν.
432 913 452 951 ὅ
471 929 516 960 με
539 914 736 976 οἷνερωτᾷς.
770 913 850 962 ἠδὲ

39 976 134 1009 μετ.
168 963 230 998 καὶ
255 966 593 1007 πολυπραγμονεῖς,
622 962 812 1009 ἐπιζητεῖς.

88 1011 166 1044 179.
214 1021 335 1044 versus
369 1010 568 1043 nobilitatus
602 1011 757 1055 inprimis
791 1022 853 1044 usu

40 1055 229 1091 Alexandri
254 1056 323 1090 M:
349 1068 382 1090 v.
410 1056 499 1089 Plut.
525 1056 568 1090 de
592 1057 673 1092 fort.
699 1059 796 1090 Alex.
822 1059 854 1091 1.

39 1115 76 1148 p.
100 1103 179 1138 309.
204 1107 239 1136 et
267 1103 353 1136 alias
387 1114 452 1136 non
478 1113 545 1136 uno
570 1102 667 1145 loco,
696 1103 854 1148 Xenoph.

40 1149 145 1183 Mem.
171 1149 270 1182 Socr.
293 1150 339 1190 3,
363 1149 398 1183 2.
424 1148 555 1205 princ.,
580 1149 739 1205 Sympos.
755 1148 786 1189 4,
809 1151 855 1190 6.

41 1195 189 1229 Dionem
223 1195 389 1239 aliosque.
444 1193 486 1229 τὸ
515 1193 664 1238 ἀγαθὸν
688 1196 731 1230 ad
757 1193 855 1240 φρό-

41 1252 149 1285 νησιν
186 1248 332 1275 revocat
370 1241 485 1274 Schol.
521 1242 662 1276 Pindari
696 1243 796 1276 Nem.
823 1243 857 1283 8,

45 1289 100 1323 13.
126 1287 247 1321 ExH.
297 1288 396 1323 Sch.·
432 1285 546 1331 ἀμφ
571 1290 667 1324 κατὰ
694 1287 856 1334 ἀμφότε-

44 1347 103 1380 ροι.
148 1332 216 1378 ἇγ.
243 1333 413 1389 ἰσχυρὸς,
438 1337 617 1378 γενναῖος.
643 1356 689 1360 -

92 1380 169 1414 180.
204 1381 331 1427 δαὴρ.
355 1378 493 1424 ἀνδρὸς
509 1379 683 1426 ἁδελφός.
710 1381 859 1417 ε’σκεν.

43 1418 114 1482 ἦν,
139 1424 293 1483 υπῆρχε.
342 1441 443 1462 κυν.
468 1427 734 1474 ἇναιδεστάτης
755 1428 860 1473 ἐμοῦ,

45 1485 106 1529 ωςς
119 1486 231 1508 κυων
267 1471 331 1517 (α’,
361 1475 438 1510 159.
463 1475 668 1518 22538011.
707 1476 752 1509 cf.
779 1473 860 1529 4043

46 1519 159 1554 αὖτε
182 1531 321 1559 rursuS,
342 1526 540 1564 practerea,
567 1522 661 1556 ilem.
708 1516 860 1556 εἰποτ’

47 1564 142 1620 ἔην
157 1579 221 1609 γε,
247 1567 278 1599 si
295 1577 446 1610 unquam
463 1568 549 1609 suit.
594 1578 662 1600 vox
688 1568 774 1611 ejus
802 1567 860 1612 qui

45 1611 198 1646 meminit
231 1611 399 1657 pristinae
433 1613 566 1657 gloriae
600 1618 659 1646 aut
683 1613 860 1647 felicitatis

45 1663 114 1692 tam
139 1670 299 1702 magnae,
334 1664 374 1692 ut
407 1660 465 1692 vix
501 1659 580 1692 olim
605 1671 743 1705 compos
768 1659 859 1693 illius

46 1705 154 1739 fuisse
186 1705 360 1738 videatur.
421 1705 471 1738 sic
494 1706 636 1762 1Νε5ῐοι·
677 1707 721 1739 de
754 1718 790 1740 se
825 1711 860 1739 et

46 1751 176 1785 virtute
200 1762 261 1784 sua
284 1748 328 1792 λ’,
352 1753 453 1786 761.·
481 1749 530 1792 ὥς
557 1751 636 1792 ἔον,
663 1749 778 1787 εἷ’ποτ’
796 1751 860 1796 ἔην

46 1809 108 1843 γε,
133 1795 217 1841 μετ’
244 1795 444 1841 άνδράσιντ
471 1799 627 1832 Priamus
656 1799 700 1832 de
730 1800 859 1832 Hecto-

48 1856 87 1879 re
122 1844 235 1878 occiso
268 1842 319 1885 ω’,
353 1844 454 1880 4262
488 1845 564 1880 ἐπει
602 1843 737 1880 οὔποτ’
775 1844 862 1889 ε’μδς

48 1888 156 1931 πάϊς,
182 1888 309 1925 εἶ”ποτ
335 1889 399 1934 εἠν
423 1904 473 1935 γε,
501 1889 646 1936 Λὴθετ’
672 1891 727 1927 ἐνὶ
751 1891 860 1936 μεγά-

50 1948 147 1980 ροισι
166 1937 286 1971 θεων
314 1937 542 1971 Telemachus
561 1939 691 1982 Odyss.
713 1938 757 1979 θ’,
770 1941 862 1975 268..-

50 1983 88 2026 ἕξ
117 1981 268 2027 Ἰθάκης
301 1983 404 2027 γένος
437 1985 532 2026 εἰμι,
558 1985 690 2043 πατὴρ
724 1985 765 2020 δέ
798 1986 863 2042 μοί

50 2030 149 2065 ἐστιν
169 2028 394 2071 Ὀδυσσεύς,
432 2029 568 2065 Εἰηποτ
598 2030 680 2075 ἔην·
717 2033 788 2066 νῦν
822 2029 862 2066 δ’

49 2074 124 2122 ἤδη
149 2075 359 2119 ἄπε-’φθιτοε
384 2077 571 2131 itidemque
590 2077 633 2110 de
651 2079 778 2122 Π1)55ε
797 2079 864 2112 Pe-

51 2123 174 2167 nelope
207 2123 337 2179 Οά)55.
367 2121 409 2162 τ’,
434 2124 536 2158 314:
581 2121 625 2157 οὗ
668 2128 766 2158 τοῖοι
803 2136 863 2167 ση-

51 2168 237 2226 μάντορές
260 2167 332 2204 sl&
357 2169 410 2204 ἐνὶ
437 2171 538 2212 οἴκῳ,
567 2169 674 2211 Οἷος’
677 2170 866 2212 Οόυσσεὺς

53 2215 132 2252 ἔσκε
156 2214 237 2260 μετ’
260 2212 452 2261 ἀνδράσιν,
479 2214 600 2252 εἰ’ποτ’
620 2216 684 2262 εἠν
703 2231 753 2262 γε,
782 2219 864 2255 Ξεί-

52 2276 142 2303 νους
174 2263 347 2302 αἰδοίους
382 2262 643 2308 ἀποπεμπέμεν
676 2264 742 2309 ἠδὲ
768 2264 865 2308 δέχε-

54 2312 167 2345 σθαιε
193 2316 229 2343 et
253 2310 397 2343 Laertes
421 2310 549 2344 ibidem
575 2309 625 2352 m',
651 2314 752 2347 282:
779 2309 865 2346 ἀλλ’

54 2353 120 2401 ἄγε
143 2368 206 2399 μοι
235 2353 323 2390 τόδε
349 2355 427 2391 εἰπὲ
452 2357 513 2392 καὶ
542 2355 723 2401 ἀτρεκέως
747 2356 864 2392 κατά-

54 2404 180 2446 λεξον,
205 2402 355 2437 Πόστον
382 2403 428 2447 δή
454 2402 534 2443 ε’τος
559 2403 674 2447 ἐστὶν,
708 2403 769 2439 ὅτε
795 2405 866 2447 ξεί-

54 2460 183 2489 νισσας
216 2448 355 2484 ἐκεῖνον
388 2450 467 2508 Σὸ,ν
505 2451 627 2492 ξεῖνον
669 2449 867 2495 δύστηνον,

57 2494 146 2540 εμόν
169 2494 294 2539 παῖδ’,
327 2495 450 2531 εἶ”ποτ
475 2510 538 2542 εην
562 2511 619 2542 γε,
652 2497 865 2541 Δύσμορον.

57 2542 241 2578 Thiersch.
259 2554 291 2587 p
307 2542 405 2577 504*
445 2556 592 2585 ‚„wenn
612 2556 650 2579 er
670 2547 759 2578 denn
783 2546 869 2578 eiust

57 2600 94 2624 es
117 2592 236 2629 w‘ar,‘
227 2591 268 2607 “‘
304 2590 415 2623 uobei
432 2569 514 2624 ”das
539 2591 788 2624 unterdriickte
817 2590 869 2634 (¹3)

57 2635 185 2677 ‚‚„und
210 2646 279 2669 nun
304 2635 399 2669 nicht
423 2638 518 2670 mehr
541 2637 587 2670 ist
598 2641 620 2656 “
633 2640 655 2656 “
679 2637 787 2671 leicht
808 2648 869 2670 an-

61 2682 226 2725 gedeutet
242 2681 310 2722 ist3
336 2683 408 2716 also
423 2682 467 2716 im
482 2683 664 2717 Ausdruck
683 2684 746 2716 der
763 2684 868 2716 Weh-

61 2728 177 2768 muth,
211 2727 273 2761 des
299 2729 520 2770 Schmerzes‚
555 2729 633 2762 dass
659 2734 768 2763 etwas
794 2730 871 2763 auf-

63 2773 188 2826 gehfirt
212 2773 295 2807 oder
322 2775 395 2808 sich
431 2776 603 2819 geandert
639 2777 736 2809 hat.“
786 2775 870 2809 alio—

62 2829 138 2852 rum
161 2817 460 2863 interpretationes
493 2822 593 2866 hujus
625 2822 793 2855 formulae
818 2821 872 2855 di-

64 2863 166 2898 cendi
195 2865 251 2898 vel
282 2878 399 2910 parum
423 2868 638 2912 probabiles,
675 2868 729 2902 vel
751 2873 871 2912 aperte

64 2921 106 2944 ac
129 2910 310 2956 perspicue
332 2914 448 2955 falsas,
472 2915 606 2949 referre
625 2916 846 2960 supersedeo.

112 2969 191 3002 181.
243 2965 263 3003 ὁ
295 2968 464 3027 γέρων,
507 2982 630 3015 senex,
679 2971 874 3017 appellatur

64 3013 223 3049 Priamus
246 3013 334 3050 κατ’
355 3015 498 3063 {goma
519 3018 595 3053 fere
618 3022 657 3052 ut
680 3019 785 3053 herus
801 3029 889 3052 mar

1305 772 1407 805 Scin:
1450 767 1711 816 ἠγάσσατο.

897 819 1101 864 ἐθαύμασε.

946 869 1032 908 182,
1057 868 1091 901 3.
1141 864 1275 899 felicem
1296 862 1474 917 praedicat
1492 864 1716 907 Agamemno-

898 925 973 947 nem
999 919 1141 958 propter
1155 923 1323 967 magnum³
1329 909 1528 951 exercitum,
1548 910 1718 954 cuiprae-

899 966 963 994 est.
997 960 1103 993 Scin:
1135 971 1260 1002 μοιρ.
1298 954 1428 1001 οἷγαθῆ
1460 958 1575 1002 μοίρᾳ
1598 968 1717 1011 γεγεν-

900 1005 1042 1061 νημένε.
1096 1004 1190 1052 ὀλβ.
1226 1002 1545 1047 εὐδαιμονέστατε.
1592 1000 1714 1045 (άπαξ

901 1050 1128 1107 λεγόμενον.)
1174 1050 1462 1096 δεδμήαται.
1497 1050 1629 1092 (habet
1653 1049 1718 1082 hoc

903 1101 1005 1133 etiam
1030 1099 1083 1143 E,
1111 1098 1173 1132 sed
1199 1098 1304 1140 male,
1331 1104 1369 1131 ut
1394 1096 1485 1142 quod
1510 1106 1632 1129 versus
1653 1106 1720 1129 non

901 1145 1072 1199 recipiat3
1098 1157 1161 1179 nec
1186 1144 1401 1178 scribendum
1425 1148 1479 1176 est
1503 1142 1720 1187 δέδμηνται,

902 1193 978 1234 vel,
1014 1191 1043 1225 si
1067 1191 1133 1225 diis
1159 1192 1293 1247 placet,
1329 1202 1404 1224 cum
1438 1189 1628 1231 Barnesio,
1661 1189 1721 1223 δε-

903 1237 1067 1283 δμήαται
1091 1237 1167 1277 υἷες
1188 1235 1276 1282 Ἀχ.)
1300 1234 1592 1280 ὑποτεταγμένοι
1617 1236 1720 1270 εἰσίν.

903 1285 988 1329 (imo
1013 1284 1119 1320 ὑποτ.
1147 1282 1260 1328 ἦσαν,
1295 1285 1359 1317 tibi
1386 1283 1531 1326 subjecti
1561 1287 1661 1316 erant
1685 1281 1722 1315 in

905 1331 1081 1373 Graecia,
1113 1332 1232 1376 itaque
1256 1335 1315 1364 tuo
1342 1331 1448 1363 ductu
1475 1335 1579 1373 atque
1605 1329 1723 1373 auspi-

905 1377 958 1412 cio
990 1378 1056 1411 huc
1083 1377 1232 1422 profecti
1265 1381 1354 1411 sunt
1405 1376 1456 1409 sic
1481 1377 1562 1417 W.,
1587 1386 1724 1428 possu-

906 1435 1048 1469 musque
1082 1436 1164 1457 sane
1196 1424 1261 1456 hoc
1285 1423 1419 1456 Catone
1444 1420 1596 1455 contenti
1625 1432 1722 1462 esse-3

908 1470 968 1503 sed
993 1482 1104 1515 neque
1122 1471 1286 1503 obscurus
1307 1475 1360 1502 est
1380 1467 1724 1521 plusquamperfecti,

909 1516 1030 1550 aoristi
1055 1522 1159 1561 atque
1187 1515 1378 1560 imperfecti
1395 1526 1476 1548 usus
1496 1513 1724 1558 promiscuus,

908 1561 1096 1606 similisque
1113 1563 1330 1606 praesentis3
1356 1573 1424 1605 qua
1440 1561 1483 1593 de
1494 1572 1531 1593 re
1549 1572 1582 1593 v·
1596 1561 1724 1594 Matth.

909 1610 964 1650 §§.
990 1609 1080 1649 505,
1106 1610 1206 1651 506,
1242 1619 1303 1641 1105
1339 1606 1464 1662 passim
1489 1606 1525 1638 in
1550 1606 1725 1640 annotatis

909 1656 953 1687 ad
982 1657 1103 1710 poetas
1130 1654 1317 1698 scenicos.)
1362 1650 1385 1698 ἡ
1417 1651 1618 1709 μεταφορὰ
1648 1650 1724 1689 άπὸ

907 1701 980 1734 τῶν
1009 1698 1153 1756 ἀλόγων
1171 1699 1294 1744 ζώων·
1322 1700 1555 1744 δαμάζονται
1574 1699 1645 1744 γάρ
1659 1712 1727 1735 κυ-

907 1749 995 1791 ρίως
1019 1750 1150 1782 ταῦτα.

955 1803 1033 1840 184.
1088 1806 1311 1849 Φρυγίην.
1351 1803 1418 1849 τήν
1442 1804 1603 1850 μεγάλην
1630 1807 1726 1849 Φρυ·

908 1852 1011 1895 γίαν,
1037 1864 1117 1895 mag.
1109 1864 1207 1885 ruam
1234 1853 1444 1896 Phrygiam,
1471 1851 1569 1893 dicit,
1595 1853 1638 1885 de
1657 1863 1726 1896 qua

909 1898 1038 1932 Strabo
1070 1900 1124 1939 12,
1150 1900 1182 1933 8.
1210 1900 1338 1954 prino.:
1367 1900 1509 1942 Φρυγία
1535 1897 1557 1940 ἡ
1577 1911 1646 1942 μεν
1663 1911 1728 1933 κα·

909 1948 1026 1978 λεῖται
1048 1942 1208 1989 μηάλη,
1235 1945 1279 1988 ὴς
1305 1942 1324 1978 ὁ
1352 1948 1479 1984 Μίδας
1505 1945 1728 2001 ἐβασίλευσε,

909 1991 972 2025 καὶ
1000 1992 1042 2035 ὴς
1075 1991 1186 2035 μέρος
1218 1992 1253 2025 οἱ
1281 1991 1446 2027 Γαλάται
1479 1992 1674 2036 κατέσχον·
1699 1989 1723 2036 ἦ

912 2036 952 2072 δε
978 2037 1126 2096 μικροὶ,
1152 2036 1174 2083 ἡ
1210 2034 1275 2082 ἐφ’
1305 2035 1584 2095 Ελλησπόντῳ,
1618 2033 1728 2084 καὶὴ

911 2097 993 2127 περι
1027 2098 1093 2119 τον
1117 2081 1333 2128 ”Ολυμπον,
1368 2082 1389 2130 ἡ
1426 2085 1486 2119 καὶ
1511 2084 1730 2129 Ἐπίκτητος

913 2130 1098 2176 λεγομένη.
1148 2131 1326 2176 Phrygiae
1357 2131 1498 2165 minoris
1534 2143 1614 2176 pars
1643 2131 1730 2165 Hel-

913 2177 1072 2222 lesponto
1104 2178 1249 2222 propior
1283 2178 1377 2212 dicta
1406 2179 1474 2211 fuit
1509 2178 1642 2220 Troas,
1687 2179 1731 2212 de

915 2236 981 2269 qua
1009 2225 1137 2257 Cellar.
1163 2225 1197 2260 Ξ.
1222 2236 1256 2269 p.
1281 2225 1338 2259 48.
1373 2226 1514 2266 „Troas
1539 2225 1682 2270 propria
1693 2227 1732 2267 ,“

913 2270 1036 2314 inquit,
1062 2271 1129 2311 „ab
1155 2278 1302 2315 utraque
1328 2271 1444 2316 Mysia
1469 2276 1629 2315 tanquam
1649 2283 1732 2304 con-

915 2316 1011 2350 clusa
1035 2316 1296 2360 continebatur,
1321 2317 1471 2362 ideoque
1497 2317 1661 2352 distincta
1687 2318 1731 2351 ab

913 2374 1023 2405 regno
1050 2363 1282 2406 Trojanorum
1316 2369 1349 2398 et
1379 2363 1507 2397 Priami
1542 2364 1732 2408 possessio-

914 2409 1027 2445 nibus.
1076 2410 1105 2442 si
1130 2411 1219 2443 enim
1244 2411 1395 2444 Homero
1428 2410 1619 2453 credimus,
1655 2412 1732 2445 fere

915 2455 1028 2488 omnia
1052 2454 1231 2501 utriusque
1258 2457 1394 2501 Mysiae
1418 2457 1482 2490 sub
1503 2437 1733 2501 Trojaiiorum

915 2501 1058 2557 imperio
1083 2502 1193 2536 fuere.
1242 2503 1371 2537 Strabo
1397 2504 1460 2536 sub
1493 2503 1625 2537 initium
1651 2504 1732 2538 libri

917 2549 993 2582 13.:
1029 2544 1048 2583 ὁ
1074 2547 1141 2592 μὲν
1170 2562 1208 2584 π.
1234 2547 1309 2584 άπὸ
1343 2562 1419 2584 των
1449 2549 1534 2592 περὶ
1566 2550 1732 2606 Αἴσηπον

916 2607 978 2628 και
1003 2597 1077 2629 τῶν
1101 2596 1184 2637 περι
1219 2595 1286 2641 τήν
1320 2598 1388 2631 νῦν
1416 2598 1635 2654 Κυζικηνων
1659 2595 1732 2642 χιό-

918 2653 988 2682 ραν
1019 2641 1244 2686 υπαγορεύει
1274 2643 1434 2688 μάλιστα
1470 2657 1559 2684 τους
1600 2645 1732 2688 Τρῶας

917 2688 1038 2731 ἄρξαι,
1062 2689 1124 2723 καὶ
1149 2689 1254 2734 μέχρι
1270 2692 1338 2748 ταῦ
1357 2690 1502 2725 Καΐκου
1519 2693 1718 2733 ποταμοῦ.6

917 2736 1055 2769 Schol.:
1099 2733 1191 2781 ἤδη
1217 2757 1262 2761 -
1291 2735 1397 2792 α’μπ.
1429 2736 1542 2772 πάλαι
1575 2737 1645 2783 γάρ
1679 2738 1732 2778 εἰς

915 2781 985 2826 τὴν
1013 2784 1175 2827 Φρυγίαν
1198 2783 1473 2840 παρεγενόμην,
1503 2783 1571 2828 τήν
1594 2783 1733 2825 πολλάς

918 2827 1102 2873 ἀμπέλους
1128 2828 1297 2874 ἔχουσαν.
1343 2845 1433 2872 τους
1457 2829 1497 2865 ὁε
1521 2831 1603 2873 περι
1625 2827 1732 2865 'Ami-

917 2888 1026 2921 μειαν
1051 2875 1188 2924 τόπους
1211 2877 1324 2923 λέγει·
1350 2880 1456 2913 οὗτοι
1473 2890 1543 2921 γαρ
1563 2875 1732 2921 πολυάμ-

917 2926 1023 2958 πελοι
1044 2924 1159 2968 ἦσαν,
1182 2926 1249 2982 τῆς
1273 2925 1405 2969 λοιπῆς
1429 2925 1592 2968 Φρυγίας
1613 2922 1732 2968 μόνον

918 2969 1123 3015 σιτοφόρου
1149 2969 1275 3017 οὔσης.
1322 2971 1460 3013 nescio,
1497 2982 1564 3014 quo
1590 2975 1731 3005 auctore

918 3017 985 3052 hoc
1016 3017 1204 3053 tradiderit
1245 3018 1364 3053 Schol.
1398 3020 1551 3052 ceterum
1583 3016 1731 3052 Cibotus
