1811 3269
343 254 426 306 Ὼς
456 254 608 311 ἔφαθ’,

735 149 1143 192 OMHPOY

640 258 684 299 οἱ
715 256 758 300 δ’
790 258 944 301 ἔθελον
974 260 1189 315 Διομήδεϊ
1215 262 1372 304 πολλοὶ
1403 261 1602 308 ἔπεσθαι·

272 309 484 368 ἠθελέτην
514 315 673 356 Αἴαντε
707 313 823 366 δυ’ω,
857 316 1124 370 θεράποντες
1143 316 1326 374 ’ἫΑρηος

270 368 396 422 ἤθελε
429 369 682 441 Μηριόνης,
713 371 829 426 μα’λα
859 372 901 416 δ’
934 374 1062 439 ἤθελε
1090 374 1316 426 Νέστορος
1344 375 1459 426 υἱός·

157 429 240 469 230
269 425 398 478 ἤθελε
430 425 473 468 6'
500 425 736 497 Ἀτρείδης,
768 429 1066 483 δουρικλειτὸς
1097 432 1343 482 Μενέλαος·

268 482 397 537 ἤθελε
429 483 472 526 δ’
505 482 528 526 6
561 483 737 539 τλήμων
765 486 971 537 Οδυσεὺς
1000 490 1246 530 καταδῦναι
1277 489 1432 542 ὅμιλον

276 539 467 590 Τρώων·
500 542 584 583 αἰεὶ
611 540 695 595 γάρ
728 544 771 585 οἱ
799 543 862 586 ε’νὶ
894 544 1023 612 φρεσὶ
1052 544 1199 598 θυμός
1225 545 1394 599 ἐτόλμα.

268 602 381 638 τοῖσι
413 597 458 639 δὲ
488 615 562 640 και
591 600 807 652 μετέειπεν
839 600 947 651 ἄναξ
976 599 1156 653 ἀνδρῶν
1185 600 1484 656 Ἀγαμέμνων·

348 655 569 710 »Τυδείδη
589 655 840 723 Διόμηδες,
872 657 964 712 ἐμῷ
992 657 1267 712 κεχαρισμένε
1300 662 1442 713 θυμῷ,

155 715 236 754 235
268 709 347 752 τὸν
378 727 457 764 μεν
488 711 540 768 δὴ
572 711 730 766 ε’ταρόν
759 713 804 767 γ’
836 715 1057 768 αἵρήσεαι,
1092 713 1146 756 ὃί
1175 713 1216 757 κ’
1248 715 1483 771 ἐθέλῃσθα,

268 768 552 821 φαινομένων
580 769 658 811 τὸν
687 768 889 823 α’ριστον,
922 771 1010 813 ἐπει
1041 771 1232 826 μεμάασί
1261 788 1308 826 με
1337 774 1512 815 πολλοι·

265 825 373 879 μηδε
406 823 509 878 σύγ’
541 826 774 881 αἰδόμενος
809 831 911 898 σῇσι
942 830 1070 880 φρεσὶ
1100 829 1177 871 τόν
1207 845 1285 883 μεν
1316 826 1447 880 ἀρείω

265 882 538 930 καλλείπειν,
578 882 632 925 σύ
663 883 709 925 δὲ
738 884 904 954 χείρον’
935 884 1147 927 ὀπάσσεαι
1179 887 1299 928 αἰδοῖ
1329 887 1470 935 είκων,

265 937 309 988 ἐς
335 938 489 1011 γενεήν
523 938 691 992 ὁρόων,
722 938 827 996 μηδ’
859 941 895 983 εἰ
925 941 1231 996 βασιλεύτερός
1262 942 1418 985 έστιν.“

151 996 234 1039 240
337 994 421 1044 Ὡς
451 995 580 1052 ἔφατ’
593 1012 601 1018 ·

634 996 826 1040 ε’δδεισεν
857 997 903 1040 δὲ
933 1015 1034 1052 περι
1069 1000 1219 1055 ξανθῷ
1248 998 1477 1055 Μενελάῳ.

265 1056 360 1102 τοῖς
391 1049 434 1094 δ’
468 1053 592 1102 αύτις
621 1053 810 1107 μετέειπε
841 1055 952 1110 βοὴν
985 1055 1155 1109 αγαθός
1170 1056 1435 1128 Διομήδης·

341 1110 426 1161 ,,Εἰ
456 1109 536 1164 μὲν
567 1108 618 1164 δὴ
649 1110 807 1163 ε’ταρόν
836 1128 884 1166 γε
915 1112 1104 1155 κελεύετέ
1134 1112 1181 1169 μ’
1214 1112 1351 1156 αὐτὸν
1382 1112 1570 1162 ἑλέσθαι,

263 1168 355 1222 πῷς
385 1165 442 1207 ἂν
472 1165 601 1209 ἔπειτ’
629 1165 846 1237 Ὀδυσῆος
878 1168 960 1223 ἐγώ
989 1172 1130 1213 θείοιο
1162 1172 1393 1240 λαθοίμην,

269 1223 324 1264 οὐ
357 1223 457 1275 πέρι
485 1239 564 1278 μεν
593 1224 811 1279 πρόφρων
840 1228 998 1281 κραδίη
1028 1227 1102 1269 καὶ
1130 1226 1272 1281 θυμὸς
1310 1225 1486 1280 αγήνωρ

153 1280 237 1322 245
268 1278 316 1320 έν
346 1293 555 1323 παντεσσι
584 1283 784 1333 πόνοισι,
816 1288 939 1338 φιλεῖ
967 1282 1013 1326 δέ
1047 1283 1066 1326 ἕ
1098 1283 1273 1333 Παλλὰς
1298 1281 1486 1338 Ἀθήνη,

261 1334 426 1378 τούτου
456 1334 500 1391 γ’
532 1337 790 1407 εσπομένοιο
822 1340 893 1382 καὶ
923 1340 970 1382 ἐκ
998 1340 1141 1393 πυρὸς
1173 1340 1433 1395 αἰθομένοιο

263 1391 398 1448 ἄμφω
427 1393 745 1465 νοστήσαιμεν,
778 1395 869 1439 ἐπεὶ
898 1399 1088 1450 περίοιδε
1119 1400 1322 1452 νοῆσαιέι

346 1449 436 1492 Τόν
466 1449 509 1493 δ’
543 1456 648 1495 αὐτε
677 1453 908 1524 προσέειπε
941 1453 1159 1505 πολύτλας
1191 1457 1285 1505 δῖος
1317 1449 1574 1502 Ὀδυσσεύς

260 1509 505 1577 ,,Τυδείδη,
536 1508 641 1564 μητ’
672 1508 727 1563 ἄρ
759 1526 810 1564 με
839 1508 939 1581 μάλ’
976 1513 1116 1562 αἴνεε,
1148 1510 1254 1580 μήτε
1288 1528 1329 1553 τι
1358 1511 1516 1553 νείκει·

148 1565 251 1645 250*
262 1561 399 1606 εἰδόσι
428 1581 514 1619 γαρ
544 1583 613 1609 τοι
647 1571 788 1609 ταῦτα
817 1565 911 1638 μετ’
941 1567 1150 1623 Ἀργείοις
1183 1565 1429 1637 ἀγορεύεις.

228 1618 363 1663 *αλλ’
391 1623 538 1677 ἰὀμεν·
568 1624 685 1679 μάλα
713 1623 798 1680 γὰρ
827 1623 906 1677 νύξ
937 1624 1110 1678 ἄνεται,
1143 1624 1298 1681 εγγύθι
1331 1624 1371 1668 δ’
1402 1622 1505 1679 ἠώς

87 1755 247 1790 πυκινὸν
269 1754 363 1791 νόον
387 1756 476 1791 dixit
501 1771 545 1798 ο,
570 1758 650 1794 461.
674 1778 720 1783 —-
745 1757 764 1795 6
790 1758 902 1803 τλή-

87 1814 206 1846 μων,
231 1803 360 1836 audax.
392 1815 425 1836 v.
453 1816 494 1845 5,
520 1807 599 1840 670.
628 1809 663 1839 et
687 1806 731 1841 cf.
754 1818 902 1851 sequen—

89 1849 150 1883 tia.
199 1849 381 1883 annotavit
404 1850 543 1890 Schol.‚
580 1851 795 1886 recentiores
819 1852 903 1896 τλή-

87 1907 198 1950 μονα
212 1895 330 1929 dicere
353 1895 421 1931 τὸν
448 1894 586 1941 οἷτυχῆ,
621 1897 681 1930 sed
718 1899 903 1932 Homerum

87 1940 154 1977 τὸν
179 1939 467 1986 ὑπομενητικόν.
515 1943 672 1977 similiter
705 1945 736 1977 E
770 1956 844 1977 cum
871 1946 904 1978 h.

87 1989 225 2030 1.‚tum
252 1989 294 2022 ad
328 1989 368 2030 ε’,
395 1992 475 2024 670.
507 2010 553 2014 -
597 2002 692 2023 κατ.
723 1987 905 2034 ὅμιλον

93 2033 196 2078 Τρώ
209 2048 291 2076 ων,
316 2035 433 2069 subire
455 2037 595 2069 turbam
618 2036 692 2070 sive
716 2037 904 2071 exercitum

88 2082 334 2125 Trojanorum.
369 2083 414 2115 cf.
443 2083 534 2122 338
558 2083 649 2124 433,
665 2082 753 2140 ³545.

135 2129 349 2163 235-238.
384 2127 626 2171 αἱρήσεαι,
652 2128 905 2171 ὀπάσσεαι,

89 2175 392 2215 καλλείπειν,
417 2175 536 2208 futura
561 2181 595 2209 et
619 2176 715 2210 infin.
737 2180 904 2220 usurpata

88 2220 344 2277 significatione
367 2220 669 2264 imperativorum,
701 2227 741 2256 ut
765 2233 826 2266 pas
811 2223 902 2255 sim.

90 2287 134 2292 —
165 2265 219 2302 σῦ
255 2265 303 2302 δὲ
328 2272 396 2300 etc.
444 2268 608 2312 repetitio
642 2269 835 2313 emphatica
868 2274 905 2301 et

89 2314 250 2358 elegans,
277 2318 317 2346 ut
341 2313 464 2346 Horat.
492 2314 558 2347 Od.
587 2317 627 2354 1,
653 2316 694 2355 9,
722 2316 797 2350 15.=
841 2326 903 2347 nec

89 2361 206 2394 dulces
235 2371 371 2393 amores
400 2360 554 2403 Sperne,
583 2372 691 2417 puer,9
725 2373 834 2417 neque
864 2366 902 2394 tu

89 2407 245 2439 choreas.
294 2404 338 2450 γ’,
363 2405 463 2439 409.:
498 2405 616 2442 εἰσόκε
650 2406 687 2441 σ’
719 2403 744 2450 ἢ
770 2405 905 2450 ἄλοχον

88 2450 305 2496 ποιήσεται,
325 2448 355 2508 ἢ
379 2449 456 2496 ὅγε
476 2452 641 2508 δούλην,
675 2453 733 2487 ubi
766 2466 798 2490 v.
825 2465 902 2487 ann.

89 2518 136 2524 -
174 2499 280 2532 Sch.:
316 2495 390 2532 ὄπ.
414 2498 506 2541 πρὸς
530 2500 571 2534 τό
599 2503 786 2544 συνεργεῖν
811 2497 904 2534 ακό-

88 2547 234 2580 λουθον
265 2546 494 2601 προσλαβοῦ.
553 2547 604 2579 E:
642 2565 687 2571 —
722 2545 798 2581 ε’στι
833 2559 904 2581 ννν

89 2590 108 2626 6
121 2605 147 2626 π
161 2589 184 2625 οἱ
198 2593 244 2632 ζε
258 2594 317 2625 σθ
330 2605 353 2625 α
367 2604 380 2625 ι
413 2590 458 2627 οὐ
494 2592 536 2628 τὸ
579 2592 772 2636 παρέχειν,
811 2588 904 2627 ἄλλα

88 2637 132 2673 τὸ
169 2635 522 2681 προσλαμβανεσθαι
556 2641 609 2681 εἰς
650 2638 810 2674 ὀπαδόν.
857 2640 903 2674 cf.

88 2696 166 2719 ann.
193 2685 235 2717 ad
262 2683 301 2725 ε’,
323 2683 405 2719 334.

133 2709 351 2766 244—2'46.
399 2731 505 2765 Sch..
536 2729 775 2777 πρόφρων.
810 2729 903 2776 πρό-

87 2780 224 2821 θυμος,
250 2775 275 2821 ἢ
292 2777 550 2821 προορατικός.
586 2779 648 2812 hoc
664 2789 799 2812 verum:
825 2789 902 2810 nain

88 2823 273 2877 prudentia
292 2828 328 2856 et
345 2822 478 2858 virtute
498 2836 582 2869 opus
604 2829 691 2866 erat,
713 2836 801 2870 quae
822 2835 902 2856 con-

85 2872 210 2914 Juncta
233 2869 269 2902 in
302 2869 430 2913 Ulysse
465 2871 793 2916 conspiciebantur3
828 2870 902 2903 ani—

88 2916 172 2949 mosi
196 2916 251 2949 vel
272 2916 435 2950 benevoli
456 2917 635 2961 sortesque
657 2922 756 2951 erant
778 2926 903 2956 omneS‚

90 2962 148 3006 qui
182 2974 219 2995 se
253 2961 395 2995 comites
428 2962 586 2998 Diomedi
611 2964 821 2996 obtulerant.
859 2981 901 2987 —

89 3007 167 3043 καὶ
192 3007 238 3043 ἐκ
261 3007 416 3051 πυρὸς
441 3010 561 3051 αἰθ.,
587 3011 903 3054 cxigneflagrau-

948 1767 1002 1801 te,
1028 1761 1062 1794 h.
1091 1773 1121 1794 e.
1147 1771 1187 1793 ex
1208 1771 1334 1793 summo
1361 1758 1526 1803 periculo,
1551 1756 1642 1802 quod
1660 1756 1763 1789 etiam

949 1818 1041 1851 aqua
1065 1806 1275 1850 significant,
1304 1810 1342 1838 ut
1367 1805 1396 1837 K
1421 1815 1498 1836 ann.
1518 1815 1552 1836 v.
1571 1803 1679 1847 δορὴ.
1695 1804 1764 1835 An-

949 1859 1015 1897 t¹-g
1048 1854 1129 1888 577.
1139 1877 1150 1893 ,
1188 1853 1321 1885 Obbar.
1357 1850 1401 1883 ad
1437 1850 1557 1883 Horat.
1588 1849 1703 1893 Epist.
1731 1850 1764 1889 1,

952 1903 984 1940 1,
1013 1897 1071 1933 46.
1089 1903 1156 1931 etc.
1191 1898 1332 1941 Longus
1352 1898 1505 1940 Ποιμεν.
1530 1894 1574 1940 γ’,
1595 1897 1650 1929 5.:
1676 1894 1764 1938 ἔρω-

950 1959 985 1979 τι
1011 1943 1050 1979 65
1075 1943 1150 1987 ἀρα
1173 1943 1297 1978 πάντα
1323 1942 1485 1998 βάσιμα,
1511 1943 1570 1976 καὶ
1590 1942 1676 1983 πῦρ,
1701 1939 1764 1974 καὶ

951 1988 1078 2033 ν’δωρ,
1102 1990 1163 2025 καὶ
1186 1989 1362 2034 Σκυθική
1386 1987 1498 2034 χιών·
1532 2000 1620 2033 quae
1644 1987 1764 2032 Lyrici

952 2038 1094 2081 alicujus
1118 2037 1173 2071 vel
1198 2037 1343 2082 Tragici
1368 2037 1475 2070 verba
1499 2047 1576 2070 esse
1599 2035 1764 2076 arbitror,

950 2084 1000 2118 ita
1025 2083 1243 2140 digerenda.

1020 2129 1129 2173 ἔρωτι
1152 2127 1192 2164 δ’
1219 2125 1294 2172 ἆρα
1318 2127 1444 2163 πάντα
1640 2138 1761 2159 anaor.

1020 2177 1172 2224 βάσιμα,
1191 2177 1252 2210 καὶ
1270 2177 1360 2217 πῦρ,
1379 2174 1441 2210 καὶ
1459 2171 1573 2217 ν’δωρ,
1589 2172 1649 2207 και
1663 2175 1762 2207 Σκυ-

1265 2219 1368 2279 ,θικὴ
1392 2234 1494 2266 χιων.
1556 2220 1648 2253 chor·
1666 2225 1693 2253 t.
1713 2221 1761 2252 br.

996 2267 1076 2304 249.
1125 2265 1232 2312 μήτ’
1258 2267 1311 2311 ἄρ
1335 2267 1632 2311 με-νείκει,
1659 2277 1761 2311 pror—

951 2325 1010 2348 sus
1044 2315 1100 2348 vel
1132 2315 1267 2348 laudari
1298 2316 1354 2348 vel
1387 2314 1568 2358 objurgari
1590 2325 1629 2347 se
1653 2318 1761 2356 vetat,

950 2372 1050 2405 quem
1085 2360 1215 2394 Graeci
1249 2361 1374 2395 norint.
1432 2360 1523 2405 quod
1560 2364 1596 2393 et
1618 2338 1763 2393 modesti

951 2412 1005 2441 est
1028 2410 1065 2440 et
1090 2406 1232 2440 virtutis
1257 2407 1324 2440 sibi
1349 2406 1488 2442 conscii.

997 2455 1077 2488 251.
1126 2453 1182 2486 hic
1216 2464 1336 2487 versus
1370 2454 1503 2486 duobus
1524 2451 1762 2508 sequentibus

951 2499 1185 2544 subjiciendus
1210 2504 1284 2533 est:
1315 2510 1390 2533 nam
1422 2499 1482 2532 illa
1509 2496 1625 2541 ἄστρα
1641 2515 1685 2522 -
1705 2497 1762 2532 λε’-

951 2549 1096 2581 λειπται
1120 2546 1261 2579 alteram
1286 2547 1451 2580 rationem
1478 2545 1676 2585 continent,
1699 2555 1761 2577 cur

951 2593 1069 2626 verbis
1096 2592 1265 2625 faciendis
1300 2591 1540 2625 abstinendum
1574 2602 1651 2624 esse
1674 2590 1761 2623 Dio-

951 2639 1041 2672 medi
1067 2642 1177 2683 putet,
1203 2639 1284 2682 quia
1302 2638 1436 2671 scilicet
1452 2637 1683 2671 festinandum
1702 2637 1760 2678 sit,

951 2686 1079 2728 majore
1103 2683 1215 2718 noctis
1237 2688 1338 2728 parte
1355 2685 1425 2727 jam
1444 2683 1643 2727 praeterita.
1677 2683 1762 2717 dua-

950 2732 1014 2763 bus
1039 2731 1134 2763 hisce
1158 2730 1349 2763 rationibus
1365 2729 1478 2763 allatis
1497 2734 1761 2764 consentaneum

951 2783 1026 2817 est,
1051 2777 1142 2822 qnod
1168 2776 1287 2809 addit:
1322 2773 1404 2810 ἀλλ’
1437 2776 1542 2818 ἴομεν
1565 2781 1655 2816 σία,
1690 2787 1761 2820 age

948 2824 1061 2867 igitur
1079 2834 1217 2855 eamus:
1242 2834 1323 2855 nam
1340 2833 1406 2855 ποι·
1420 2828 1610 2866 properat,
1633 2823 1761 2856 instat-

949 2881 1014 2913 que
1043 2881 1187 2908 aurora,
1225 2868 1315 2912 quod
1341 2880 1408 2913 quo
1433 2869 1508 2902 loco
1533 2869 1648 2902 adhuc
1671 2868 1760 2913 legi-

949 2921 1024 2956 tur,
1050 2917 1312 2974 praeposterum
1336 2921 1390 2948 est
1413 2919 1449 2948 et
1465 2914 1704 2959 ταυτολόγον.
1714 2935 1760 2940 —

951 2962 1104 3018 ιὀμεν.
1131 2960 1253 3004 ἴωμεν.
1274 2979 1316 2986 -
1343 2957 1519 2997 ἄνεται
1542 2961 1759 2996 semeldixit.

948 3008 1031 3042 Sch.
1046 3021 1054 3041 ε
1078 3005 1244 3048 ἀνύεται,
1269 3007 1484 3043 τελειοῦται.
1784 3001 1788 3060 Ι

1784 3104 1787 3120 i

1784 3171 1787 3181 ι

1784 3200 1787 3243 ἓ

1783 3253 1786 3269 Ι
