<?xml version="1.0" encoding="UTF-8"?>
<!DOCTYPE html PUBLIC "-//W3C//DTD XHTML 1.0 Transitional//EN"
    "http://www.w3.org/TR/xhtml1/DTD/xhtml1-transitional.dtd">
<html xmlns="http://www.w3.org/1999/xhtml" xml:lang="en" lang="en">
 <head>
  <title>
</title>
<meta http-equiv="Content-Type" content="text/html;charset=utf-8" />
  <meta name='ocr-system' content='tesseract 3.04.00' />
  <meta name='ocr-capabilities' content='ocr_page ocr_carea ocr_par ocr_line ocrx_word'/>
</head>
<body>
  <div class='ocr_page' id='page_1' title='image "./carmina01home/carmina01home_0385.png"; bbox 0 0 1811 3269; ppageno 0'>
   <div class='ocr_carea' id='block_1_1' title="bbox 583 149 1119 191">
    <p class='ocr_par' dir='ltr' id='par_1_1' title="bbox 583 149 1119 191">
     <span class='ocr_line' id='line_1_1' title="bbox 583 149 1119 191; baseline 0.002 -1"><span class='ocrx_word' id='word_1_1' title='bbox 583 149 1016 191; x_wconf 89' lang='grc' dir='ltr'><em>ΙΛΙΑΔΟΣ</em></span> <span class='ocrx_word' id='word_1_2' title='bbox 1069 150 1119 191; x_wconf 84' lang='grc' dir='ltr'><em>Θ.</em></span> 
     </span>
    </p>
   </div>
   <div class='ocr_carea' id='block_1_2' title="bbox 1613 156 1699 197">
    <p class='ocr_par' dir='ltr' id='par_1_2' title="bbox 1613 156 1699 197">
     <span class='ocr_line' id='line_1_2' title="bbox 1613 156 1699 197; baseline 0 0"><span class='ocrx_word' id='word_1_3' title='bbox 1613 156 1699 197; x_wconf 76' lang='grc'><em>369</em></span> 
     </span>
    </p>
   </div>
   <div class='ocr_carea' id='block_1_3' title="bbox 70 256 1465 1457">
    <p class='ocr_par' dir='ltr' id='par_1_3' title="bbox 192 256 1388 372">
     <span class='ocr_line' id='line_1_3' title="bbox 192 256 1264 333; baseline -0.004 -27"><span class='ocrx_word' id='word_1_4' title='bbox 192 261 322 333; x_wconf 79' lang='grc' dir='ltr'><em>ἤριπε</em></span> <span class='ocrx_word' id='word_1_5' title='bbox 353 259 397 305; x_wconf 85' lang='lat'><em>6&#39;</em></span> <span class='ocrx_word' id='word_1_6' title='bbox 425 260 469 311; x_wconf 80' lang='grc' dir='ltr'><em>ἐξ</em></span> <span class='ocrx_word' id='word_1_7' title='bbox 499 257 658 330; x_wconf 83' lang='grc' dir='ltr'><strong><em>ὀχέων,</em></strong></span> <span class='ocrx_word' id='word_1_8' title='bbox 687 256 955 328; x_wconf 78' lang='grc' dir='ltr'><strong><em>ὑπερώησαν</em></strong></span> <span class='ocrx_word' id='word_1_9' title='bbox 986 258 1033 303; x_wconf 88' lang='grc' dir='ltr'><em>δέ</em></span> <span class='ocrx_word' id='word_1_10' title='bbox 1063 259 1109 302; x_wconf 85' lang='grc' dir='ltr'><em>οἱ</em></span> <span class='ocrx_word' id='word_1_11' title='bbox 1137 257 1264 303; x_wconf 79' lang='grc' dir='ltr'><em>ἵπποι</em></span> 
     </span>
     <span class='ocr_line' id='line_1_4' title="bbox 196 312 1399 387; baseline -0.003 -24"><span class='ocrx_word' id='word_1_12' title='bbox 196 318 452 387; x_wconf 51' lang='grc' dir='ltr'><em>ὠκύποδες,</em></span> <span class='ocrx_word' id='word_1_13' title='bbox 479 319 562 359; x_wconf 86' lang='grc' dir='ltr'><em>τοῦ</em></span> <span class='ocrx_word' id='word_1_14' title='bbox 592 313 636 359; x_wconf 92' lang='grc' dir='ltr'><em>δ’</em></span> <span class='ocrx_word' id='word_1_15' title='bbox 669 312 781 359; x_wconf 79' lang='grc' dir='ltr'><em>αὖθι</em></span> <span class='ocrx_word' id='word_1_16' title='bbox 813 314 931 370; x_wconf 81' lang='grc' dir='ltr'><em>λύθη</em></span> <span class='ocrx_word' id='word_1_17' title='bbox 960 313 1078 386; x_wconf 74' lang='grc' dir='ltr'><em>ψυχῇ</em></span> <span class='ocrx_word' id='word_1_18' title='bbox 1107 332 1152 359; x_wconf 90' lang='grc' dir='ltr'><em>τε</em></span> <span class='ocrx_word' id='word_1_19' title='bbox 1180 316 1314 387; x_wconf 89' lang='grc' dir='ltr'><em>μένος</em></span> <span class='ocrx_word' id='word_1_20' title='bbox 1343 333 1399 359; x_wconf 90' lang='grc' dir='ltr'><em>τε.</em></span> 
     </span>
    </p>

    <p class='ocr_par' dir='ltr' id='par_1_4' title="bbox 82 371 1452 657">
     <span class='ocr_line' id='line_1_5' title="bbox 82 371 1401 445; baseline -0.005 -23"><span class='ocrx_word' id='word_1_21' title='bbox 82 379 165 422; x_wconf 89' lang='grc'><em>315</em></span> <span class='ocrx_word' id='word_1_22' title='bbox 183 376 377 445; x_wconf 68' lang='grc' dir='ltr'><em>Ἕκτορα</em></span> <span class='ocrx_word' id='word_1_23' title='bbox 407 371 452 416; x_wconf 91' lang='lat'><em>6&#39;</em></span> <span class='ocrx_word' id='word_1_24' title='bbox 484 372 612 416; x_wconf 87' lang='grc' dir='ltr'><em>αἰνὸν</em></span> <span class='ocrx_word' id='word_1_25' title='bbox 644 372 750 428; x_wconf 76' lang='grc' dir='ltr'><em>ἄχος</em></span> <span class='ocrx_word' id='word_1_26' title='bbox 777 371 948 416; x_wconf 82' lang='grc' dir='ltr'><strong><em>πύκασε</em></strong></span> <span class='ocrx_word' id='word_1_27' title='bbox 978 372 1146 427; x_wconf 79' lang='grc' dir='ltr'>φρένας</span> <span class='ocrx_word' id='word_1_28' title='bbox 1174 371 1401 444; x_wconf 81' lang='grc' dir='ltr'><em>ἡνιόχοιο·</em></span> 
     </span>
     <span class='ocr_line' id='line_1_6' title="bbox 191 427 1434 501; baseline -0.001 -26"><span class='ocrx_word' id='word_1_29' title='bbox 191 432 270 476; x_wconf 86' lang='grc' dir='ltr'><em>τὸν</em></span> <span class='ocrx_word' id='word_1_30' title='bbox 300 430 380 500; x_wconf 73' lang='grc' dir='ltr'><em>μὲν</em></span> <span class='ocrx_word' id='word_1_31' title='bbox 412 428 548 474; x_wconf 75' lang='grc' dir='ltr'><em>ἔπειτ’</em></span> <span class='ocrx_word' id='word_1_32' title='bbox 580 431 719 479; x_wconf 79' lang='grc' dir='ltr'><em>εἴασε,</em></span> <span class='ocrx_word' id='word_1_33' title='bbox 749 430 824 473; x_wconf 84' lang='grc' dir='ltr'><em>καὶ</em></span> <span class='ocrx_word' id='word_1_34' title='bbox 855 427 1097 500; x_wconf 74' lang='grc' dir='ltr'><em>ἀχνύμενός</em></span> <span class='ocrx_word' id='word_1_35' title='bbox 1127 445 1208 484; x_wconf 85' lang='grc' dir='ltr'><em>περ</em></span> <span class='ocrx_word' id='word_1_36' title='bbox 1241 429 1434 501; x_wconf 78' lang='grc' dir='ltr'><em>ἑταίρου,</em></span> 
     </span>
     <span class='ocr_line' id='line_1_7' title="bbox 190 482 1379 559; baseline 0 -28"><span class='ocrx_word' id='word_1_37' title='bbox 190 485 456 559; x_wconf 78' lang='grc' dir='ltr'><em>Κεβριόνην</em></span> <span class='ocrx_word' id='word_1_38' title='bbox 473 485 517 531; x_wconf 86' lang='grc' dir='ltr'><em>δ’</em></span> <span class='ocrx_word' id='word_1_39' title='bbox 552 485 775 530; x_wconf 79' lang='grc' dir='ltr'><em>ἐκέλευσεν</em></span> <span class='ocrx_word' id='word_1_40' title='bbox 806 482 1046 558; x_wconf 81' lang='grc' dir='ltr'><em>ἀδελφεόν,</em></span> <span class='ocrx_word' id='word_1_41' title='bbox 1078 486 1207 542; x_wconf 76' lang='grc' dir='ltr'><em>ἐγγὺς</em></span> <span class='ocrx_word' id='word_1_42' title='bbox 1237 485 1379 540; x_wconf 78' lang='grc' dir='ltr'><em>ἐόντα,</em></span> 
     </span>
     <span class='ocr_line' id='line_1_8' title="bbox 189 541 1465 616; baseline 0.001 -28"><span class='ocrx_word' id='word_1_43' title='bbox 189 545 337 588; x_wconf 89' lang='grc' dir='ltr'><em>ι’ππων</em></span> <span class='ocrx_word' id='word_1_44' title='bbox 365 542 456 616; x_wconf 80' lang='grc' dir='ltr'><em>ἡνί’</em></span> <span class='ocrx_word' id='word_1_45' title='bbox 488 543 621 588; x_wconf 80' lang='grc' dir='ltr'><em>ἑλεῖν·</em></span> <span class='ocrx_word' id='word_1_46' title='bbox 653 543 676 588; x_wconf 90' lang='grc' dir='ltr'>ὁ</span> <span class='ocrx_word' id='word_1_47' title='bbox 708 542 754 588; x_wconf 87' lang='grc' dir='ltr'><em>δ’</em></span> <span class='ocrx_word' id='word_1_48' title='bbox 783 541 858 598; x_wconf 80' lang='grc' dir='ltr'><em>ἄρ’</em></span> <span class='ocrx_word' id='word_1_49' title='bbox 891 541 976 586; x_wconf 79' lang='grc' dir='ltr'><em>οὐκ</em></span> <span class='ocrx_word' id='word_1_50' title='bbox 1006 542 1225 599; x_wconf 86' lang='grc' dir='ltr'><em>ἀπίθησεν</em></span> <span class='ocrx_word' id='word_1_51' title='bbox 1255 543 1465 596; x_wconf 87' lang='grc' dir='ltr'><em>ἀκούσας.</em></span> 
     </span>
     <span class='ocr_line' id='line_1_9' title="bbox 190 599 1407 675; baseline -0.001 -29"><span class='ocrx_word' id='word_1_52' title='bbox 190 599 328 652; x_wconf 81' lang='grc' dir='ltr'><em>αὐτὸς</em></span> <span class='ocrx_word' id='word_1_53' title='bbox 358 600 402 645; x_wconf 82' lang='grc' dir='ltr'><em>δ’</em></span> <span class='ocrx_word' id='word_1_54' title='bbox 432 600 479 645; x_wconf 77' lang='grc' dir='ltr'><em>ἐκ</em></span> <span class='ocrx_word' id='word_1_55' title='bbox 505 603 698 671; x_wconf 80' lang='grc' dir='ltr'><em>δίφροιο</em></span> <span class='ocrx_word' id='word_1_56' title='bbox 729 601 863 657; x_wconf 88' lang='grc' dir='ltr'><em>χαμαὶ</em></span> <span class='ocrx_word' id='word_1_57' title='bbox 891 599 1002 654; x_wconf 83' lang='grc' dir='ltr'><em>θόρε</em></span> <span class='ocrx_word' id='word_1_58' title='bbox 1032 601 1407 675; x_wconf 81' lang='grc' dir='ltr'><em>παμφανόωντος,</em></span> 
     </span>
    </p>

    <p class='ocr_par' dir='ltr' id='par_1_5' title="bbox 77 656 1463 944">
     <span class='ocr_line' id='line_1_10' title="bbox 77 656 1316 730; baseline -0.004 -24"><span class='ocrx_word' id='word_1_59' title='bbox 77 664 160 707; x_wconf 81' lang='lat'><em>320</em></span> <span class='ocrx_word' id='word_1_60' title='bbox 195 658 440 730; x_wconf 82' lang='grc' dir='ltr'><strong><em>σμερδαλέα</em></strong></span> <span class='ocrx_word' id='word_1_61' title='bbox 470 657 629 714; x_wconf 85' lang='grc' dir='ltr'><em>ἰάχων·</em></span> <span class='ocrx_word' id='word_1_62' title='bbox 661 656 685 702; x_wconf 91' lang='grc' dir='ltr'>ὁ</span> <span class='ocrx_word' id='word_1_63' title='bbox 718 659 764 702; x_wconf 84' lang='grc' dir='ltr'><em>δὲ</em></span> <span class='ocrx_word' id='word_1_64' title='bbox 793 657 1048 728; x_wconf 81' lang='grc' dir='ltr'><em>χερμάδιον</em></span> <span class='ocrx_word' id='word_1_65' title='bbox 1058 656 1165 713; x_wconf 86' lang='grc' dir='ltr'><em>λάβε</em></span> <span class='ocrx_word' id='word_1_66' title='bbox 1188 659 1316 725; x_wconf 89' lang='grc' dir='ltr'><em>χειρὶ,</em></span> 
     </span>
     <span class='ocr_line' id='line_1_11' title="bbox 190 713 1430 786; baseline 0.001 -27"><span class='ocrx_word' id='word_1_67' title='bbox 190 718 247 786; x_wconf 84' lang='grc' dir='ltr'><em>βῆ</em></span> <span class='ocrx_word' id='word_1_68' title='bbox 279 713 320 759; x_wconf 88' lang='grc' dir='ltr'><em>δ’</em></span> <span class='ocrx_word' id='word_1_69' title='bbox 353 715 456 766; x_wconf 79' lang='grc' dir='ltr'><em>ἰθύς</em></span> <span class='ocrx_word' id='word_1_70' title='bbox 489 716 714 769; x_wconf 83' lang='grc' dir='ltr'><em>Τεύκρου,</em></span> <span class='ocrx_word' id='word_1_71' title='bbox 745 714 921 770; x_wconf 80' lang='grc' dir='ltr'><em>βαλέειν</em></span> <span class='ocrx_word' id='word_1_72' title='bbox 948 714 995 758; x_wconf 92' lang='grc' dir='ltr'><em>δέ</em></span> <span class='ocrx_word' id='word_1_73' title='bbox 1028 714 1048 757; x_wconf 84' lang='grc' dir='ltr'><em>έ</em></span> <span class='ocrx_word' id='word_1_74' title='bbox 1062 713 1224 783; x_wconf 82' lang='grc' dir='ltr'><em>θυμός</em></span> <span class='ocrx_word' id='word_1_75' title='bbox 1249 714 1430 784; x_wconf 82' lang='grc' dir='ltr'><em>ἀνώγει.</em></span> 
     </span>
     <span class='ocr_line' id='line_1_12' title="bbox 189 770 1302 840; baseline -0.001 -25"><span class='ocrx_word' id='word_1_76' title='bbox 189 771 289 828; x_wconf 91' lang='grc' dir='ltr'><em>η’τοι</em></span> <span class='ocrx_word' id='word_1_77' title='bbox 319 772 343 817; x_wconf 89' lang='grc' dir='ltr'>ὁ</span> <span class='ocrx_word' id='word_1_78' title='bbox 375 773 455 827; x_wconf 78' lang='grc' dir='ltr'><em>μὲν</em></span> <span class='ocrx_word' id='word_1_79' title='bbox 485 773 706 840; x_wconf 83' lang='grc' dir='ltr'><em>φαρέτρης</em></span> <span class='ocrx_word' id='word_1_80' title='bbox 734 772 914 825; x_wconf 78' lang='grc' dir='ltr'><em>ἐξείλετο</em></span> <span class='ocrx_word' id='word_1_81' title='bbox 924 770 1105 830; x_wconf 88' lang='grc' dir='ltr'><em>πικρὸν</em></span> <span class='ocrx_word' id='word_1_82' title='bbox 1135 771 1302 823; x_wconf 80' lang='grc' dir='ltr'><em>ὀϊστόν,</em></span> 
     </span>
     <span class='ocr_line' id='line_1_13' title="bbox 187 827 1463 902; baseline 0.002 -30"><span class='ocrx_word' id='word_1_83' title='bbox 187 834 298 884; x_wconf 81' lang='grc' dir='ltr'><em>θῆκε</em></span> <span class='ocrx_word' id='word_1_84' title='bbox 328 829 373 873; x_wconf 86' lang='grc' dir='ltr'><em>δ’</em></span> <span class='ocrx_word' id='word_1_85' title='bbox 410 830 479 874; x_wconf 76' lang='grc' dir='ltr'><em>ἐπὶ</em></span> <span class='ocrx_word' id='word_1_86' title='bbox 508 833 665 902; x_wconf 82' lang='grc' dir='ltr'><em>νευρῇ</em></span> <span class='ocrx_word' id='word_1_87' title='bbox 697 828 776 873; x_wconf 79' lang='grc' dir='ltr'><em>τόν</em></span> <span class='ocrx_word' id='word_1_88' title='bbox 807 827 849 873; x_wconf 87' lang='grc' dir='ltr'><em>δ’</em></span> <span class='ocrx_word' id='word_1_89' title='bbox 882 831 940 873; x_wconf 86' lang='grc' dir='ltr'><em>αὐ</em></span> <span class='ocrx_word' id='word_1_90' title='bbox 970 830 1273 883; x_wconf 79' lang='grc' dir='ltr'><em>κορυθαίολος</em></span> <span class='ocrx_word' id='word_1_91' title='bbox 1293 828 1463 884; x_wconf 84' lang='grc' dir='ltr'><em>Ἐκτωρ</em></span> 
     </span>
     <span class='ocr_line' id='line_1_14' title="bbox 190 885 1268 957; baseline 0 -27"><span class='ocrx_word' id='word_1_92' title='bbox 190 885 446 940; x_wconf 77' lang='grc' dir='ltr'><em>αὐερύοντα</em></span> <span class='ocrx_word' id='word_1_93' title='bbox 474 886 584 941; x_wconf 83' lang='grc' dir='ltr'><em>παρ’</em></span> <span class='ocrx_word' id='word_1_94' title='bbox 619 889 763 944; x_wconf 82' lang='grc' dir='ltr'><em>ώμον,</em></span> <span class='ocrx_word' id='word_1_95' title='bbox 796 885 872 930; x_wconf 80' lang='grc' dir='ltr'><em>ὅθι</em></span> <span class='ocrx_word' id='word_1_96' title='bbox 906 888 1030 957; x_wconf 75' lang='grc' dir='ltr'><em>κληῒς</em></span> <span class='ocrx_word' id='word_1_97' title='bbox 1060 885 1268 955; x_wconf 72' lang='grc' dir='ltr'><em>ἀποέργει</em></span> 
     </span>
    </p>

    <p class='ocr_par' dir='ltr' id='par_1_6' title="bbox 72 941 1389 1228">
     <span class='ocr_line' id='line_1_15' title="bbox 72 941 1389 1016; baseline -0.002 -26"><span class='ocrx_word' id='word_1_98' title='bbox 72 945 158 990; x_wconf 83' lang='grc'><em>325</em></span> <span class='ocrx_word' id='word_1_99' title='bbox 189 942 353 1015; x_wconf 78' lang='grc' dir='ltr'><em>αὐχένα</em></span> <span class='ocrx_word' id='word_1_100' title='bbox 381 960 426 1016; x_wconf 65' lang='grc' dir='ltr'><em>τε</em></span> <span class='ocrx_word' id='word_1_101' title='bbox 460 942 624 1005; x_wconf 82' lang='grc' dir='ltr'><em>στῆθός</em></span> <span class='ocrx_word' id='word_1_102' title='bbox 653 960 721 997; x_wconf 88' lang='grc' dir='ltr'><em>τε,</em></span> <span class='ocrx_word' id='word_1_103' title='bbox 758 943 945 1014; x_wconf 81' lang='grc' dir='ltr'><em>μάλιστα</em></span> <span class='ocrx_word' id='word_1_104' title='bbox 975 943 1022 987; x_wconf 82' lang='grc' dir='ltr'><em>δὲ</em></span> <span class='ocrx_word' id='word_1_105' title='bbox 1051 941 1229 998; x_wconf 88' lang='grc' dir='ltr'><em>καίριόν</em></span> <span class='ocrx_word' id='word_1_106' title='bbox 1258 942 1389 998; x_wconf 77' lang='grc' dir='ltr'><em>ἐστιν,</em></span> 
     </span>
     <span class='ocr_line' id='line_1_16' title="bbox 186 998 1299 1057; baseline 0 -14"><span class='ocrx_word' id='word_1_107' title='bbox 186 1004 241 1057; x_wconf 87' lang='grc' dir='ltr'><em>τῇ</em></span> <span class='ocrx_word' id='word_1_108' title='bbox 272 998 315 1055; x_wconf 89' lang='grc' dir='ltr'><em>ρ’</em></span> <span class='ocrx_word' id='word_1_109' title='bbox 346 1000 417 1044; x_wconf 80' lang='grc' dir='ltr'><em>ἐπὶ</em></span> <span class='ocrx_word' id='word_1_110' title='bbox 449 1018 494 1044; x_wconf 91' lang='grc' dir='ltr'><em>οι</em></span> <span class='ocrx_word' id='word_1_111' title='bbox 522 1006 726 1056; x_wconf 79' lang='grc' dir='ltr'><em>μεμαῶτα</em></span> <span class='ocrx_word' id='word_1_112' title='bbox 757 1001 889 1056; x_wconf 86' lang='grc' dir='ltr'><em>βάλεν</em></span> <span class='ocrx_word' id='word_1_113' title='bbox 917 1003 1030 1056; x_wconf 74' lang='grc' dir='ltr'><em>λίθῳ</em></span> <span class='ocrx_word' id='word_1_114' title='bbox 1070 999 1299 1053; x_wconf 85' lang='grc' dir='ltr'><em>ὀκριόεντι,</em></span> 
     </span>
     <span class='ocr_line' id='line_1_17' title="bbox 187 1044 1388 1131; baseline 0 -30"><span class='ocrx_word' id='word_1_115' title='bbox 187 1044 288 1112; x_wconf 79' lang='grc' dir='ltr'><em>ῥῆξε</em></span> <span class='ocrx_word' id='word_1_116' title='bbox 320 1058 366 1100; x_wconf 90' lang='grc' dir='ltr'><em>δέ</em></span> <span class='ocrx_word' id='word_1_117' title='bbox 398 1074 441 1100; x_wconf 94' lang='grc' dir='ltr'><em>οι</em></span> <span class='ocrx_word' id='word_1_118' title='bbox 469 1057 654 1113; x_wconf 86' lang='grc' dir='ltr'><em>νευρήν·</em></span> <span class='ocrx_word' id='word_1_119' title='bbox 684 1057 878 1127; x_wconf 86' lang='grc' dir='ltr'><em>νάρκησε</em></span> <span class='ocrx_word' id='word_1_120' title='bbox 911 1058 957 1101; x_wconf 80' lang='grc' dir='ltr'><em>δὲ</em></span> <span class='ocrx_word' id='word_1_121' title='bbox 987 1059 1076 1131; x_wconf 80' lang='grc' dir='ltr'><em>χεὶρ</em></span> <span class='ocrx_word' id='word_1_122' title='bbox 1108 1059 1177 1101; x_wconf 80' lang='grc' dir='ltr'><em>ἐπὶ</em></span> <span class='ocrx_word' id='word_1_123' title='bbox 1206 1061 1388 1114; x_wconf 81' lang='grc' dir='ltr'><em>καρπῷ·</em></span> 
     </span>
     <span class='ocr_line' id='line_1_18' title="bbox 186 1113 1382 1185; baseline 0.002 -28"><span class='ocrx_word' id='word_1_124' title='bbox 186 1117 266 1168; x_wconf 86' lang='grc' dir='ltr'><em>στῆ</em></span> <span class='ocrx_word' id='word_1_125' title='bbox 297 1113 344 1157; x_wconf 81' lang='grc' dir='ltr'><em>δὲ</em></span> <span class='ocrx_word' id='word_1_126' title='bbox 358 1114 483 1185; x_wconf 77' lang='grc' dir='ltr'><em>γνύξ</em></span> <span class='ocrx_word' id='word_1_127' title='bbox 510 1114 699 1167; x_wconf 83' lang='grc' dir='ltr'><em>ἐριπών,</em></span> <span class='ocrx_word' id='word_1_128' title='bbox 729 1113 860 1167; x_wconf 80' lang='grc' dir='ltr'><em>τόξον</em></span> <span class='ocrx_word' id='word_1_129' title='bbox 894 1115 941 1158; x_wconf 88' lang='grc' dir='ltr'><em>δέ</em></span> <span class='ocrx_word' id='word_1_130' title='bbox 972 1132 1014 1158; x_wconf 95' lang='grc' dir='ltr'><em>οι</em></span> <span class='ocrx_word' id='word_1_131' title='bbox 1044 1115 1194 1158; x_wconf 87' lang='grc' dir='ltr'><em>ε’κπεσε</em></span> <span class='ocrx_word' id='word_1_132' title='bbox 1223 1117 1382 1171; x_wconf 88' lang='grc' dir='ltr'><em>χειρός.</em></span> 
     </span>
     <span class='ocr_line' id='line_1_19' title="bbox 183 1169 1269 1242; baseline 0 -28"><span class='ocrx_word' id='word_1_133' title='bbox 183 1173 297 1222; x_wconf 81' lang='grc' dir='ltr'><em>Αἴας</em></span> <span class='ocrx_word' id='word_1_134' title='bbox 327 1169 368 1215; x_wconf 89' lang='grc' dir='ltr'><em>δ’</em></span> <span class='ocrx_word' id='word_1_135' title='bbox 401 1170 484 1215; x_wconf 85' lang='grc' dir='ltr'><em>οὐκ</em></span> <span class='ocrx_word' id='word_1_136' title='bbox 518 1171 700 1228; x_wconf 83' lang='grc' dir='ltr'><em>ἀμέλησε</em></span> <span class='ocrx_word' id='word_1_137' title='bbox 729 1170 1015 1242; x_wconf 84' lang='grc' dir='ltr'><em>κασιγνήτοιο</em></span> <span class='ocrx_word' id='word_1_138' title='bbox 1044 1171 1269 1223; x_wconf 81' lang='grc' dir='ltr'><em>πεσόντος,</em></span> 
     </span>
    </p>

    <p class='ocr_par' dir='ltr' id='par_1_7' title="bbox 70 1226 1351 1457">
     <span class='ocr_line' id='line_1_20' title="bbox 70 1226 1336 1302; baseline -0.002 -28"><span class='ocrx_word' id='word_1_139' title='bbox 70 1233 154 1274; x_wconf 84' lang='grc'><em>330</em></span> <span class='ocrx_word' id='word_1_140' title='bbox 185 1226 293 1271; x_wconf 80' lang='grc' dir='ltr'><em>ἀλλὰ</em></span> <span class='ocrx_word' id='word_1_141' title='bbox 321 1228 442 1272; x_wconf 79' lang='grc' dir='ltr'><em>θέων</em></span> <span class='ocrx_word' id='word_1_142' title='bbox 472 1231 650 1302; x_wconf 85' lang='grc' dir='ltr'><em>περίβη,</em></span> <span class='ocrx_word' id='word_1_143' title='bbox 687 1231 762 1273; x_wconf 91' lang='grc' dir='ltr'><em>καί</em></span> <span class='ocrx_word' id='word_1_144' title='bbox 792 1232 836 1273; x_wconf 83' lang='grc' dir='ltr'><em>οἷ</em></span> <span class='ocrx_word' id='word_1_145' title='bbox 865 1227 1000 1280; x_wconf 82' lang='grc' dir='ltr'><em>σάκος</em></span> <span class='ocrx_word' id='word_1_146' title='bbox 1032 1228 1336 1301; x_wconf 76' lang='grc' dir='ltr'><em>ἀμφεκάλυψε.</em></span> 
     </span>
     <span class='ocr_line' id='line_1_21' title="bbox 183 1284 1336 1358; baseline 0.003 -31"><span class='ocrx_word' id='word_1_147' title='bbox 183 1284 263 1328; x_wconf 84' lang='grc' dir='ltr'><em>τὸν</em></span> <span class='ocrx_word' id='word_1_148' title='bbox 293 1285 372 1340; x_wconf 80' lang='grc' dir='ltr'><em>μὲν</em></span> <span class='ocrx_word' id='word_1_149' title='bbox 404 1285 546 1330; x_wconf 73' lang='grc' dir='ltr'><em>ἔπειθ’</em></span> <span class='ocrx_word' id='word_1_150' title='bbox 578 1285 800 1330; x_wconf 82' lang='grc' dir='ltr'><em>ὑποδύντε</em></span> <span class='ocrx_word' id='word_1_151' title='bbox 831 1284 924 1330; x_wconf 86' lang='grc' dir='ltr'><em>δύω</em></span> <span class='ocrx_word' id='word_1_152' title='bbox 956 1287 1124 1358; x_wconf 79' lang='grc' dir='ltr'><em>ἐρίηρες</em></span> <span class='ocrx_word' id='word_1_153' title='bbox 1155 1286 1336 1341; x_wconf 79' lang='grc' dir='ltr'><em>ἑταῖροι,</em></span> 
     </span>
     <span class='ocr_line' id='line_1_22' title="bbox 185 1342 1293 1414; baseline 0.001 -29"><span class='ocrx_word' id='word_1_154' title='bbox 185 1342 465 1397; x_wconf 78' lang='grc' dir='ltr'><em>Μηκιστεὺς,</em></span> <span class='ocrx_word' id='word_1_155' title='bbox 488 1342 646 1414; x_wconf 89' lang='grc' dir='ltr'><em>Ἐχίοιο</em></span> <span class='ocrx_word' id='word_1_156' title='bbox 678 1343 806 1395; x_wconf 80' lang='grc' dir='ltr'><em>πάὶς,</em></span> <span class='ocrx_word' id='word_1_157' title='bbox 836 1344 910 1387; x_wconf 89' lang='grc' dir='ltr'><em>καὶ</em></span> <span class='ocrx_word' id='word_1_158' title='bbox 940 1345 1034 1394; x_wconf 86' lang='grc' dir='ltr'><em>δῖος</em></span> <span class='ocrx_word' id='word_1_159' title='bbox 1058 1343 1293 1398; x_wconf 78' lang='grc' dir='ltr'><em>Ἀλάστωρ,</em></span> 
     </span>
     <span class='ocr_line' id='line_1_23' title="bbox 186 1399 1362 1457; baseline 0.001 -15"><span class='ocrx_word' id='word_1_160' title='bbox 186 1403 296 1455; x_wconf 86' lang='grc' dir='ltr'><em>νῆας</em></span> <span class='ocrx_word' id='word_1_161' title='bbox 331 1400 401 1444; x_wconf 74' lang='grc' dir='ltr'><em>ἔπι</em></span> <span class='ocrx_word' id='word_1_162' title='bbox 430 1399 664 1457; x_wconf 75' lang='grc' dir='ltr'><em>γλαφυράς</em></span> <span class='ocrx_word' id='word_1_163' title='bbox 694 1402 885 1457; x_wconf 89' lang='grc' dir='ltr'><em>φερέτην</em></span> <span class='ocrx_word' id='word_1_164' title='bbox 914 1402 1053 1456; x_wconf 91' lang='grc' dir='ltr'><em>βαρέα</em></span> <span class='ocrx_word' id='word_1_165' title='bbox 1084 1401 1362 1456; x_wconf 84' lang='grc' dir='ltr'><em>στενάχοντα.</em></span> 
     </span>
    </p>
   </div>
   <div class='ocr_carea' id='block_1_4' title="bbox 151 1479 1692 1573">
    <p class='ocr_par' dir='ltr' id='par_1_8' title="bbox 151 1479 1692 1573">
     <span class='ocr_line' id='line_1_24' title="bbox 235 1479 1692 1524; baseline 0.003 -11"><span class='ocrx_word' id='word_1_166' title='bbox 235 1479 347 1514; x_wconf 85' lang='lat' dir='ltr'>denuo</span> <span class='ocrx_word' id='word_1_167' title='bbox 378 1480 415 1514; x_wconf 85' lang='lat' dir='ltr'><em>in</em></span> <span class='ocrx_word' id='word_1_168' title='bbox 446 1482 563 1524; x_wconf 83' lang='lat' dir='ltr'><strong>fugam</strong></span> <span class='ocrx_word' id='word_1_169' title='bbox 597 1485 783 1515; x_wconf 80' lang='lat' dir='ltr'>vertuntur</span> <span class='ocrx_word' id='word_1_170' title='bbox 816 1480 967 1521; x_wconf 81' lang='lat' dir='ltr'><strong>Graeci,</strong></span> <span class='ocrx_word' id='word_1_171' title='bbox 1001 1492 1074 1515; x_wconf 90' lang='lat' dir='ltr'><em>cum</em></span> <span class='ocrx_word' id='word_1_172' title='bbox 1107 1481 1198 1515; x_wconf 89' lang='lat' dir='ltr'>Juno</span> <span class='ocrx_word' id='word_1_173' title='bbox 1228 1485 1265 1514; x_wconf 83' lang='lat' dir='ltr'><em>et</em></span> <span class='ocrx_word' id='word_1_174' title='bbox 1298 1480 1458 1515; x_wconf 85' lang='lat' dir='ltr'><strong>Minerva</strong></span> <span class='ocrx_word' id='word_1_175' title='bbox 1482 1483 1600 1518; x_wconf 76' lang='lat' dir='ltr'>auxilii</span> <span class='ocrx_word' id='word_1_176' title='bbox 1625 1482 1692 1517; x_wconf 80' lang='lat' dir='ltr'><strong>illis</strong></span> 
     </span>
     <span class='ocr_line' id='line_1_25' title="bbox 151 1525 1007 1573; baseline 0 -13"><span class='ocrx_word' id='word_1_177' title='bbox 151 1525 290 1560; x_wconf 80' lang='lat' dir='ltr'><strong>ferendi</strong></span> <span class='ocrx_word' id='word_1_178' title='bbox 313 1538 417 1561; x_wconf 83' lang='lat' dir='ltr'><strong>causa</strong></span> <span class='ocrx_word' id='word_1_179' title='bbox 441 1527 474 1561; x_wconf 89' lang='lat' dir='ltr'>T</span> <span class='ocrx_word' id='word_1_180' title='bbox 478 1539 583 1571; x_wconf 81' lang='lat' dir='ltr'>roJam</span> <span class='ocrx_word' id='word_1_181' title='bbox 607 1528 784 1573; x_wconf 87' lang='lat' dir='ltr'><strong>proficisci</strong></span> <span class='ocrx_word' id='word_1_182' title='bbox 808 1528 1007 1562; x_wconf 81' lang='lat' dir='ltr'><strong>instituunt.</strong></span> 
     </span>
    </p>
   </div>
   <div class='ocr_carea' id='block_1_5' title="bbox 67 1591 1528 2397">
    <p class='ocr_par' dir='ltr' id='par_1_9' title="bbox 67 1591 1528 2397">
     <span class='ocr_line' id='line_1_26' title="bbox 252 1591 1528 1668; baseline 0.002 -30.029"><span class='ocrx_word' id='word_1_183' title='bbox 252 1593 339 1647; x_wconf 86' lang='grc' dir='ltr'><em>Ἀψ</em></span> <span class='ocrx_word' id='word_1_184' title='bbox 369 1593 415 1638; x_wconf 87' lang='grc' dir='ltr'><em>δ’</em></span> <span class='ocrx_word' id='word_1_185' title='bbox 449 1591 575 1646; x_wconf 80' lang='grc' dir='ltr'><em>αὖτις</em></span> <span class='ocrx_word' id='word_1_186' title='bbox 609 1594 832 1650; x_wconf 86' lang='grc' dir='ltr'><em>Τρώεσσιν</em></span> <span class='ocrx_word' id='word_1_187' title='bbox 858 1593 1097 1668; x_wconf 87' lang='grc' dir='ltr'><em>Ὀλύμπιος</em></span> <span class='ocrx_word' id='word_1_188' title='bbox 1126 1595 1174 1639; x_wconf 81' lang='grc' dir='ltr'><em>έν</em></span> <span class='ocrx_word' id='word_1_189' title='bbox 1203 1594 1337 1666; x_wconf 89' lang='grc' dir='ltr'><em>μένος</em></span> <span class='ocrx_word' id='word_1_190' title='bbox 1366 1593 1528 1651; x_wconf 75' lang='grc' dir='ltr'><em>ὦρσεν·</em></span> 
     </span>
     <span class='ocr_line' id='line_1_27' title="bbox 69 1649 1276 1709; baseline -0.001 -12"><span class='ocrx_word' id='word_1_191' title='bbox 69 1653 152 1697; x_wconf 82' lang='grc'><em>335</em></span> <span class='ocrx_word' id='word_1_192' title='bbox 184 1652 230 1694; x_wconf 81' lang='grc' dir='ltr'><em>οἱ</em></span> <span class='ocrx_word' id='word_1_193' title='bbox 259 1649 302 1695; x_wconf 87' lang='grc' dir='ltr'><em>δ’</em></span> <span class='ocrx_word' id='word_1_194' title='bbox 335 1651 437 1704; x_wconf 79' lang='grc' dir='ltr'><em>ἰθύς</em></span> <span class='ocrx_word' id='word_1_195' title='bbox 465 1652 657 1708; x_wconf 84' lang='grc' dir='ltr'><em>τάφροιο</em></span> <span class='ocrx_word' id='word_1_196' title='bbox 692 1655 874 1709; x_wconf 80' lang='grc' dir='ltr'><em>βαθείης</em></span> <span class='ocrx_word' id='word_1_197' title='bbox 904 1655 1026 1696; x_wconf 77' lang='grc' dir='ltr'><em>ὦσαν</em></span> <span class='ocrx_word' id='word_1_198' title='bbox 1053 1650 1276 1708; x_wconf 72' lang='grc' dir='ltr'><em>Ἀχαιούς·</em></span> 
     </span>
     <span class='ocr_line' id='line_1_28' title="bbox 169 1707 1352 1780; baseline 0.001 -28.013"><span class='ocrx_word' id='word_1_199' title='bbox 169 1707 341 1779; x_wconf 72' lang='lat' dir='ltr'><em>“Enva</em></span> <span class='ocrx_word' id='word_1_200' title='bbox 358 1707 417 1780; x_wconf 40' lang='grc' dir='ltr'><em>..δ’</em></span> <span class='ocrx_word' id='word_1_201' title='bbox 450 1710 497 1753; x_wconf 78' lang='grc' dir='ltr'><em>ἐν</em></span> <span class='ocrx_word' id='word_1_202' title='bbox 525 1709 740 1764; x_wconf 88' lang='grc' dir='ltr'><em>πρώτοισι</em></span> <span class='ocrx_word' id='word_1_203' title='bbox 769 1712 857 1763; x_wconf 88' lang='grc' dir='ltr'><em>κίε,</em></span> <span class='ocrx_word' id='word_1_204' title='bbox 889 1710 1040 1753; x_wconf 80' lang='grc' dir='ltr'><em>σθένεϊ</em></span> <span class='ocrx_word' id='word_1_205' title='bbox 1066 1711 1352 1779; x_wconf 81' lang='grc' dir='ltr'><em>βλεμεαίνων.</em></span> 
     </span>
     <span class='ocr_line' id='line_1_29' title="bbox 184 1764 1366 1823; baseline 0.001 -14"><span class='ocrx_word' id='word_1_206' title='bbox 184 1782 244 1817; x_wconf 90' lang='grc' dir='ltr'><em>ως</em></span> <span class='ocrx_word' id='word_1_207' title='bbox 274 1765 319 1810; x_wconf 92' lang='lat'><em>6’</em></span> <span class='ocrx_word' id='word_1_208' title='bbox 355 1764 426 1810; x_wconf 83' lang='grc' dir='ltr'><em>ὅτε</em></span> <span class='ocrx_word' id='word_1_209' title='bbox 457 1768 521 1818; x_wconf 91' lang='grc' dir='ltr'><em>τίς</em></span> <span class='ocrx_word' id='word_1_210' title='bbox 550 1783 596 1811; x_wconf 87' lang='grc' dir='ltr'><em>τε</em></span> <span class='ocrx_word' id='word_1_211' title='bbox 623 1766 748 1812; x_wconf 86' lang='grc' dir='ltr'><em>κύων</em></span> <span class='ocrx_word' id='word_1_212' title='bbox 777 1766 884 1818; x_wconf 89' lang='grc' dir='ltr'><em>συὸς</em></span> <span class='ocrx_word' id='word_1_213' title='bbox 916 1764 1078 1822; x_wconf 85' lang='grc' dir='ltr'><em>ἀγρίου</em></span> <span class='ocrx_word' id='word_1_214' title='bbox 1107 1765 1157 1823; x_wconf 81' lang='grc' dir='ltr'><em>ἠε</em></span> <span class='ocrx_word' id='word_1_215' title='bbox 1187 1767 1366 1818; x_wconf 87' lang='grc' dir='ltr'><em>λέοντος</em></span> 
     </span>
     <span class='ocr_line' id='line_1_30' title="bbox 183 1822 1281 1879; baseline 0.003 -14"><span class='ocrx_word' id='word_1_216' title='bbox 183 1822 370 1878; x_wconf 80' lang='grc' dir='ltr'><em>ἅπτηται</em></span> <span class='ocrx_word' id='word_1_217' title='bbox 398 1823 665 1879; x_wconf 84' lang='grc' dir='ltr'><em>κατόπισθε,</em></span> <span class='ocrx_word' id='word_1_218' title='bbox 701 1825 834 1868; x_wconf 89' lang='grc' dir='ltr'><em>ποσιν</em></span> <span class='ocrx_word' id='word_1_219' title='bbox 863 1824 1061 1879; x_wconf 89' lang='grc' dir='ltr'><em>ταχέεσσι</em></span> <span class='ocrx_word' id='word_1_220' title='bbox 1091 1823 1281 1878; x_wconf 87' lang='grc' dir='ltr'><em>διώκων,</em></span> 
     </span>
     <span class='ocr_line' id='line_1_31' title="bbox 185 1879 1322 1952; baseline 0.004 -31"><span class='ocrx_word' id='word_1_221' title='bbox 185 1879 302 1950; x_wconf 85' lang='grc' dir='ltr'><em>ἰσχία</em></span> <span class='ocrx_word' id='word_1_222' title='bbox 330 1895 376 1923; x_wconf 88' lang='grc' dir='ltr'><em>τε</em></span> <span class='ocrx_word' id='word_1_223' title='bbox 404 1881 620 1935; x_wconf 73' lang='grc' dir='ltr'><em>γλουτούς</em></span> <span class='ocrx_word' id='word_1_224' title='bbox 647 1897 711 1934; x_wconf 90' lang='grc' dir='ltr'><em>τε,</em></span> <span class='ocrx_word' id='word_1_225' title='bbox 726 1880 1043 1952; x_wconf 81' lang='grc' dir='ltr'><em>·έλισσο’μενόν</em></span> <span class='ocrx_word' id='word_1_226' title='bbox 1061 1897 1105 1924; x_wconf 87' lang='grc' dir='ltr'><em>τε</em></span> <span class='ocrx_word' id='word_1_227' title='bbox 1137 1880 1322 1934; x_wconf 86' lang='grc' dir='ltr'><em>δοκεύει,</em></span> 
     </span>
     <span class='ocr_line' id='line_1_32' title="bbox 71 1935 1242 2011; baseline 0 -30"><span class='ocrx_word' id='word_1_228' title='bbox 71 1936 154 1981; x_wconf 83' lang='grc'><em>340</em></span> <span class='ocrx_word' id='word_1_229' title='bbox 185 1935 245 1987; x_wconf 85' lang='grc' dir='ltr'><em>ὡς</em></span> <span class='ocrx_word' id='word_1_230' title='bbox 263 1936 434 2008; x_wconf 87' lang='grc' dir='ltr'><em>Ἕκτωρ</em></span> <span class='ocrx_word' id='word_1_231' title='bbox 466 1937 607 1992; x_wconf 81' lang='grc' dir='ltr'><em>ὤπαζε</em></span> <span class='ocrx_word' id='word_1_232' title='bbox 635 1937 1007 2010; x_wconf 86' lang='grc' dir='ltr'><em>καρηκομόωντας</em></span> <span class='ocrx_word' id='word_1_233' title='bbox 1032 1935 1242 2011; x_wconf 62' lang='grc' dir='ltr'><em>Ἀχαιούς,</em></span> 
     </span>
     <span class='ocr_line' id='line_1_33' title="bbox 184 1991 1388 2051; baseline 0.003 -15"><span class='ocrx_word' id='word_1_234' title='bbox 184 1993 279 2036; x_wconf 83' lang='grc' dir='ltr'><em>αίεν</em></span> <span class='ocrx_word' id='word_1_235' title='bbox 310 1991 578 2038; x_wconf 89' lang='grc' dir='ltr'><em>ἀποκτείνων</em></span> <span class='ocrx_word' id='word_1_236' title='bbox 606 1995 685 2039; x_wconf 87' lang='grc' dir='ltr'><em>τὸν</em></span> <span class='ocrx_word' id='word_1_237' title='bbox 715 1994 1053 2039; x_wconf 85' lang='grc' dir='ltr'><em>ὀπίστατον·οἷ</em></span> <span class='ocrx_word' id='word_1_238' title='bbox 1082 1993 1126 2038; x_wconf 89' lang='grc' dir='ltr'><em>δ’</em></span> <span class='ocrx_word' id='word_1_239' title='bbox 1159 1995 1388 2051; x_wconf 80' lang='grc' dir='ltr'><em>ἐφέβοντο.</em></span> 
     </span>
     <span class='ocr_line' id='line_1_34' title="bbox 184 2048 1381 2125; baseline 0.003 -32"><span class='ocrx_word' id='word_1_240' title='bbox 184 2048 325 2105; x_wconf 76' lang='grc' dir='ltr'><em>αὐτάρ</em></span> <span class='ocrx_word' id='word_1_241' title='bbox 354 2051 446 2096; x_wconf 82' lang='grc' dir='ltr'><em>ἐπεὶ</em></span> <span class='ocrx_word' id='word_1_242' title='bbox 475 2051 549 2096; x_wconf 86' lang='grc' dir='ltr'><em>διά</em></span> <span class='ocrx_word' id='word_1_243' title='bbox 579 2068 625 2096; x_wconf 88' lang='grc' dir='ltr'><em>τε</em></span> <span class='ocrx_word' id='word_1_244' title='bbox 655 2053 876 2104; x_wconf 86' lang='grc' dir='ltr'><em>σκόλοπας</em></span> <span class='ocrx_word' id='word_1_245' title='bbox 906 2069 980 2095; x_wconf 88' lang='grc' dir='ltr'><em>και</em></span> <span class='ocrx_word' id='word_1_246' title='bbox 1010 2050 1206 2122; x_wconf 88' lang='grc' dir='ltr'><em>τάφρον</em></span> <span class='ocrx_word' id='word_1_247' title='bbox 1217 2052 1381 2125; x_wconf 87' lang='grc' dir='ltr'><em>ε’βησαν</em></span> 
     </span>
     <span class='ocr_line' id='line_1_35' title="bbox 183 2107 1398 2179; baseline 0.002 -29"><span class='ocrx_word' id='word_1_248' title='bbox 183 2107 441 2164; x_wconf 84' lang='grc' dir='ltr'><em>φεύγοντες,</em></span> <span class='ocrx_word' id='word_1_249' title='bbox 473 2109 630 2153; x_wconf 84' lang='grc' dir='ltr'><em>πολλοὶ</em></span> <span class='ocrx_word' id='word_1_250' title='bbox 662 2110 708 2153; x_wconf 80' lang='grc' dir='ltr'><em>δὲ</em></span> <span class='ocrx_word' id='word_1_251' title='bbox 740 2110 880 2165; x_wconf 88' lang='grc' dir='ltr'><em>δάμεν</em></span> <span class='ocrx_word' id='word_1_252' title='bbox 916 2108 1109 2179; x_wconf 87' lang='grc' dir='ltr'><em>Τρώων</em></span> <span class='ocrx_word' id='word_1_253' title='bbox 1117 2107 1206 2152; x_wconf 78' lang='grc' dir='ltr'><em>ὑπό</em></span> <span class='ocrx_word' id='word_1_254' title='bbox 1238 2109 1398 2166; x_wconf 87' lang='grc' dir='ltr'><em>χερσὶν,</em></span> 
     </span>
     <span class='ocr_line' id='line_1_36' title="bbox 181 2163 1277 2238; baseline 0.002 -30"><span class='ocrx_word' id='word_1_255' title='bbox 181 2166 227 2208; x_wconf 82' lang='grc' dir='ltr'><em>οἱ</em></span> <span class='ocrx_word' id='word_1_256' title='bbox 255 2165 335 2220; x_wconf 81' lang='grc' dir='ltr'><em>μὲν</em></span> <span class='ocrx_word' id='word_1_257' title='bbox 369 2166 423 2222; x_wconf 84' lang='grc' dir='ltr'><em>δὴ</em></span> <span class='ocrx_word' id='word_1_258' title='bbox 452 2167 572 2221; x_wconf 79' lang='grc' dir='ltr'><em>παρὰ</em></span> <span class='ocrx_word' id='word_1_259' title='bbox 602 2167 761 2238; x_wconf 87' lang='grc' dir='ltr'><em>νηυσὶν</em></span> <span class='ocrx_word' id='word_1_260' title='bbox 790 2165 1028 2224; x_wconf 79' lang='grc' dir='ltr'><em>ἐρητύοντο</em></span> <span class='ocrx_word' id='word_1_261' title='bbox 1059 2163 1277 2222; x_wconf 86' lang='grc' dir='ltr'><em>μένοντες,</em></span> 
     </span>
     <span class='ocr_line' id='line_1_37' title="bbox 67 2220 1228 2297; baseline 0 -31"><span class='ocrx_word' id='word_1_262' title='bbox 67 2222 151 2267; x_wconf 84' lang='grc'><em>345</em></span> <span class='ocrx_word' id='word_1_263' title='bbox 181 2220 408 2295; x_wconf 83' lang='grc' dir='ltr'><em>ἀλλήλοισί</em></span> <span class='ocrx_word' id='word_1_264' title='bbox 435 2239 481 2268; x_wconf 87' lang='grc' dir='ltr'><em>τε</em></span> <span class='ocrx_word' id='word_1_265' title='bbox 510 2223 794 2297; x_wconf 87' lang='grc' dir='ltr'><em>κεκλόμενοι,</em></span> <span class='ocrx_word' id='word_1_266' title='bbox 813 2225 888 2269; x_wconf 89' lang='grc' dir='ltr'><em>καὶ</em></span> <span class='ocrx_word' id='word_1_267' title='bbox 916 2227 1024 2268; x_wconf 83' lang='grc' dir='ltr'><em>πᾶσι</em></span> <span class='ocrx_word' id='word_1_268' title='bbox 1053 2229 1228 2268; x_wconf 84' lang='grc' dir='ltr'><em>θεοῖσιν</em></span> 
     </span>
     <span class='ocr_line' id='line_1_38' title="bbox 169 2279 1331 2353; baseline 0.002 -31"><span class='ocrx_word' id='word_1_269' title='bbox 169 2284 328 2350; x_wconf 55' lang='grc' dir='ltr'><em>Ρχεῖρας</em></span> <span class='ocrx_word' id='word_1_270' title='bbox 357 2279 608 2353; x_wconf 86' lang='grc' dir='ltr'><em>ἀνίσχοντες</em></span> <span class='ocrx_word' id='word_1_271' title='bbox 636 2281 794 2338; x_wconf 77' lang='grc' dir='ltr'><em>μεγάλ’</em></span> <span class='ocrx_word' id='word_1_272' title='bbox 826 2280 1092 2338; x_wconf 78' lang='grc' dir='ltr'><em>εὐχετόωντο</em></span> <span class='ocrx_word' id='word_1_273' title='bbox 1126 2280 1331 2333; x_wconf 89' lang='grc' dir='ltr'><em>ε’καστος·</em></span> 
     </span>
     <span class='ocr_line' id='line_1_39' title="bbox 184 2336 1365 2397; baseline 0.002 -17"><span class='ocrx_word' id='word_1_274' title='bbox 184 2340 342 2394; x_wconf 92' lang='grc' dir='ltr'><em>Εκτωρ</em></span> <span class='ocrx_word' id='word_1_275' title='bbox 373 2336 419 2382; x_wconf 89' lang='grc' dir='ltr'><em>δ’</em></span> <span class='ocrx_word' id='word_1_276' title='bbox 450 2338 853 2397; x_wconf 86' lang='grc' dir='ltr'><em>ἀμφιπεριστρώφα</em></span> <span class='ocrx_word' id='word_1_277' title='bbox 881 2340 1158 2396; x_wconf 88' lang='grc' dir='ltr'><em>καλλίτριχας</em></span> <span class='ocrx_word' id='word_1_278' title='bbox 1188 2339 1365 2390; x_wconf 88' lang='grc' dir='ltr'><em>ι’ππους,</em></span> 
     </span>
    </p>
   </div>
   <div class='ocr_carea' id='block_1_6' title="bbox 8 2459 824 3068">
    <p class='ocr_par' dir='ltr' id='par_1_10' title="bbox 8 2459 824 3068">
     <span class='ocr_line' id='line_1_40' title="bbox 13 2459 822 2520; baseline 0.004 -22"><span class='ocrx_word' id='word_1_279' title='bbox 13 2462 91 2499; x_wconf 81' lang='grc'><em>128.</em></span> <span class='ocrx_word' id='word_1_280' title='bbox 113 2459 484 2520; x_wconf 80' lang='grc' dir='ltr'><em>-υπερώησαν,</em></span> <span class='ocrx_word' id='word_1_281' title='bbox 512 2465 593 2501; x_wconf 88' lang='grc'><em>122.</em></span> <span class='ocrx_word' id='word_1_282' title='bbox 628 2482 671 2491; x_wconf 91' lang='lat'>-</span> <span class='ocrx_word' id='word_1_283' title='bbox 708 2463 822 2501; x_wconf 73' lang='grc' dir='ltr'><em>αὖε-</em></span> 
     </span>
     <span class='ocr_line' id='line_1_41' title="bbox 11 2507 822 2552; baseline 0.003 -8"><span class='ocrx_word' id='word_1_284' title='bbox 11 2507 202 2552; x_wconf 81' lang='grc' dir='ltr'><em>ρύοντα.</em></span> <span class='ocrx_word' id='word_1_285' title='bbox 240 2512 294 2552; x_wconf 80' lang='grc' dir='ltr'><em>εἰς</em></span> <span class='ocrx_word' id='word_1_286' title='bbox 316 2508 482 2546; x_wconf 70' lang='grc' dir='ltr'><em>τούπίσω</em></span> <span class='ocrx_word' id='word_1_287' title='bbox 508 2510 672 2548; x_wconf 73' lang='grc' dir='ltr'><em>ἕλκοντα.</em></span> <span class='ocrx_word' id='word_1_288' title='bbox 705 2513 822 2547; x_wconf 88' lang='lat' dir='ltr'><strong>Schol.</strong></span> 
     </span>
     <span class='ocr_line' id='line_1_42' title="bbox 11 2555 822 2616; baseline 0.004 -27"><span class='ocrx_word' id='word_1_289' title='bbox 11 2555 52 2589; x_wconf 82' lang='lat' dir='ltr'><em>A.</em></span> <span class='ocrx_word' id='word_1_290' title='bbox 88 2557 134 2590; x_wconf 74' lang='lat' dir='ltr'><em>cf.</em></span> <span class='ocrx_word' id='word_1_291' title='bbox 159 2559 240 2593; x_wconf 79' lang='lat'>266.</span> <span class='ocrx_word' id='word_1_292' title='bbox 266 2576 312 2582; x_wconf 92' lang='lat'>—</span> <span class='ocrx_word' id='word_1_293' title='bbox 336 2558 490 2600; x_wconf 77' lang='grc' dir='ltr'><em>κληΐς.</em></span> <span class='ocrx_word' id='word_1_294' title='bbox 519 2557 572 2616; x_wconf 70' lang='grc' dir='ltr'><em>β’,</em></span> <span class='ocrx_word' id='word_1_295' title='bbox 596 2560 654 2594; x_wconf 83' lang='grc'><em>74.</em></span> <span class='ocrx_word' id='word_1_296' title='bbox 681 2557 721 2600; x_wconf 84' lang='grc' dir='ltr'><em>ε’,</em></span> <span class='ocrx_word' id='word_1_297' title='bbox 744 2557 822 2595; x_wconf 84' lang='lat'>146.</span> 
     </span>
     <span class='ocr_line' id='line_1_43' title="bbox 12 2599 823 2650; baseline 0.005 -14"><span class='ocrx_word' id='word_1_298' title='bbox 12 2618 57 2626; x_wconf 81' lang='lat'><em>-</em></span> <span class='ocrx_word' id='word_1_299' title='bbox 94 2599 468 2649; x_wconf 74' lang='grc' dir='ltr'><em>8ο1ι..α’ποέργει.</em></span> <span class='ocrx_word' id='word_1_300' title='bbox 505 2607 680 2650; x_wconf 85' lang='grc' dir='ltr'><em>απείργει.</em></span> <span class='ocrx_word' id='word_1_301' title='bbox 709 2605 823 2650; x_wconf 81' lang='lat' dir='ltr'><strong>(feriit</strong></span> 
     </span>
     <span class='ocr_line' id='line_1_44' title="bbox 13 2647 822 2697; baseline 0.007 -17"><span class='ocrx_word' id='word_1_302' title='bbox 13 2647 146 2683; x_wconf 85' lang='lat' dir='ltr'>Hector</span> <span class='ocrx_word' id='word_1_303' title='bbox 166 2650 342 2685; x_wconf 80' lang='lat' dir='ltr'>Teucrum</span> <span class='ocrx_word' id='word_1_304' title='bbox 367 2663 407 2685; x_wconf 84' lang='lat' dir='ltr'><em>ea</em></span> <span class='ocrx_word' id='word_1_305' title='bbox 430 2656 550 2696; x_wconf 81' lang='lat' dir='ltr'><strong>parte,</strong></span> <span class='ocrx_word' id='word_1_306' title='bbox 576 2664 645 2697; x_wconf 87' lang='lat' dir='ltr'><em>qua</em></span> <span class='ocrx_word' id='word_1_307' title='bbox 669 2662 707 2685; x_wconf 89' lang='lat' dir='ltr'><em>os</em></span> <span class='ocrx_word' id='word_1_308' title='bbox 728 2663 822 2686; x_wconf 90' lang='lat' dir='ltr'><strong>omo-</strong></span> 
     </span>
     <span class='ocr_line' id='line_1_45' title="bbox 12 2693 824 2743; baseline 0.007 -17"><span class='ocrx_word' id='word_1_309' title='bbox 12 2693 138 2737; x_wconf 76' lang='lat' dir='ltr'><strong>platam</strong></span> <span class='ocrx_word' id='word_1_310' title='bbox 161 2700 275 2731; x_wconf 82' lang='lat' dir='ltr'>sterno</span> <span class='ocrx_word' id='word_1_311' title='bbox 299 2696 469 2742; x_wconf 82' lang='lat' dir='ltr'><strong>injungit3</strong></span> <span class='ocrx_word' id='word_1_312' title='bbox 504 2710 572 2743; x_wconf 92' lang='lat' dir='ltr'><em>quo</em></span> <span class='ocrx_word' id='word_1_313' title='bbox 609 2709 686 2731; x_wconf 87' lang='lat' dir='ltr'>osse</span> <span class='ocrx_word' id='word_1_314' title='bbox 709 2699 824 2732; x_wconf 73' lang='lat' dir='ltr'><strong>fracto</strong></span> 
     </span>
     <span class='ocr_line' id='line_1_46' title="bbox 11 2738 823 2789; baseline 0.01 -18"><span class='ocrx_word' id='word_1_315' title='bbox 11 2738 115 2773; x_wconf 77' lang='lat' dir='ltr'><strong>letale</strong></span> <span class='ocrx_word' id='word_1_316' title='bbox 148 2751 224 2775; x_wconf 80' lang='lat' dir='ltr'>esse</span> <span class='ocrx_word' id='word_1_317' title='bbox 254 2743 398 2786; x_wconf 85' lang='lat' dir='ltr'><strong>vulnus,</strong></span> <span class='ocrx_word' id='word_1_318' title='bbox 438 2749 563 2778; x_wconf 84' lang='lat' dir='ltr'>norunt</span> <span class='ocrx_word' id='word_1_319' title='bbox 594 2745 823 2789; x_wconf 76' lang='lat' dir='ltr'><strong>Hippocratis</strong></span> 
     </span>
     <span class='ocr_line' id='line_1_47' title="bbox 12 2784 822 2833; baseline 0.01 -16"><span class='ocrx_word' id='word_1_320' title='bbox 12 2784 87 2820; x_wconf 84' lang='lat' dir='ltr'><strong>filii.</strong></span> <span class='ocrx_word' id='word_1_321' title='bbox 134 2786 178 2820; x_wconf 82' lang='lat' dir='ltr'><em>cf.</em></span> <span class='ocrx_word' id='word_1_322' title='bbox 202 2785 246 2833; x_wconf 82' lang='grc' dir='ltr'><em>χ’,</em></span> <span class='ocrx_word' id='word_1_323' title='bbox 275 2788 366 2831; x_wconf 83' lang='grc'><em>324,</em></span> <span class='ocrx_word' id='word_1_324' title='bbox 389 2791 422 2825; x_wconf 91' lang='grc'><strong><em>5</em></strong></span> <span class='ocrx_word' id='word_1_325' title='bbox 448 2795 485 2825; x_wconf 81' lang='lat' dir='ltr'><em>et</em></span> <span class='ocrx_word' id='word_1_326' title='bbox 508 2790 637 2824; x_wconf 84' lang='lat' dir='ltr'>Haller.</span> <span class='ocrx_word' id='word_1_327' title='bbox 660 2791 822 2826; x_wconf 79' lang='lat' dir='ltr'><strong>Biblioth</strong></span> 
     </span>
     <span class='ocr_line' id='line_1_48' title="bbox 14 2834 824 2882; baseline 0.011 -18"><span class='ocrx_word' id='word_1_328' title='bbox 14 2834 162 2868; x_wconf 83' lang='lat' dir='ltr'><strong>anatem.</strong></span> <span class='ocrx_word' id='word_1_329' title='bbox 187 2844 221 2877; x_wconf 87' lang='lat' dir='ltr'><em>p.</em></span> <span class='ocrx_word' id='word_1_330' title='bbox 246 2835 279 2869; x_wconf 92' lang='grc'><em>7.</em></span> <span class='ocrx_word' id='word_1_331' title='bbox 303 2837 425 2870; x_wconf 70' lang='lat' dir='ltr'><strong><em>ExH.</em></strong></span> <span class='ocrx_word' id='word_1_332' title='bbox 448 2856 494 2862; x_wconf 84' lang='lat'><em>—</em></span> <span class='ocrx_word' id='word_1_333' title='bbox 528 2836 716 2882; x_wconf 76' lang='grc' dir='ltr'><em>νευρήν.</em></span> <span class='ocrx_word' id='word_1_334' title='bbox 742 2850 824 2872; x_wconf 77' lang='lat' dir='ltr'><strong><em>ner-</em></strong></span> 
     </span>
     <span class='ocr_line' id='line_1_49' title="bbox 13 2883 824 2928; baseline 0.012 -19"><span class='ocrx_word' id='word_1_335' title='bbox 13 2888 117 2919; x_wconf 81' lang='lat' dir='ltr'><em>vum,</em></span> <span class='ocrx_word' id='word_1_336' title='bbox 142 2889 267 2914; x_wconf 79' lang='lat' dir='ltr'><strong>arcum.</strong></span> <span class='ocrx_word' id='word_1_337' title='bbox 300 2892 481 2926; x_wconf 78' lang='lat' dir='ltr'><strong>percussus</strong></span> <span class='ocrx_word' id='word_1_338' title='bbox 506 2883 624 2928; x_wconf 84' lang='lat' dir='ltr'><strong>lapide</strong></span> <span class='ocrx_word' id='word_1_339' title='bbox 649 2889 702 2918; x_wconf 82' lang='lat' dir='ltr'><em>est</em></span> <span class='ocrx_word' id='word_1_340' title='bbox 725 2884 824 2918; x_wconf 85' lang='lat' dir='ltr'>Teu-</span> 
     </span>
     <span class='ocr_line' id='line_1_50' title="bbox 13 2924 824 2975; baseline 0.011 -19"><span class='ocrx_word' id='word_1_341' title='bbox 13 2934 72 2957; x_wconf 84' lang='lat' dir='ltr'><em>cer</em></span> <span class='ocrx_word' id='word_1_342' title='bbox 94 2924 186 2959; x_wconf 86' lang='lat' dir='ltr'><strong>inter</strong></span> <span class='ocrx_word' id='word_1_343' title='bbox 210 2926 480 2971; x_wconf 68' lang='lat' dir='ltr'><strong>commeandum,</strong></span> <span class='ocrx_word' id='word_1_344' title='bbox 514 2929 636 2975; x_wconf 78' lang='lat' dir='ltr'><strong>itaque</strong></span> <span class='ocrx_word' id='word_1_345' title='bbox 667 2935 704 2964; x_wconf 79' lang='lat' dir='ltr'><em>et</em></span> <span class='ocrx_word' id='word_1_346' title='bbox 739 2942 824 2975; x_wconf 81' lang='lat' dir='ltr'><strong>par-</strong></span> 
     </span>
     <span class='ocr_line' id='line_1_51' title="bbox 11 2970 822 3017; baseline 0.011 -15"><span class='ocrx_word' id='word_1_347' title='bbox 11 2972 64 3002; x_wconf 76' lang='lat' dir='ltr'><em>tes</em></span> <span class='ocrx_word' id='word_1_348' title='bbox 87 2970 168 3005; x_wconf 83' lang='lat' dir='ltr'><strong>illae</strong></span> <span class='ocrx_word' id='word_1_349' title='bbox 196 2973 351 3017; x_wconf 80' lang='lat' dir='ltr'><strong>corporis</strong></span> <span class='ocrx_word' id='word_1_350' title='bbox 374 2975 491 3010; x_wconf 78' lang='lat' dir='ltr'><strong>laesae</strong></span> <span class='ocrx_word' id='word_1_351' title='bbox 519 2981 603 3011; x_wconf 86' lang='lat' dir='ltr'><strong>sunt</strong></span> <span class='ocrx_word' id='word_1_352' title='bbox 636 2981 672 3011; x_wconf 81' lang='lat' dir='ltr'><em>et</em></span> <span class='ocrx_word' id='word_1_353' title='bbox 695 2987 822 3011; x_wconf 83' lang='lat' dir='ltr'>nervus</span> 
     </span>
     <span class='ocr_line' id='line_1_52' title="bbox 8 3014 822 3068; baseline 0.012 -21"><span class='ocrx_word' id='word_1_354' title='bbox 8 3014 159 3059; x_wconf 78' lang='lat' dir='ltr'><strong>fractus,</strong></span> <span class='ocrx_word' id='word_1_355' title='bbox 200 3029 369 3065; x_wconf 84' lang='lat' dir='ltr'><strong>manuque</strong></span> <span class='ocrx_word' id='word_1_356' title='bbox 400 3022 479 3066; x_wconf 77' lang='lat' dir='ltr'>ejus</span> <span class='ocrx_word' id='word_1_357' title='bbox 510 3023 647 3058; x_wconf 82' lang='lat' dir='ltr'><strong>excidit</strong></span> <span class='ocrx_word' id='word_1_358' title='bbox 679 3024 822 3068; x_wconf 83' lang='lat' dir='ltr'><strong>arcus.)</strong></span> 
     </span>
    </p>
   </div>
   <div class='ocr_carea' id='block_1_7' title="bbox 53 3072 248 3110">
    <p class='ocr_par' dir='ltr' id='par_1_11' title="bbox 53 3072 248 3110">
     <span class='ocr_line' id='line_1_53' title="bbox 53 3072 248 3110; baseline 0.005 -2"><span class='ocrx_word' id='word_1_359' title='bbox 53 3072 248 3110; x_wconf 71' lang='lat' dir='ltr'>Homssn.1.</span> 
     </span>
    </p>
   </div>
   <div class='ocr_carea' id='block_1_8' title="bbox 867 2462 1685 3070">
    <p class='ocr_par' dir='ltr' id='par_1_12' title="bbox 869 2462 1685 2558">
     <span class='ocr_line' id='line_1_54' title="bbox 869 2462 1685 2522; baseline 0.006 -23"><span class='ocrx_word' id='word_1_360' title='bbox 869 2462 1006 2508; x_wconf 82' lang='grc' dir='ltr'><em>νάρκ.</em></span> <span class='ocrx_word' id='word_1_361' title='bbox 1051 2462 1275 2510; x_wconf 78' lang='grc' dir='ltr'><em>ἐνάρκησεν,</em></span> <span class='ocrx_word' id='word_1_362' title='bbox 1308 2462 1440 2522; x_wconf 80' lang='grc' dir='ltr'><em>ἐλύθη</em></span> <span class='ocrx_word' id='word_1_363' title='bbox 1482 2467 1685 2516; x_wconf 80' lang='grc' dir='ltr'><em>(καρπῷ.</em></span> 
     </span>
     <span class='ocr_line' id='line_1_55' title="bbox 870 2510 1422 2558; baseline 0 -10"><span class='ocrx_word' id='word_1_364' title='bbox 870 2510 910 2555; x_wconf 86' lang='grc' dir='ltr'><em>ε’,</em></span> <span class='ocrx_word' id='word_1_365' title='bbox 933 2511 1004 2547; x_wconf 88' lang='grc'><em>458</em></span> <span class='ocrx_word' id='word_1_366' title='bbox 1029 2517 1097 2546; x_wconf 81' lang='lat' dir='ltr'><em>etc.</em></span> <span class='ocrx_word' id='word_1_367' title='bbox 1146 2511 1271 2558; x_wconf 76' lang='grc' dir='ltr'><em>γνύξ.</em></span> <span class='ocrx_word' id='word_1_368' title='bbox 1301 2510 1339 2556; x_wconf 84' lang='grc' dir='ltr'><em>ε’,</em></span> <span class='ocrx_word' id='word_1_369' title='bbox 1366 2513 1422 2548; x_wconf 87' lang='grc'><em>68</em></span> 
     </span>
    </p>

    <p class='ocr_par' dir='ltr' id='par_1_13' title="bbox 869 2557 1685 2748">
     <span class='ocr_line' id='line_1_56' title="bbox 915 2557 1685 2606; baseline 0.004 -12"><span class='ocrx_word' id='word_1_370' title='bbox 915 2558 1138 2594; x_wconf 81' lang='lat'>336—348.</span> <span class='ocrx_word' id='word_1_371' title='bbox 1187 2561 1314 2606; x_wconf 85' lang='grc' dir='ltr'><em>βλεμ.</em></span> <span class='ocrx_word' id='word_1_372' title='bbox 1353 2559 1391 2602; x_wconf 91' lang='lat' dir='ltr'><em>(a</em></span> <span class='ocrx_word' id='word_1_373' title='bbox 1416 2557 1528 2606; x_wconf 81' lang='grc' dir='ltr'><em>βλέω,</em></span> <span class='ocrx_word' id='word_1_374' title='bbox 1553 2559 1685 2606; x_wconf 82' lang='grc' dir='ltr'><em>βλέμω,</em></span> 
     </span>
     <span class='ocr_line' id='line_1_57' title="bbox 869 2603 1684 2652; baseline 0.004 -12"><span class='ocrx_word' id='word_1_375' title='bbox 869 2604 1029 2650; x_wconf 82' lang='grc' dir='ltr'><em>βλεμὲω,</em></span> <span class='ocrx_word' id='word_1_376' title='bbox 1054 2603 1223 2652; x_wconf 79' lang='grc' dir='ltr'><em>βλεμεὸς,</em></span> <span class='ocrx_word' id='word_1_377' title='bbox 1248 2612 1407 2647; x_wconf 82' lang='lat' dir='ltr'><strong><em>tumens,</em></strong></span> <span class='ocrx_word' id='word_1_378' title='bbox 1430 2611 1595 2651; x_wconf 79' lang='lat' dir='ltr'><strong><em>turgens,</em></strong></span> <span class='ocrx_word' id='word_1_379' title='bbox 1623 2611 1684 2644; x_wconf 79' lang='lat' dir='ltr'><em>ab·</em></span> 
     </span>
     <span class='ocr_line' id='line_1_58' title="bbox 869 2651 1685 2698; baseline 0.004 -13"><span class='ocrx_word' id='word_1_380' title='bbox 869 2651 1038 2695; x_wconf 76' lang='lat' dir='ltr'>undans.)</span> <span class='ocrx_word' id='word_1_381' title='bbox 1073 2654 1248 2696; x_wconf 80' lang='grc' dir='ltr'><em>σφοὸριδς</em></span> <span class='ocrx_word' id='word_1_382' title='bbox 1279 2651 1611 2698; x_wconf 77' lang='grc' dir='ltr'><em>ἐπιῤῥωννύμενος.</em></span> <span class='ocrx_word' id='word_1_383' title='bbox 1638 2675 1685 2681; x_wconf 88' lang='grc'>-</span> 
     </span>
     <span class='ocr_line' id='line_1_59' title="bbox 871 2698 1683 2748; baseline 0.004 -15"><span class='ocrx_word' id='word_1_384' title='bbox 871 2698 1046 2742; x_wconf 85' lang='grc' dir='ltr'><em>(ἰσχία.</em></span> <span class='ocrx_word' id='word_1_385' title='bbox 1083 2699 1122 2740; x_wconf 89' lang='grc' dir='ltr'><em>ε’,</em></span> <span class='ocrx_word' id='word_1_386' title='bbox 1147 2701 1228 2735; x_wconf 86' lang='grc'><em>305.</em></span> <span class='ocrx_word' id='word_1_387' title='bbox 1259 2702 1416 2744; x_wconf 77' lang='grc' dir='ltr'><em>γλουτ.</em></span> <span class='ocrx_word' id='word_1_388' title='bbox 1449 2699 1576 2733; x_wconf 88' lang='lat' dir='ltr'><strong>ibidem</strong></span> <span class='ocrx_word' id='word_1_389' title='bbox 1607 2704 1683 2748; x_wconf 87' lang='lat'>66.)</span> 
     </span>
    </p>

    <p class='ocr_par' dir='ltr' id='par_1_14' title="bbox 867 2744 1685 3070">
     <span class='ocr_line' id='line_1_60' title="bbox 871 2744 1685 2790; baseline 0.004 -10.103"><span class='ocrx_word' id='word_1_390' title='bbox 871 2744 1203 2788; x_wconf 84' lang='grc' dir='ltr'><em>ελισσόμενος.</em></span> <span class='ocrx_word' id='word_1_391' title='bbox 1245 2746 1326 2789; x_wconf 86' lang='lat' dir='ltr'><strong>(sic</strong></span> <span class='ocrx_word' id='word_1_392' title='bbox 1361 2746 1493 2790; x_wconf 85' lang='lat' dir='ltr'><strong>aliquot</strong></span> <span class='ocrx_word' id='word_1_393' title='bbox 1517 2747 1624 2783; x_wconf 67' lang='lat' dir='ltr'><strong>MSS.</strong></span> <span class='ocrx_word' id='word_1_394' title='bbox 1649 2756 1685 2783; x_wconf 85' lang='lat' dir='ltr'><em>et</em></span> 
     </span>
     <span class='ocr_line' id='line_1_61' title="bbox 870 2791 1676 2852; baseline 0.002 -27"><span class='ocrx_word' id='word_1_395' title='bbox 870 2791 1042 2826; x_wconf 81' lang='lat' dir='ltr'><strong>editorum</strong></span> <span class='ocrx_word' id='word_1_396' title='bbox 1058 2792 1153 2826; x_wconf 76' lang='lat' dir='ltr'>Flor.</span> <span class='ocrx_word' id='word_1_397' title='bbox 1173 2796 1209 2826; x_wconf 83' lang='lat' dir='ltr'><em>et</em></span> <span class='ocrx_word' id='word_1_398' title='bbox 1225 2792 1341 2834; x_wconf 61' lang='lat' dir='ltr'>Aldd„</span> <span class='ocrx_word' id='word_1_399' title='bbox 1366 2794 1427 2826; x_wconf 85' lang='lat' dir='ltr'><em>sed</em></span> <span class='ocrx_word' id='word_1_400' title='bbox 1447 2793 1545 2826; x_wconf 82' lang='lat' dir='ltr'>Rom.</span> <span class='ocrx_word' id='word_1_401' title='bbox 1565 2794 1676 2852; x_wconf 84' lang='lat' dir='ltr'>Steph</span> 
     </span>
     <span class='ocr_line' id='line_1_62' title="bbox 871 2837 1684 2894; baseline 0.006 -23"><span class='ocrx_word' id='word_1_402' title='bbox 871 2842 938 2874; x_wconf 81' lang='lat' dir='ltr'><strong>etc.</strong></span> <span class='ocrx_word' id='word_1_403' title='bbox 973 2837 1131 2894; x_wconf 73' lang='grc' dir='ltr'><em>ὲλ-ον.)</em></span> <span class='ocrx_word' id='word_1_404' title='bbox 1158 2838 1467 2884; x_wconf 75' lang='grc' dir='ltr'><em>συστρεφόμενος.</em></span> <span class='ocrx_word' id='word_1_405' title='bbox 1517 2839 1614 2874; x_wconf 86' lang='grc' dir='ltr'><em>δοκ.</em></span> <span class='ocrx_word' id='word_1_406' title='bbox 1647 2840 1684 2876; x_wconf 81' lang='grc' dir='ltr'><em>ἐ-</em></span> 
     </span>
     <span class='ocr_line' id='line_1_63' title="bbox 868 2881 1683 2940; baseline 0.004 -21"><span class='ocrx_word' id='word_1_407' title='bbox 868 2886 1027 2928; x_wconf 81' lang='grc' dir='ltr'><em>πιτηρεῖ.</em></span> <span class='ocrx_word' id='word_1_408' title='bbox 1069 2881 1146 2919; x_wconf 66' lang='lat' dir='ltr'><em>din.</em></span> <span class='ocrx_word' id='word_1_409' title='bbox 1172 2885 1271 2940; x_wconf 82' lang='lat'>(103.</span> <span class='ocrx_word' id='word_1_410' title='bbox 1287 2886 1372 2929; x_wconf 78' lang='lat' dir='ltr'><strong>etc.)</strong></span> <span class='ocrx_word' id='word_1_411' title='bbox 1399 2882 1559 2919; x_wconf 78' lang='grc' dir='ltr'><em>κατόπιν</em></span> <span class='ocrx_word' id='word_1_412' title='bbox 1577 2885 1683 2922; x_wconf 61' lang='lat' dir='ltr'><em>§css-m</em></span> 
     </span>
     <span class='ocr_line' id='line_1_64' title="bbox 868 2928 1681 2985; baseline 0.004 -19"><span class='ocrx_word' id='word_1_413' title='bbox 868 2943 928 2974; x_wconf 83' lang='grc' dir='ltr'><em>κε,</em></span> <span class='ocrx_word' id='word_1_414' title='bbox 952 2929 1150 2985; x_wconf 57' lang='lat' dir='ltr'><em>naviumq-</em></span> <span class='ocrx_word' id='word_1_415' title='bbox 1189 2928 1342 2967; x_wconf 84' lang='grc' dir='ltr'><em>ὀπίστ.</em></span> <span class='ocrx_word' id='word_1_416' title='bbox 1369 2930 1434 2966; x_wconf 76' lang='grc' dir='ltr'><em>τὸν</em></span> <span class='ocrx_word' id='word_1_417' title='bbox 1458 2933 1681 2969; x_wconf 70' lang='grc' dir='ltr'><em>τελευταῖον</em></span> 
     </span>
     <span class='ocr_line' id='line_1_65' title="bbox 870 2975 1682 3026; baseline 0.001 -15"><span class='ocrx_word' id='word_1_418' title='bbox 870 2978 1010 3020; x_wconf 84' lang='lat' dir='ltr'>(versus</span> <span class='ocrx_word' id='word_1_419' title='bbox 1035 2977 1206 3021; x_wconf 81' lang='lat' dir='ltr'><strong>repetitus</strong></span> <span class='ocrx_word' id='word_1_420' title='bbox 1230 2976 1273 3018; x_wconf 82' lang='grc' dir='ltr'><em>λ’,</em></span> <span class='ocrx_word' id='word_1_421' title='bbox 1300 2978 1399 3022; x_wconf 88' lang='grc'><em>178.)</em></span> <span class='ocrx_word' id='word_1_422' title='bbox 1457 2975 1580 3022; x_wconf 80' lang='grc' dir='ltr'><em>ἐρητ.</em></span> <span class='ocrx_word' id='word_1_423' title='bbox 1617 2979 1682 3026; x_wconf 81' lang='grc' dir='ltr'><em>(β’,</em></span> 
     </span>
     <span class='ocr_line' id='line_1_66' title="bbox 867 3021 1682 3070; baseline 0.005 -12"><span class='ocrx_word' id='word_1_424' title='bbox 867 3024 946 3068; x_wconf 90' lang='grc'><em>75.)</em></span> <span class='ocrx_word' id='word_1_425' title='bbox 978 3025 1200 3069; x_wconf 84' lang='grc' dir='ltr'><em>κατείχοντο</em></span> <span class='ocrx_word' id='word_1_426' title='bbox 1250 3021 1574 3069; x_wconf 82' lang='grc' dir='ltr'><em>ἀμφιπεριστ.</em></span> <span class='ocrx_word' id='word_1_427' title='bbox 1605 3028 1682 3070; x_wconf 75' lang='lat' dir='ltr'>(se—</span> 
     </span>
    </p>
   </div>
   <div class='ocr_carea' id='block_1_9' title="bbox 1299 3074 1357 3114">
    <p class='ocr_par' dir='ltr' id='par_1_15' title="bbox 1299 3074 1357 3114">
     <span class='ocr_line' id='line_1_67' title="bbox 1299 3074 1357 3114; baseline 0.017 -1"><span class='ocrx_word' id='word_1_428' title='bbox 1299 3074 1357 3114; x_wconf 83' lang='lat'><em>24</em></span> 
     </span>
    </p>
   </div>
  </div>
 </body>
</html>
