1811 3269
96 171 179 209 148

725 172 1134 216 ΟΜΗΡΟΥ

263 282 352 322 τῶν
382 275 437 322 αὖ
449 281 772 352 Πρωτεσίλαος
795 278 970 355 Ἀρήϊος
998 283 1275 340 ἡγεμόνευεν,

265 335 372 388 ζωὸς
402 336 510 380 ἐών·
540 337 636 380 τότε
667 336 711 381 δ’
740 337 824 395 ἤδη
856 340 947 409 ἔχεν
977 341 1087 384 κάτα
1115 347 1220 396 γαῖα
1251 342 1448 398 μέλαινα.

150 398 233 437 700
265 397 342 436 τοῦ
372 394 417 436 δὲ
447 394 520 437 καὶ
543 391 842 466 αμφιδρυφής
872 396 1028 467 α’λοχος
1064 398 1249 466 Φυλάκῃ
1283 399 1513 450 ἐλέλειπτο,

262 450 335 492 καὶ
366 448 500 503 δόμος
529 450 752 520 ἡμιτελής·
783 452 863 496 τὸν
892 452 945 497 6'·
967 455 1116 497 ἔκτανε
1144 454 1376 508 Δάρδανος
1405 456 1530 512 ἀνὴρ,

261 505 367 561 νηὸς
403 506 757 561 ἀποθρώσκοντα
785 509 899 553 πολύ
930 511 1174 564 πρώτιστον
1200 510 1394 582 Ἀχαιῶν

262 563 365 605 οὐδὲ
395 564 474 619 μὲν
505 563 604 608 οὐδ’
635 568 678 609 οἳ
708 564 891 622 ἄναρχοι
922 567 1047 618 ἔσαν,
1077 567 1246 611 πόθεόν
1274 568 1322 624 γέ
1352 586 1427 625 μιν
1458 566 1607 625 ἆρχόν,

260 618 371 662 ἄλλά
402 632 538 676 σφεας
554 620 755 691 κόσμησε
778 624 1042 692 Ποδαρκὴς,
1073 624 1168 677 ὄζος
1185 623 1360 680 ’Ἀρηος,

148 675 460 730 705*Ἰφίκλου
490 677 588 729 υιός
616 678 874 748 πολυμήλου
912 683 1178 735 Φυλακίδαο,

259 732 628 803 αὐτοκασίγνητος
656 734 916 807 μεγαθύμου
950 736 1278 806 Πρωτεσιλαου,
1335 737 1338 741 ’

259 788 494 848 ὁπλότερος
522 809 669 849 γενεη·
701 792 725 836 ὁ
757 791 801 836 δ’
833 792 918 847 ἄρα
948 793 1160 851 πρότερος
1189 795 1262 838 καὶ
1292 793 1468 848 ἀρείων,

86 924 252 962 τουτέστι
284 925 529 983 σπηλαιώδεις
567 927 630 963 καὶ
670 926 898 973 υπονόμους,

87 970 192 1007 εἶναι.
235 970 253 1007 ὃ
290 971 331 1008 δὲ
363 986 410 1008 τα
443 972 598 1009 Eamus}
633 975 803 1032 συλλέξας
835 977 899 1012 καὶ

85 1017 150 1052 τόν
175 1017 214 1053 ἐν
238 1020 456 1062 παροιμίαις
478 1017 693 1064 Ἀντρώνιον
727 1021 816 1056 ὄνον
841 1020 898 1056 ἐν·

84 1065 219 1101 τεῦθεν
239 1067 413 1121 εἰρῆσθαι
434 1065 544 1110 λέγει·
572 1065 775 1124 εὐφυεῖς
797 1067 896 1114 γάρ,

85 1111 188 1169 φησὶ,
206 1113 324 1155 πρὸς
347 1111 569 1156 μύλωνας
590 1112 687 1158 έχει
709 1116 895 1159 λίθους,

85 1157 205 1193 ὥστε
240 1159 359 1193 κατοὶ
397 1160 578 1195 τοῦτον
627 1160 713 1195 τὸν
754 1160 896 1218 λόγον

82 1202 372 1249 Ἀντρτόνιος
398 1202 508 1246 όνος
534 1203 553 1241 ὁ
573 1206 665 1249 πρὸς
691 1204 819 1242 ἀλετὸν
836 1209 895 1243 δε-

84 1250 176 1294 ξιός.
201 1252 243 1284 Ε.
269 1252 314 1284 cf.
341 1251 424 1284 Sch.
449 1271 495 1276 —
511 1255 617 1310 Ηλεχ.
642 1254 802 1309 βαθείας
829 1255 894 1313 βο-

82 1296 198 1338 τάνας
234 1296 414 1341 ἔχουσαν,
449 1296 520 1341 ἀφ’
553 1297 605 1332 ὠν
639 1293 687 1343 ἧν
718 1294 795 1345 (ᾗ)
832 1300 895 1335 καὶ

82 1343 184 1399 λέχος
201 1345 440 1387 καταστῆσαι,
464 1344 631 1379 τουτέστι
650 1347 788 1401 κοίτην.
813 1347 896 1383 Sch.

84 1388 130 1432 6',
142 1392 244 1426 383.·
262 1388 460 1425 Ἀσωπόνδ’
482 1391 605 1425 ἵκοντο
627 1390 895 1437 βαθύσχοινον,

84 1438 287 1481 λεχεποίην.
329 1437 451 1470 Voss-2
491 1437 563 1470 und
588 1437 725 1472 Pte'leos
755 1439 895 1473 schwel—

84 1484 184 1518 lende
208 1495 322 1517 rasen-

129 1541 208 1575 700.
253 1537 363 1583 ἀμφ.
390 1534 663 1595 οἷμφοτέρωθεν
688 1540 894 1585 δρυπτομέ-

83 1599 142 1631 νη.
183 1585 266 1619 Sch.
279 1599 286 1619 ε
310 1584 522 1642 αμφοτέρας
541 1586 607 1628 τὰς
620 1587 782 1643 ,παρειάς
807 1601 894 1621 κατ-

84 1632 254 1676 εξεσμένη
288 1631 352 1667 δια
395 1631 461 1667 τὸν
492 1634 562 1667 τοῦ
604 1631 742 1678 ἀνδρὸς
778 1633 893 1680 αὐτῆς

82 1678 254 1715 θάνατον

128 1727 209 1762 701.
251 1722 512 1780 ἡμιτελής.
547 1722 631 1770 ἤτοι
663 1724 834 1768 ἄτεκνος,
869 1723 891 1771 ἢ

84 1769 323 1818 ἀφῃρημένος
355 1773 425 1806 τοῦ
449 1770 573 1812 ετέρου
602 1785 677 1807 των
702 1772 892 1808 δεσποτων

81 1826 150 1852 etc.
200 1819 316 1862 Εῐμο
342 1819 377 1851 h.
403 1829 454 1850 v.·
489 1822 591 1858 οἰκος
616 1819 731 1854 οἱονεὶ
754 1817 814 1875 μὴ
829 1818 890 1854 τέ-

80 1868 189 1906 λειος,
214 1863 339 1907 ετέρου
361 1864 434 1898 τῶν
457 1863 621 1909 συζύγων
644 1864 890 1910 ἐστερημένος.

81 1911 209 1945 Strabo
229 1913 262 1951 7,
283 1912 329 1951 3.
354 1910 422 1943 vol
446 1912 480 1945 2.
506 1922 538 1964 Ρ.
561 1912 616 1946 73.
644 1912 698 1945 ed.
718 1912 888 1946 Tauchn.:

76 1956 220 2012 Ἀβίους
245 1955 285 1991 δὲ
308 1955 595 2011 προσαγορεύειν
617 1958 819 2000 (Homerum
843 1957 888 2001 ν’,

81 2004 133 2048 6.)
152 2003 322 2059 μάλιστα,
349 1999 407 2038 ὅτι
423 2004 534 2060 χωρὶς
556 2005 753 2048 γυναικών,
781 2001 889 2049 ἡγού-

79 2062 190 2095 μενος
222 2047 466 2104 (ἡγούμενον)
502 2047 664 2105 ἡμιτελῆ
688 2063 772 2085 τινα
805 2051 890 2105 βίον

81 2096 147 2132 τὸν
169 2098 307 2141 χῆρον,
339 2093 511 2141 καθάπερ
534 2096 596 2131 καὶ
622 2094 690 2131 τόν
715 2095 819 2132 οἷκον
844 2093 889 2142 ἡ-

81 2147 213 2188 μιτελ
223 2144 247 2187 ἦ
270 2141 337 2176 τόν
359 2143 629 2186 Πρωτεσιλάου,
650 2141 747 2178 διότι
766 2144 889 2186 χῆρος.

81 2195 177 2224 recte
201 2190 288 2223 haec
315 2189 561 2244 interpretatio
596 2190 725 2234 placuit
750 2190 889 2223 Wolfio.

79 2255 124 2262 —
149 2234 405 2278 Δάρδανος
438 2247 492 2270 αν
507 2248 568 2279 ηρ
601 2237 656 2269 vir
681 2237 888 2279 Dardanus,

81 2282 113 2315 h.
140 2294 169 2316 e.
196 2282 383 2326 Trojanus.
432 2282 604 2323 nescitur,
631 2282 709 2326 quis
733 2282 790 2316 ille
813 2283 890 2315 fue-

81 2327 148 2369 rit,
180 2339 244 2361 nec
278 2328 388 2361 refert
419 2327 529 2369 scire3
564 2333 677 2361 tamen
709 2328 743 2361 id
779 2329 890 2362 otiose

80 2378 253 2418 quaerunt
277 2373 501 2417 grammatici.
547 2374 710 2407 tumulum
735 2374 890 2407 Protesi-

80 2419 126 2453 lai
150 2421 184 2453 in
210 2421 428 2454 Chersoneso
454 2419 608 2453 Thracia
642 2432 886 2454 commemora-

81 2466 133 2499 vit
154 2466 284 2510 Hygin.
308 2467 443 2498 Astron.
467 2466 502 2504 2,
528 2465 584 2500 40.
617 2466 662 2498 cf.
686 2466 888 2500 Philostrat.

80 2512 223 2546 Heroic.
247 2513 281 2552 2,
317 2515 368 2552 1.,
404 2510 490 2544 Plin.
515 2512 579 2551 16,
604 2511 682 2552 44„
708 2512 827 2546 Calab.
853 2513 888 2555 7,

80 2557 173 2598 407.‚
199 2569 282 2601 quos
300 2557 420 2590 citavit
434 2557 622 2591 Hederich.
640 2557 675 2590 in
693 2558 759 2592 lex.
779 2559 887 2602 myth.

80 2602 124 2637 de
147 2603 264 2637 divino
290 2604 418 2636 honore
436 2603 619 2636 Protesilai
643 2608 724 2647 post
747 2610 888 2638 mortem

80 2662 114 2684 v.
139 2650 241 2683 Paus.
271 2651 301 2690 1,
326 2648 372 2684 34
388 2674 397 2689 ‚
424 2648 517 2682 Mela
541 2651 575 2690 2,
601 2651 633 2683 2.
660 2650 790 2694 Hygia.
816 2651 886 2686 fab.

81 2697 181 2731 103.=
204 2696 342 2729 Achivis
354 2696 428 2737 fuit
447 2706 659 2738 responsum,
683 2698 740 2740 qui
754 2697 889 2739 primus

81 2743 199 2775 littora
223 2742 449 2784 'l'rnjanorum
469 2743 660 2786 attigisset,
683 2744 885 2785 periturum.

80 2800 157 2821 cum
188 2788 310 2821 Achivi
336 2788 458 2820 classes
485 2787 663 2831 (classem)
702 2789 887 2832 applicuis-

81 2840 176 2875 sent,
211 2836 346 2873 Iolaus,
378 2833 500 2876 Iphicli
528 2839 561 2867 et
589 2835 798 2867 Diomedeae
816 2836 885 2877 fil„

78 2882 210 2926 primas
234 2892 252 2914 e
275 2879 359 2913 navi
374 2879 562 2922 prosilivit,
588 2881 646 2924 qui
675 2882 718 2914 ab
740 2881 886 2914 Hectore

81 2928 259 2970 confestim
281 2931 331 2960 est
356 2925 567 2967 interfectus.
602 2945 647 2950 —
677 2928 767 2971 quod
801 2939 887 2960 uxor

81 2974 290 3027 Laodamia,
307 2972 424 3006 Acasti
439 2972 522 3012 tilia,
536 2983 611 3004 cum
627 2975 782 3007 audisset
794 2974 885 3017 [eum

78 3019 246 3064 perisse]‚
264 3021 356 3063 flens
371 3017 473 3062 petiit
499 3029 522 3051 a
551 3018 640 3060 diis,
664 3024 703 3054 ut
723 3020 790 3054 sibi
808 3031 885 3054 cum

946 943 985 966 eo
1002 937 1072 966 tres
1089 933 1192 966 horas
1219 932 1364 976 colloqui
1390 932 1518 964 liceret.
1553 940 1618 973 quo
1640 930 1751 973 impe-

946 984 1060 1020 trare,
1088 979 1123 1023 [a
1150 979 1317 1012 Mercurio
1346 979 1527 1015 reductus,
1552 981 1621 1009 tres
1649 977 1751 1009 horas

946 1037 1021 1058 cum
1050 1037 1086 1058 eo
1112 1027 1278 1058 collocuta
1308 1029 1367 1057 est.
1392 1024 1496 1067 quod]
1523 1023 1646 1055 iterum
1674 1033 1751 1055 cum

945 1073 1066 1106 obisset
1089 1072 1239 1114 protes„
1264 1071 1413 1104 dolorem
1440 1070 1520 1114 pati
1544 1080 1612 1101 non
1636 1069 1752 1113 potuit

944 1118 1054 1151 Laod.

989 1165 1068 1199 703.
1117 1175 1152 1198 v.
1187 1174 1263 1196 ann.
1289 1162 1332 1196 ad
1358 1163 1437 1197 726.
1473 1161 1560 1202 „das
1586 1159 1749 1204 doppelte

942 1207 1032 1290 ουὴδε
1045 1210 1235 1300 pverstarkt
1259 1209 1363 1242 nicht.
1368 1210 1391 1226 ‘⁶
1425 1209 1484 1241 W.
1531 1206 1619 1240 idem
1644 1205 1749 1239 sentit

1111 1255 1214 1295 444.,
1253 1266 1376 1288 vereor
1408 1258 1448 1287 ut
1484 1258 1600 1286 recte·
1633 1256 1750 1296 potest

942 1302 1030 1336 enim
1045 1268 1145 1336 οὐδ’
1172 1300 1210 1335 οὶ
1233 1301 1331 1334 reddi
1355 1311 1398 1332 ne
1424 1300 1461 1332 1ιί
1481 1299 1637 1359 (laidem,
1662 1307 1749 1342 quos

942 1346 1127 1392 ἀνάρχους
1150 1347 1259 1380 fuisse
1284 1350 1393 1391 putes.
1428 1342 1516 1380 οὐδ’
1542 1343 1580 1379 οι“
1611 1344 1687 1378 Ald.
1713 1345 1749 1378 3.

941 1399 976 1428 et
1000 1400 1087 1428 vett.
1106 1393 1184 1427 edd.
1219 1404 1373 1449 nuperae
1391 1391 1519 1425 demum
1534 1390 1640 1425 male.
1665 1386 1749 1425 ov'6’

941 1440 989 1476 οὶ.
1046 1453 1132 1484 μεν
1167 1450 1228 1496 pro
1261 1437 1335 1482 μὴν
1370 1437 1564 1482 accipiebat
1606 1438 1664 1470 W.
1706 1455 1745 1462 —

939 1500 966 1521 π
982 1485 1055 1521 66.
1093 1506 1139 1511 --
1187 1484 1351 1530 ἀρχόν.
1393 1484 1566 1518 recentior
1601 1483 1748 1517 dixisset

940 1534 1138 1577 conjuncte.
1163 1534 1294 1574 καίπερ
1318 1530 1533 1570 ποθέοντες.
1581 1530 1642 1563 sed
1665 1529 1747 1563 talis

940 1591 1002 1625 per
1027 1579 1137 1613 omnia
1165 1583 1218 1612 est
1240 1577 1380 1612 Homeri
1405 1588 1527 1611 sermo.

985 1636 1064 1672 704.
1113 1637 1235 1680 vulgo·
1273 1633 1494 1679 Ποδάρκης,
1523 1633 1585 1667 sed
1610 1637 1747 1668 mutan-

939 1684 1001 1717 dus
1037 1687 1090 1717 est
1113 1687 1213 1717 tonus
1244 1682 1412 1715 nominum
1448 1679 1745 1736 appellativorum,

939 1741 1014 1763 cum
1047 1730 1134 1763 fiunt
1160 1729 1310 1773 propria.
1352 1740 1384 1761 V.
1411 1728 1445 1761 H
1470 1728 1513 1761 ad
1547 1727 1615 1761 712
1647 1731 1684 1761 et
1707 1725 1744 1768 ι’,

939 1778 1016 1817 150,
1042 1787 1103 1809 uos
1129 1776 1171 1808 ad
1190 1774 1348 1819 Aeschyl.
1370 1773 1469 1808 Eum.
1489 1773 1546 1813 27,
1571 1772 1744 1818 Aristoph.

937 1822 1077 1855 Thesm.
1103 1822 1204 1856 1105.

983 1869 1062 1903 705.
1111 1867 1221 1900 malim
1249 1863 1429 1910 εὐφώνως
1453 1870 1488 1900 et
1511 1864 1657 1899 fortiore
1681 1876 1745 1899 nu-

937 1925 1048 1948 mero:
1072 1911 1245 1969 Ἰφίκλοιο
1265 1913 1354 1953 πάϊς
1369 1915 1449 1948 πολ.
1464 1915 1550 1947 Φυλ-
1583 1909 1626 1954 ν,
1652 1913 1743 1946 698..

938 1956 1057 2002 αυτάρ
1084 1956 1103 1994 6
1121 1957 1296 2003 Ἰφίκλοιο
1320 1957 1409 2000 πάις
1428 1960 1500 1994 τοῦ
1520 1960 1744 1994 Φυλακίδαο.

937 2011 1057 2062 posset
1081 2006 1214 2039 servari
1240 2018 1307 2040 vox
1332 2005 1416 2045 υἱὸς
1445 2006 1559 2051 priore
1574 2011 1744 2059 correpta

937 2059 975 2086 ut
998 2051 1045 2093 α’,
1066 2052 1159 2090 489.,
1184 2052 1249 2085 nisi
1276 2052 1453 2086 videretur
1477 2063 1552 2086 esse
1573 2051 1744 2107 interpre-

935 2099 1022 2132 tatio
1040 2098 1135 2132 verbi
1159 2097 1407 2152 exquisitioris,
1433 2098 1521 2142 quod
1546 2101 1634 2138 παῖς
1657 2098 1744 2132 scri-

937 2150 1031 2189 ptum
1064 2143 1181 2178 versui
1224 2144 1394 2178 officeret.
1458 2144 1665 2178 Protesilaus
1707 2151 1743 2179 et

936 2191 1111 2224 Podarces
1134 2191 1272 2223 fuerunt
1290 2190 1351 2223 filii
1372 2189 1508 2234 Iphicli,
1533 2190 1628 2235 isque
1648 2191 1743 2236 Phy-

935 2236 1014 2276 laci,
1043 2247 1143 2280 quem
1167 2235 1285 2279 genuit
1309 2236 1477 2276 Dei'ones,
1514 2236 1603 2270 hunc
1627 2240 1742 2271 autem

935 2262 1079 2323 Aeolus,
1113 2282 1162 2314 ita
1188 2286 1223 2315 ut
1246 2282 1372 2315 fratres
1396 2281 1444 2314 illi
1470 2294 1510 2316 ex
1534 2282 1742 2317 nobilissima

934 2328 1152 2362 Aeolidarum
1176 2327 1285 2372 stirpe
1310 2327 1448 2362 oriundi
1473 2333 1597 2362 essent.
1634 2329 1741 2373 Apol-
1799 2346 1802 2352 ·

934 2374 1003 2408 lod.
1030 2376 1062 2414 1,
1091 2376 1125 2414 9,
1151 2372 1183 2408 4.
1209 2380 1244 2406 et
1269 2375 1322 2409 12.
1343 2386 1419 2408 ann.
1442 2374 1487 2408 H.
1538 2377 1643 2410 Φυλ.
1669 2375 1738 2419 pri-

934 2432 988 2453 ma
1033 2420 1137 2464 longa
1181 2420 1466 2464 pronuntiandum
1509 2425 1563 2454 est
1611 2421 1742 2456 virtute

932 2465 1042 2520 ipsius
1066 2476 1207 2506 versus,
1243 2466 1303 2509 qui
1327 2478 1393 2501 non
1418 2468 1487 2500 fert
1510 2467 1634 2501 breves
1659 2479 1740 2501 con

934 2513 1045 2546 tinuas
1072 2518 1165 2552 tres,
1200 2511 1282 2555 quin
1307 2524 1422 2547 earum
1445 2512 1586 2558 primam
1612 2514 1740 2557 produ-

935 2564 1001 2592 cat.
1027 2558 1077 2592 sic
1097 2557 1323 2593 ἀπονέεσθαι
1340 2561 1418 2600 113,
1436 2559 1587 2603 πᾶρέχει
1607 2560 1738 2605 Odyss.

933 2603 975 2645 τ’,
1003 2606 1068 2639 113
1093 2610 1159 2638 etc.

979 2651 1057 2685 707.
1083 2647 1176 2685 ὁπλ.
1202 2648 1390 2702 νεώτερος..
1410 2649 1510 2706 (sane
1530 2650 1596 2684 fuit
1613 2651 1736 2685 vocab.

935 2693 1057 2737 όπλος,
1081 2697 1173 2741 quod
1197 2701 1354 2740 superest
1379 2695 1412 2728 in
1437 2693 1663 2737 ὑπέροπλος,
1697 2702 1737 2730 ut

933 2743 967 2776 H
987 2743 1184 2782 annotavit,
1209 2752 1272 2775 nec
1291 2745 1402 2774 tamen
1424 2742 1566 2787 proprie
1583 2739 1602 2778 6
1624 2740 1738 2783 ὅπλος
1788 2747 1790 2762 ¹

932 2789 1130 2845 siguificare
1165 2766 1303 2821 v’idetur
1336 2786 1403 2821 τὸν
1444 2788 1549 2829 νέον,
1596 2789 1658 2822 sed
1692 2790 1736 2823 ab

933 2833 1021 2878 ἕπεο,
1042 2832 1128 2875 ὅπα,
1146 2834 1337 2868 derivatum
1356 2845 1432 2867 esse
1453 2831 1590 2874 ὅπιλος,
1609 2831 1735 2876 ὅπλος,
1787 2848 1789 2854 ’

932 2882 961 2914 is
976 2893 1033 2925 qm
1047 2882 1198 2925 sequntur
1217 2881 1336 2919 alium,
1353 2879 1418 2916 τὸν
1437 2880 1629 2925 πρότερον.
1654 2893 1735 2925 pro-
1784 2899 1787 2909 ι

932 2927 1047 2970 posuit
1071 2926 1210 2960 eandem
1236 2925 1442 2960 notationem
1473 2928 1601 2963 Buttm.
1624 2927 1733 2960 Lexil.

931 2973 976 3006 ΙΙ.
1004 2985 1037 3018 Ρ.
1063 2975 1153 3014 216,
1179 2971 1242 3006 sed
1267 2970 1341 3006 ε’πω
1365 2983 1467 3007 sensu
1491 2973 1597 3008 activi
1627 2973 1736 3006 inter-

931 3024 1088 3063 pretatur
1120 3019 1230 3061 (‚‚von
1261 3016 1361 3060 ἕπω,
1395 3019 1470 3055 dem
1503 3018 1734 3063 cigentlichen
1780 3038 1783 3063 ,-
