1811 3269
108 166 191 206 126

739 171 1142 217 ΟΜΗΡΟΤ

278 274 359 328 οὓς
387 276 509 322 τέκεν
534 276 743 336 Ἀστυόχη
775 279 896 341 δόμῳ
914 282 1128 339 ’Ἄκτορος
1150 284 1360 342 Ἀζείδαο,

277 336 503 391 παρθένος
536 337 704 392 αἰδοίη,
739 337 964 394 ὑπερώϊον
993 345 1274 399 εἰσαναβᾶσα,

164 390 245 434 515
265 389 395 448 ’Ἀρηϊ
423 396 638 449 κρατερῷ·
670 392 693 437 ὁ
725 395 771 439 δέ
803 399 846 440 οἵ
874 399 1139 452 παρελέξατο
1170 401 1329 458 λάθρη.

273 453 367 499 τοῖς
398 449 444 518 δέ,
473 450 707 518 τριήκοντα
734 457 959 509 γλαφυραὶ
991 456 1086 508 νέες
1116 458 1389 513 ἐστιχόωντο.

307 560 338 575 Π
361 510 516 560 Αυταρ
551 507 750 563 Φωκήων
780 514 965 567 Σχεδίος
995 515 1066 556 καὶ
1094 512 1384 571 Ἐπίστροφος
1411 511 1564 573 ἦρχον,

237 564 384 612 *υιεες
411 561 577 618 Ἰφίτου
607 567 868 624 μεγαθύμου
899 571 1212 626 Ναυβολίδαο·

273 621 316 661 οἳ

344 619 638 675 Κυπάρισσον
667 623 786 679 ἔχον,
818 627 1021 669 Πυθῶνά
1051 644 1095 671 τε
1124 625 1406 683 πετρήεσσαν,

159 676 242 721 520
272 675 449 740 Ιζρῖσάν
478 694 523 721 τε
554 679 739 736 ζαθέην,
771 683 844 724 καὶ
871 686 1095 736 Δαυλίδα,
1126 685 1200 728 καὶ
1233 689 1469 742 Πανοπῆα,

271 733 320 775 οί
345 731 387 776 τ’
415 731 705 790 Ἀνεμώρειαν
734 740 807 781 καὶ
834 737 1073 792 Ὑάμπολιν
1104 740 1424 797 ἀμφενέμοντο,

270 790 320 832 οἴ
344 788 387 833 τ’
421 789 509 847 ἄρα
542 793 631 849 πὰρ
663 794 862 852 ποταμόν
892 798 1100 854 Κηφισόν
1136 801 1235 843 δῖον
1272 799 1437 850 ἔναιον,

142 890 223 926 513-
263 889 499 938 Ἄκτορος.
532 897 590 942 qui
623 897 690 931 fuit
714 899 841 944 Ergini
865 912 908 934 ex

95 936 189 970 Azeo
215 949 334 984 nepos.
371 941 416 975 cf.
442 943 487 975 H.

141 983 222 1019 514.
274 987 371 1021 αίδ.
415 989 549 1029 αἰδοῦς
582 986 669 1033 ἀξία
701 991 764 1026 καὶ
788 992 907 1037 τιμῆς.

95 1027 202 1087 (quo
233 1030 277 1065 de
310 1044 348 1067 se
371 1034 447 1078 ipsa
473 1033 514 1077 ξ’,
540 1037 627 1071 21οε
665 1039 741 1072 αἰεί
776 1040 815 1074 κε’
841 1051 908 1083 σφι

95 1078 186 1121 φιλη
219 1089 258 1113 τε
290 1080 352 1128 καὶ
385 1082 514 1126 αἰδοίη
539 1085 748 1128 καλεοίμην.
794 1085 838 1119 cf.
865 1083 907 1128 6‘,

93 1123 172 1177 386
189 1125 276 1169 etc.)
302 1129 376 1161 ὑπ.
402 1129 486 1162 εἰσ.
513 1130 566 1170 εἰς
591 1128 631 1166 τὸ
661 1134 825 1176 ὄίστεγον
853 1132 907 1167 ε’λ-

92 1169 242 1212 θουσα,
286 1172 327 1208 τό
371 1173 600 1218 καλούμενον
636 1179 906 1224 γυναικωνίτης

94 1213 180 1270 (ςγυν
190 1219 310 1271 -νην.).
330 1219 373 1276 οἱῚ
387 1220 455 1265 γάρ
472 1220 623 1267 ἀρχαῖοι
639 1228 721 1264 ταῖς
737 1228 905 1269 γυναιξὶν

91 1273 286 1317 υπερῳους
309 1279 398 1308 τους
421 1270 619 1313 θαλάμους
644 1271 699 1314 (et
715 1272 851 1316 quidem
870 1272 906 1306 in

92 1314 236 1364 posticat
254 1318 355 1355 parte
377 1314 525 1348 aedium.
551 1316 606 1349 Ex
625 1317 687 1360 H.)
712 1318 907 1353 κατεσκεύ-

91 1356 182 1414 ατζον
214 1356 307 1403 νπὲρ
347 1360 418 1395 τοῦ
460 1361 748 1404 δυσεντεύκτους
789 1363 907 1406 αὕτιὶς

89 1413 199 1437 ειναι.

135 1450 218 1484 516.
267 1448 356 1485 ε’στ.
402 1449 584 1498 ἕστειχον,
629 1467 650 1489 a
692 1458 904 1501 στιχοῖσθαι.

90 1494 192 1528 Sch.:
219 1495 258 1531 ἐν
281 1496 384 1541 τάξει
407 1501 665 1545 παρεγένοντο.

136 1542 217 1577 517.
265 1544 447 1586 Schedius,
471 1547 662 1581 Perimedis
689 1547 749 1588 fil„
776 1548 904 1593 etipse

88 1586 290 1631 Phocensis,
311 1600 597 1627 commemoratur
612 1591 656 1634 o',
676 1594 753 1629 515.
772 1600 903 1628 utrum-

87 1634 384 1714 ‹IlczeI-Iinterfecit
416 1638 560 1672 Hector.
596 1640 642 1673 cf.
670 1637 716 1685 ρ’,
747 1641 835 1682 306,
869 1643 902 1677 7·

133 1726 216 1762 518.
261 1723 400 1773 Ἰφίτου
425 1729 537 1763 media
555 1731 738 1775 producta,
766 1729 901 1775 ιη”Αμ-

87 1785 177 1817 φιος
201 1774 281 1816 830,
302 1774 341 1817 ε’,
360 1777 453 1817 612.,
479 1776 576 1822 ἱστίη
596 1777 723 1822 odyss,
744 1776 787 1820 ξ’,
807 1780 899 1820 159.,

80 1817 233 1865 Ἑστίην
267 1821 411 1856 Hesiod.
446 1823 583 1868 Theog.
616 1823 697 1858 454.
743 1825 785 1858 cf.
819 1827 900 1865 573,

85 1868 167 1908 588,
193 1878 270 1901 ann.
296 1868 339 1902 ad
365 1866 411 1911 α’,
438 1871 516 1905 193.
543 1874 578 1903 et
596 1870 756 1914 Aeschyl.
777 1871 900 1915 Suppl.

84 1913 145 1948 38.
180 1914 330 1948 malebat
354 1918 467 1948 tamen
492 1916 671 1960 Bentlejus
697 1915 773 1957 υἷες
795 1918 900 1962 Γιφι-

84 1957 202 2003 τόφι,
226 1965 266 1994 ut
287 1957 418 2006 Ἰλιόφι
444 1973 507 2007 pro
535 1959 671 2003 Ἰλίου,
707 1974 899 2008 vereorque

84 2017 168 2040 sane
199 2017 244 2040 ne
277 2018 358 2041 usus
393 2008 460 2042 iste
495 2008 738 2053 producendae
769 2010 898 2043 vocalis

84 2052 204 2086 brevis
230 2053 445 2097 potissimum
471 2056 515 2089 ad
548 2054 648 2088 initia
680 2055 898 2090 hexametro-

82 2109 159 2133 rum
185 2099 378 2144 pertineat,
413 2100 470 2134 ubi
501 2101 690 2134 incertiore
725 2102 814 2146 pede
838 2103 896 2135 in-

83 2144 179 2178 sistit
212 2145 402 2190 rhythmus.
461 2148 524 2182 sed
559 2147 756 2192 scripserim
782 2148 896 2193 potius

82 2189 181 2231 υἱέες
211 2190 387 2235 ’[φιτίδαι
418 2192 489 2237 (θ’,
518 2194 613 2237 128.)
647 2206 683 2237 μ.
717 2196 790 2236 Ν.,
826 2206 896 2239 qua

84 2238 195 2271 forma
218 2238 381 2284 loquendi
405 2241 462 2276 54.
485 2239 573 2274 dixit
601 2240 793 2286 Νεστορέῃ
823 2253 896 2274 πα-

81 2282 131 2329 ροὶ
154 2283 220 2329 νηῒ
240 2286 485 2329 Πυλοιγενέος
515 2287 693 2331 βασιλῆος
727 2299 790 2332 pro
819 2286 896 2323 Νέ-

83 2342 227 2376 στορος.
262 2332 472 2378 adscriptum
489 2333 594 2367 fuerit
610 2331 750 2378 Ἰφίτου
771 2334 814 2367 ab
835 2345 895 2367 ex-

82 2378 262 2423 plicatore.
321 2379 367 2412 cf.
401 2381 483 2415 731.
527 2381 681 2423 „genuit
710 2380 892 2425 Sisyphus,

82 2424 180 2458 Aeoli
214 2423 283 2466 fil.‚
317 2425 511 2470 Ornytum,
545 2426 601 2459 hic
633 2426 802 2467 Phocum,
838 2426 894 2460 hic

82 2470 331 2515 Ornytionem,
373 2472 469 2515 cujus
511 2471 558 2505 fil.
594 2472 661 2505 fuit
696 2472 893 2514 Naubolus,

81 2515 189 2560 Iphiti
223 2523 337 2560 pater.
386 2517 437 2551 sic
471 2517 600 2553 Scholl.
630 2518 680 2561 B,
714 2519 753 2552 L.
779 2520 893 2553 Pano-

81 2573 183 2607 peum
221 2562 476 2598 incoluerunt.“
505 2564 561 2597 Ετ
585 2565 632 2597 Η.
691 2566 894 2608 Argonauta

80 2608 146 2642 fuit
170 2609 323 2654 Iphitus:
349 2610 462 2655 Apoll.
489 2610 600 2644 Rhod.
626 2612 669 2652 1,
694 2613 776 2645 207.

127 2656 207 2690 519.
257 2658 325 2690 Kv
338 2668 376 2690 π.
412 2656 540 2690 Strabo
564 2658 609 2699 9,
634 2658 666 2692 3.
694 2669 729 2702 p.
753 2654 820 2692 648
842 2658 890 2691 A:

80 2699 253 2745 δέχονται
276 2703 428 2742 διττῶς·
460 2702 496 2739 οἱ
517 2701 585 2747 μὲν
608 2701 816 2748 ὁμωνύμως
840 2706 892 2750 τῷ

81 2748 211 2794 φυτῷ,
244 2747 281 2782 οὶ
314 2746 355 2783 δὲ
386 2749 621 2793 παρωνύμως
654 2748 782 2795 κώμην
814 2747 889 2785 ὑπὸ

79 2795 126 2840 τῇ
158 2795 362 2840 Λυκωρείᾳ.
410 2795 472 2839 (in
512 2807 641 2830 summo
677 2797 890 2841 Parnasso.)

80 2841 205 2886 steph.
244 2841 358 2885 Byz.:
410 2840 662 2887 Κυπάρισσος,
706 2842 814 2882 πόλις
851 2841 890 2878 ἐν

80 2889 290 2933 Παρνασσῷ
312 2885 407 2922 κατὰ
430 2886 520 2929 τους
543 2886 728 2934 Δελφούς.
760 2889 888 2923 Dicae-

80 2935 227 2968 archus:
270 2932 317 2970 ἐν
355 2935 410 2980 τῇ
447 2938 672 2981 μεσογείᾳ
708 2932 747 2971 δ’
785 2935 886 2971 ἐστὶ

81 2979 394 3024 Κυπάρισσος
418 2979 569 3022 πόλις.
595 2982 887 3027 antiquitusEra-

78 3037 143 3061 non
168 3027 377 3072 appellatum
397 3027 504 3062 fuisse
528 3029 617 3063 hunc
641 3028 749 3062 locum
773 3028 884 3063 tradi-

956 902 1009 937 dit
1032 903 1155 948 Steph.
1179 903 1202 936 l.
1229 915 1280 944 c.;
1314 903 1374 948 qui
1407 903 1504 936 locus
1536 913 1603 937 non
1628 901 1771 938 videtur

955 956 1132 994 superstes
1166 950 1274 984 fuisse
1309 962 1395 984 aevo
1420 948 1618 983 Homerico.
1661 961 1694 983 v.
1720 949 1768 993 H,

955 996 1083 1030 Cellar.
1111 999 1141 1031 1.
1170 998 1272 1038 1126,
1297 998 1331 1031 7.
1357 1000 1424 1030 etc.
1449 1015 1492 1020 —
1519 998 1589 1030 Πυ
1600 997 1642 1029 θ.
1665 1000 1768 1029 vetus

954 1054 1075 1076 nomen
1108 1043 1333 1088 Delphorum.
1373 1042 1491 1075 strab.
1517 1041 1586 1075 1.1.
1620 1053 1654 1086 p.
1682 1043 1765 1085 639,

955 1088 1045 1130 641,
1070 1091 1125 1130 2.,
1153 1090 1256 1123 Paus.
1283 1093 1347 1131 10,
1373 1090 1406 1123 6.
1434 1093 1469 1121 et
1493 1089 1548 1129 7.,
1590 1088 1766 1122 Mannert.

954 1136 986 1169 8.
1022 1147 1055 1180 p.
1091 1137 1168 1171 161.
1202 1148 1321 1181 seqq.‚
1364 1134 1605 1169 iVachsmuth.
1640 1135 1767 1170 hellen.

952 1182 1198 1215 Alterthumslc.
1223 1184 1257 1216 2.
1283 1194 1317 1227 p.
1342 1183 1423 1216 262.

998 1229 1078 1263 520.
1129 1229 1171 1262 de
1212 1229 1329 1262 Crissa
1361 1232 1398 1262 et
1428 1226 1581 1259 Daulide
1616 1224 1766 1260 adeundi

953 1275 1082 1308 Strabo
1116 1279 1153 1308 et
1188 1274 1314 1315 Paus.‚
1349 1272 1409 1318 qui
1436 1272 1589 1305 Crissam
1613 1273 1764 1307 Homero

953 1319 1098 1361 dictam,
1133 1332 1223 1365 quae
1254 1325 1334 1365 post
1368 1319 1495 1352 Cirrha
1530 1317 1618 1358 fuit,
1654 1329 1766 1364 prope

954 1366 1063 1400 sinum
1097 1367 1292 1400 Crissaeum
1326 1370 1362 1399 et
1396 1362 1577 1400 Πλειστὸν
1610 1364 1764 1406 fluvium,

955 1413 1087 1446 diserte
1121 1413 1222 1446 docet
1257 1414 1320 1453 10,
1352 1413 1410 1448 37.
1444 1412 1501 1456 (v,
1525 1414 1639 1444 tamen
1663 1411 1765 1444 Man·
1810 1446 1811 1455 χ

950 1464 1038 1492 nert.
1067 1471 1100 1503 p.
1121 1459 1197 1494 148.
1215 1458 1349 1504 seqq.);
1375 1469 1445 1503 qua
1468 1457 1554 1491 urbe
1579 1457 1695 1490 excisa
1719 1457 1763 1491 ob

951 1505 1130 1539 avaritiam
1157 1511 1262 1550 atque
1295 1505 1527 1549 impietatem,
1557 1503 1657 1547 jussu
1681 1504 1763 1537 Am—

951 1551 1184 1596 phictyonum.
1213 1563 1233 1584 a
1257 1551 1436 1585 Clisthene
1460 1555 1496 1584 et
1517 1549 1655 1590 Solone,
1680 1549 1762 1582 Cir-

950 1598 1075 1631 thaeus
1109 1608 1248 1641 campus
1297 1595 1347 1641 (ἡ
1378 1595 1569 1640 Κιρῤαία)
1609 1594 1762 1640 Apollini

951 1649 1172 1677 consecratus
1201 1648 1265 1677 est.
1321 1645 1526 1685 Daulidem,
1562 1654 1583 1675 a
1607 1641 1764 1675 Thraci-

950 1690 1014 1723 bus
1039 1690 1116 1723 olim
1141 1690 1329 1723 habitatam
1344 1690 1478 1732 (Thuc.
1494 1690 1529 1730 2,
1545 1688 1635 1731 29.),
1660 1687 1759 1731 cujus

949 1747 1063 1769 arcem
1089 1736 1228 1769 arduam
1257 1736 1400 1769 Romani
1424 1748 1491 1769 non
1518 1738 1761 1779 expugnarunt

947 1782 1044 1826 (Liv.
1069 1783 1134 1824 32,
1161 1781 1248 1825 18.),
1272 1793 1334 1815 rex
1359 1781 1438 1815 olim
1464 1782 1600 1815 Tereus
1627 1779 1759 1824 (Apol-

946 1828 1016 1862 lod.
1043 1829 1087 1869 3,
1113 1829 1157 1864 13
1183 1829 1270 1871 etc.)
1304 1828 1523 1868 nobilitavit3
1560 1827 1759 1870 Panopeum

948 1873 1095 1918 Tityus,
1122 1874 1164 1908 ab
1188 1873 1346 1918 Apolline
1369 1884 1572 1918 percussus,
1598 1873 1676 1906 dum
1689 1873 1758 1906 La-

946 1925 1050 1954 tonae
1074 1920 1141 1953 vim
1166 1920 1298 1953 inferre
1323 1924 1466 1953 conatur
1486 1919 1605 1963 (Paus.
1634 1921 1689 1959 10,
1708 1917 1757 1959 4.,

946 1967 978 2000 Ε
1003 1967 1102 2010 ete).
1148 1966 1244 1999 dicta
1284 1966 1367 1999 urbs
1402 1970 1525 2010 postea
1558 1965 1758 1998 Phanoteus

945 2013 1082 2057 (Strab.
1108 2013 1140 2046 9.
1166 2024 1201 2057 p.
1225 2011 1293 2047 648
1316 2012 1398 2056 Β.),
1423 2023 1524 2056 quam
1547 2011 1700 2045 tenuisse
1719 2010 1757 2043 H

945 2063 1046 2102 putat
1070 2059 1215 2102 Epeum,
1241 2058 1300 2103 qui
1324 2069 1446 2103 equum
1469 2058 1619 2102 ligneum
1643 2056 1756 2091 fabri-

943 2111 1044 2139 catus
1075 2108 1148 2146 est,
1193 2103 1348 2150 Panopei
1383 2104 1454 2146 fil.‚
1491 2102 1602 2138 Phoci
1633 2112 1754 2148 nepos.

942 2151 1003 2184 sed
1026 2162 1060 2185 V.
1085 2150 1129 2194 ρ’,
1154 2151 1234 2186 307.

986 2197 1067 2232 521.
1116 2196 1303 2229 Anemoria
1327 2194 1422 2229 edito
1445 2194 1522 2229 loco
1545 2192 1581 2228 in
1600 2192 1754 2228 confiniis

942 2242 1107 2276 Phocidis
1132 2248 1167 2276 et
1183 2242 1396 2288 Delphorum
1414 2241 1551 2285 (Strab.
1569 2242 1604 2282 9,
1626 2252 1661 2286 p.
1684 2240 1753 2276 648

942 2289 1003 2322 B.:
1037 2286 1143 2333 ὅριον
1177 2285 1218 2323 δ’
1255 2289 1302 2333 ἠν
1334 2286 1353 2323 ὃ
1386 2287 1502 2328 τόπος
1525 2282 1637 2328 οὗτος
1660 2289 1753 2322 Δελ-

942 2337 1026 2379 φῶν
1042 2336 1105 2370 καὶ
1120 2334 1287 2376 Φωκέων,
1308 2331 1416 2379 ἡνίκα
1437 2333 1646 2379 ἀπέστησαν
1663 2331 1754 2375 τούς

941 2382 1114 2426 Δελφούς
1147 2379 1221 2416 ἀπὸ
1254 2383 1323 2416 τοῦ
1356 2382 1487 2417 κοινοῦ
1519 2379 1753 2425 συστήματος

941 2429 1017 2463 τῶν
1052 2427 1209 2464 Φωκέων
1239 2425 1554 2472 Λακεδαιμόνιοι,
1584 2428 1647 2463 καὶ
1671 2425 1752 2462 ἐπέ-

940 2484 1083 2520 τρεψαν
1116 2472 1208 2509 καθ’
1254 2471 1394 2515 αὑτοὺς
1433 2473 1710 2509 πολιτεύεσθαι.
1720 2473 1753 2517 ),

940 2521 1034 2556 dicta
1059 2533 1194 2567 quoque
1213 2516 1437 2564 Ἀνεμώλεια.
1471 2521 1517 2554 cf.
1541 2521 1678 2565 Steph.‚
1702 2521 1749 2561 E,

938 2568 1065 2602 Scholl.
1090 2588 1138 2593 —
1162 2567 1367 2611 Hyampolis
1390 2567 1508 2611 (quam
1530 2566 1750 2609 incolaeHy-

938 2615 1107 2659 sampolin
1139 2613 1332 2659 appellasse
1361 2613 1411 2647 ait
1443 2613 1475 2646 E
1499 2617 1536 2646 et
1558 2613 1676 2647 Schol.
1698 2614 1748 2657 A)

937 2661 980 2694 ab
1007 2660 1202 2706 Hyantibus
1229 2671 1270 2692 ex
1294 2659 1440 2693 Boeotia
1476 2659 1636 2704 profugis
1661 2673 1747 2695 con—
1780 2694 1782 2702 ,

937 2707 1011 2740 dita
1036 2713 1089 2741 est
1112 2707 1146 2740 in
1172 2705 1362 2750 angustiis,
1396 2706 1521 2749 quibus
1548 2718 1567 2739 e
1591 2708 1748 2742 Thessa·
1779 2709 1781 2720 ⁴

935 2753 981 2787 lia
1017 2758 1053 2787 et
1087 2752 1233 2786 Locride
1273 2751 1587 2795 Epicnemidiorum
1630 2753 1747 2788 aditur

937 2800 1074 2833 Phocis.
1110 2811 1143 2833 v.
1167 2799 1262 2839 Sch,
1286 2798 1419 2832 Herod.
1447 2800 1489 2837 8,
1514 2799 1592 2842 27.,
1617 2801 1744 2834 Strabo

936 2845 959 2878 l.
986 2857 1041 2886 c.‚
1066 2846 1212 2890 Steph.,
1239 2844 1338 2877 Paus.
1367 2847 1429 2884 10,
1453 2845 1510 2880 35.
1537 2851 1594 2888 et,
1626 2846 1742 2882 horum
1776 2843 1780 2882 1

935 2892 997 2936 qui
1020 2891 1145 2925 scrinia
1170 2889 1378 2934 compilavit,
1403 2890 1445 2924 E.
1470 2893 1545 2926 acri
1560 2893 1743 2927 subnixam
1806 2895 1811 2931 ⁶,

933 2939 1069 2981 scopulo
1104 2937 1193 2971 dixit
1225 2937 1316 2970 Stat.
1349 2937 1464 2971 Theb.
1490 2939 1532 2980 7,
1565 2939 1669 2981 345.,
1703 2945 1742 2974 ut
1806 2944 1811 2962 1

933 2985 1058 3019 Cellar.
1084 2995 1162 3020 ann.
1189 2984 1220 3019 1.
1254 2993 1289 3026 p.
1309 2983 1412 3018 1131.
1770 2978 1776 3047 J

977 3031 1056 3065 522.
1082 3041 1178 3075 sequ.
1214 3026 1320 3066 οὗτοι
1341 3027 1596 3075 Ἐπικηφίσιοι
1618 3029 1739 3078 λέγον·
1769 3049 1776 3068 ι
1801 3034 1811 3058 ⁴

1769 3143 1772 3163 5

1768 3177 1771 3193 1

1766 3246 1770 3269 ί
