1811 3269
111 149 167 186 60

752 148 1152 191 ΟΜΗΡΟΥ

281 256 556 311 Ἀμφιδάμας
588 259 633 301 δὲ
665 258 809 314 Μόλῳ
837 260 949 303 δῶκε
981 260 1172 315 ξεινήιον
1203 258 1334 304 εἶναι·

170 320 252 360 270
285 314 423 368 αὐτὰρ
457 315 479 358 ὁ
511 314 720 371 Μηριόνῃ
752 317 891 359 δῶκεν
926 319 960 372 ᾧ
991 319 1113 360 παιὸὶ
1145 321 1360 386 φορῆναι·

284 372 337 428 δή
368 371 462 415 τότ’

490 371 731 428 Ὀδυσσῆος
761 372 957 416 πύκασεν
986 376 1098 429 κάρη
1128 373 1430 429 ἀμφιτεθεῖσα.

333 453 385 485 luis
410 453 621 497 aliquantum
647 454 841 497 progressis
866 466 1012 499 praepes
1037 454 1112 487 avis
1138 465 1338 499 prosperum
1362 455 1468 488 affert
1488 454 1676 499 augurium.

363 521 433 562 Τω
470 519 511 563 δ’
545 521 634 564 ἐπεὶ
665 519 748 564 οὖν
776 521 978 565 ὅπλοισιν
1004 521 1068 563 ἐνὶ
1099 524 1310 565 δεινοῖσιν
1337 522 1508 577 ἐδύτην,

280 578 366 631 βάν
397 576 440 632 ῥ’
474 577 604 621 ἰέναι.
643 579 816 636 λιπέτην
847 579 893 621 δὲ
923 577 1022 621 κάτ’
1055 577 1218 622 αὐτόθι
1248 577 1416 630 πάντας
1445 579 1666 634 ἀρίστους

281 640 394 676 τοῖσι
426 635 471 677 δὲ
503 634 645 685 δεξιόν
670 637 776 691 ἡκεν
806 635 994 688 ἐρωδιὸν
1025 635 1152 689 ἐγγὺς
1182 635 1306 679 ὁδοῖο

166 693 250 735 275
284 691 463 742 Παλλας
490 691 719 747 Ἀθηναίη·
751 694 817 734 τοὶ
850 690 892 735 δ’
927 692 1009 735 οὐκ
1039 695 1139 734 ι’δον
1173 692 1474 747 ὀφθαλμοῖσιν

281 748 420 790 νύκτα
452 748 514 791 δι’
546 748 788 802 ὀρφναίην
823 747 930 791 ἀλλὰ
962 747 1223 803 κλάγξαντος
1255 748 1464 792 ἄκουσαν.

280 811 402 860 χαῖρε
434 806 479 849 δὲ
510 810 570 861 τῷ
599 805 750 858 ὄρνιθ’
781 804 1006 857 Ὀδυσεύς,
1038 805 1174 860 ἠρᾶτο
1207 805 1248 849 6’
1277 805 1463 862 Ἀθήνῃ·

360 865 538 913 ,,Κλῦθί
568 879 674 917 μευ,
708 862 919 916 αἰγιόχοιο
952 864 1063 913 Διός
1094 865 1235 913 τέκος,
1266 863 1338 918 ἥτε
1368 880 1447 933 μοι
1477 863 1559 906 αιέὶ

280 919 326 962 ἐν
355 920 563 988 πάντεσσι
594 919 771 962 πόνοισι
802 921 1087 970 παρίστασαι,
1121 918 1223 963 οὐδὲ
1253 932 1298 962 σε
1329 920 1450 975 λίθω

164 982 247 1022 280
277 976 537 1031 κινύμενος·

572 980 655 1018 νῦν
687 977 789 1019 αὐτε
820 976 1005 1030 μάλιστά
1036 993 1086 1031 με
1118 979 1263 1031 φίλαι,
1293 976 1467 1034 Ἀθήνη,

281 1033 359 1084 δος
391 1033 436 1076 δὲ
463 1031 597 1076 πάλιν
628 1032 698 1076 ἐπὶ
727 1036 836 1089 νῆας
867 1034 1059 1085 ἐϋκλεῖας
1091 1033 1342 1089 ἀφικέσθαι,

104 1148 221 1181 δειαν.
272 1147 400 1182 Matth.
437 1149 469 1189 ἕ.
503 1147 593 1187 418,
626 1150 667 1188 3,
694 1149 752 1189 a.)
799 1146 919 1192 αιῖτῆν

103 1192 217 1228 ἔδωκε
242 1195 294 1236 τῷ
317 1193 419 1236 Ἀμφ.
445 1194 581 1236 (munus
605 1195 788 1239 hospitale,
811 1197 918 1239 quod,

103 1241 146 1273 ab
175 1240 344 1283 Autolyco
371 1247 560 1283 acceptum,
585 1241 779 1281 Scandium,
801 1243 918 1274 urbem

104 1287 272 1330 patriam,
299 1286 440 1319 abstulit
462 1287 724 1330 Amphidamas3
750 1288 805 1320 vel
829 1288 917 1321 dono

102 1332 135 1365 ei
159 1333 316 1373 missum,
353 1334 635 1376 quemadmodum
667 1333 818 1377 Cinyrae
844 1345 918 1366 mu-

102 1389 166 1411 nus
203 1378 335 1411 misisse
376 1380 660 1421 Agamemnonem
703 1379 757 1412 'nic
802 1386 918 1413 noster

102 1429 222 1458 narrat
245 1424 286 1466 λ’,
312 1427 368 1459 ΞΟ.
409 1427 438 1457 Ε
455 1426 498 1458 K.
521 1431 553 1458 ct
573 1426 640 1468 H)
683 1421 705 1469 ἡ
734 1424 773 1459 632
796 1425 919 1460 Σκάν-

101 1471 184 1505 &aaa
208 1470 314 1511 πόλις
335 1470 537 1514 Κυθήρων.
562 1471 726 1514 Κύθηρα
745 1472 784 1507 δὲ
805 1475 916 1514 νῆσος

99 1518 167 1560 τῆς
189 1519 481 1559 Λακεδαίμονος.
506 1518 626 1561 (hodie
647 1520 781 1564 Cerigo.
804 1521 915 1553 Scan-

99 1564 158 1597 dia
182 1565 264 1598 urbs
289 1565 352 1597 sub
378 1572 477 1608 portu
503 1565 635 1598 insulae
658 1565 725 1598 sita
749 1566 826 1599 fuit.
853 1567 914 1610 qui

100 1617 222 1655 portus
249 1611 456 1655 praecipuus
475 1612 665 1645 habebatur
685 1613 712 1644 Ι
717 1613 914 1646 acedaemo-

98 1656 246 1691 niorum.
295 1669 329 1690 v.
367 1657 495 1691 Cellar.
532 1659 563 1690 1.
598 1670 630 1702 p.
665 1659 764 1692 1245
803 1670 914 1702 sequ,

96 1702 274 1738 Mannert.
299 1705 331 1737 8.
357 1715 392 1747 p.
412 1705 491 1738 601.
510 1705 628 1747 seqq.)
668 1706 913 1750 Κυθηρίῳ.

97 1750 150 1795 τῷ
176 1748 250 1784 ἀπὸ
274 1750 475 1792 Κυθήρων.
502 1751 634 1791 (Molas
651 1751 829 1783 Cretensis
848 1751 915 1784 ite-

99 1807 171 1829 rum
197 1800 405 1830 memoratur
429 1793 473 1835 ν’,
498 1797 579 1830 249.
622 1796 666 1828 cf.
692 1808 770 1830 ann.
799 1797 840 1830 ad
867 1798 913 1842 β’,

97 1842 208 1885 651.)
267 1841 482 1877 πύκασεν
519 1841 589 1885 (ρ’,
624 1843 714 1884 551,
751 1841 802 1883 ω’,
832 1845 912 1884 581,

98 1888 168 1923 Od.
193 1887 242 1932 μ’,
268 1890 367 1932 225.)
415 1886 531 1932 κάρη
556 1886 708 1933 (ἀμφ.)
741 1887 914 1924 ἐσκέπασε

95 1934 164 1980 τὴν
187 1934 354 1978 κεφαλὴν
384 1933 590 1977 ἆρμόσασα.

129 1956 263 2016 1272-
274 1983 354 2017 277.
401 1981 476 2018 ε’νὶ
492 1984 534 2017 6
546 1979 754 2038 ε’δντην.
783 1982 911 2017 tmesis.

97 2027 166 2061 od.
193 2026 245 2068 ω’,
271 2027 374 2064 496.;
402 2025 495 2064 οἶδ’
525 2026 689 2070 ὤρνυντο
715 2041 746 2062 κ.
773 2027 811 2062 ἐν
830 2027 911 2062 τεύ-

95 2085 193 2118 χεσσι
222 2072 371 2110 δύοντο.
403 2095 449 2101 -
485 2077 576 2109 λιπ.
611 2072 658 2108 δὲ
694 2072 814 2109 κατ’.
859 2076 909 2109 ita

95 2120 239 2174 scripsi,
266 2121 502 2166 interpositam
525 2121 617 2154 inter
642 2121 781 2154 verbum
808 2132 908 2174 prae-

95 2167 369 2212 positionemque
394 2167 590 2211 particulam
618 2166 708 2200 haud
727 2167 836 2211 magis
853 2178 910 2200 re-

94 2214 226 2246 veritus
252 2226 351 2258 quam
370 2214 494 2247 Matth.
517 2225 568 2258 gr.
588 2224 640 2269 gr.
661 2214 758 2248 uber.
783 2225 815 2258 p.
829 2215 909 2248 922.

94 2263 126 2294 1.
151 2260 206 2293 ed.
242 2260 372 2316 vulgo·
407 2264 437 2295 λ.
464 2258 504 2294 δε
527 2258 626 2294 κατ’.
662 2277 706 2284 -
741 2258 909 2302 δεξιὸν

93 2303 323 2347 ἐρωδιόν,
360 2307 504 2339 ardeam
541 2307 721 2347 dextram,
765 2307 797 2340 1ι.
824 2318 853 2339 e.
890 2318 911 2339 a

93 2352 220 2385 dextra
244 2353 460 2386 advolantem
492 2357 638 2397 propter
669 2352 780 2394 viam3
819 2352 910 2397 quod

92 2398 143 2431 illi
179 2410 240 2441 pro
273 2399 388 2432 fausto
422 2399 531 2432 omine
557 2398 742 2432 habebant.
788 2399 838 2431 Ε.
863 2414 905 2423 -ι

94 2442 246 2501 ἀγαθὸν
271 2444 340 2489 γάρ
367 2448 517 2489 σημεῖον
542 2448 619 2484 τοῖς
653 2443 908 2488 ἐνεδρεύουσιν

93 2488 114 2525 ὁ
141 2489 318 2533 ἐρωδιὸς,
343 2490 392 2532 αἷς
406 2503 530 2546 ι,φησιν
543 2489 704 2534 Ἐρμων.
737 2493 907 2535 (Hermon

93 2537 224 2570 Delius.
262 2538 472 2581 cognominis
507 2537 820 2582 ἱερογραμματεύς
837 2549 906 2571 me-

95 2589 247 2617 moratur
284 2595 339 2628 ap.
367 2585 547 2617 Galenum.
589 2596 621 2619 v.
649 2585 691 2618 H.
730 2591 765 2618 et
800 2585 905 2617 Schn.

94 2641 172 2663 ann.
200 2630 243 2664 ad
269 2630 412 2664 Aristot.
438 2631 481 2663 Η.
510 2631 553 2664 N.
579 2634 612 2673 9,
639 2632 673 2672 2,
695 2631 749 2673 8.)
785 2630 907 2683 ἰστέον

96 2674 136 2710 δὲ
161 2673 219 2710 ὅτι
249 2675 290 2711 τὸ
326 2673 566 2720 ἀκουσθῆναι
599 2675 667 2732 μὲν
699 2677 767 2712 τὸν
791 2674 907 2719 ὄρνιν,

95 2721 145 2765 μή
171 2721 363 2780 ὁραθῆναι
387 2721 449 2757 δὲ.
477 2725 586 2768 δηλοῖ
609 2721 660 2763 ὠς
683 2737 713 2758 κ.
737 2723 772 2758 οὶ
793 2722 908 2768 ἥρωες

95 2767 200 2805 οὗτοι
227 2788 269 2794 -
295 2767 383 2813 ὄψει
414 2767 482 2812 μὲν
514 2772 699 2813 πολεμίων
723 2782 791 2814 ουχ
815 2782 906 2804 υπο-

94 2827 318 2857 πεσουνται,
355 2814 515 2850 ἔκπυστα
552 2815 591 2851 δὲ
627 2815 830 2871 δρασουσιν
856 2817 908 2856 εἰς

95 2860 246 2903 αὐτούς.
271 2880 317 2887 -
349 2859 483 2902 ννκτός
515 2861 554 2897 δὲ
591 2861 738 2919 ‹229⁸sz
774 2859 793 2898 6
819 2862 907 2905 ἐρω-

95 2908 176 2950 διὸς
198 2907 237 2944 ἐν
263 2904 376 2943 υδασι
400 2921 460 2943 και
488 2906 598 2950 ἕλεσι,
627 2923 658 2943 κ.
685 2907 908 2952 &Quam-mdc

95 2955 189 2991 ἐστι·
226 2953 286 2991 διὸ
315 2954 360 2990 οὐ
384 2955 525 3012 γλανκα
549 2952 571 2999 ἡ
596 2953 734 3010 Ἀθηνᾶ
757 2953 908 3012 ἐπιπέμ-

93 3015 154 3038 πει
178 3000 248 3047 τὴν
283 3000 380 3047 αὐτῇ
409 2999 671 3047 ἀνακειμένην,
709 2999 791 3037 ἀλλ’
817 3001 906 3047 ἐρωη-

965 1147 1069 1189 διιῗν,
1104 1149 1243 1183 οἰκεῖον
1275 1145 1366 1183 ὄντα
1391 1150 1470 1186 τοῖς
1492 1146 1574 1189 περὶ
1599 1146 1775 1190 Σκάμαν-

965 1198 1054 1237 δρον
1092 1194 1239 1229 ἑλώδεσι
1280 1194 1422 1233 τόποις.
1492 1194 1671 1226 arde-<irum
1707 1195 1774 1229 tria

965 1252 1092 1284 genera
1117 1242 1213 1274 noxit
1238 1241 1380 1275 Aristot.
1406 1241 1448 1273 H.
1469 1243 1505 1272 A.
1531 1242 1564 1280 9,
1590 1242 1621 1274 Ξ.
1650 1245 1684 1272 et
1707 1243 1773 1283 17„

966 1294 1097 1320 centum
1124 1295 1182 1320 aut
1207 1288 1305 1331 plura
1331 1294 1427 1320 aetas
1458 1291 1587 1321 nostra.
1624 1287 1775 1329 (Wilm-

965 1345 1035 1367 sen.
1064 1334 1204 1367 Handb.
1227 1335 1289 1366 der
1307 1334 1461 1377 Naturg.
1479 1336 1508 1366 l.
1530 1345 1564 1378 p.
1588 1333 1686 1376 889)
1707 1334 1774 1367 dici

966 1386 1047 1423 puto
1082 1380 1111 1413 1ι.
1138 1380 1159 1413 1.
1186 1381 1329 1413 ardeam
1360 1381 1523 1422 mojorem
1554 1378 1672 1417 Linn.,
1707 1381 1774 1413 den

963 1427 1145 1467 gemeinen
1164 1427 1310 1467 Reihcr,
1336 1426 1379 1459 (le
1404 1439 1470 1469 quo
1497 1424 1720 1470 philosophus
1751 1426 1772 1460 l.

963 1484 992 1504 c.
1019 1473 1063 1510 9,
1093 1474 1169 1506 17.:
1201 1473 1348 1516 νέμεται
1385 1472 1424 1507 δὲ
1456 1471 1506 1515 (ὁ
1533 1472 1660 1512 λενκιές
1686 1471 1774 1515 ἐρω-

963 1517 1062 1562 διός)
1088 1517 1161 1564 ἕλη,
1187 1520 1247 1553 καὶ
1272 1522 1422 1563 λίμνας,
1448 1533 1478 1553 κ.
1497 1520 1626 1561 πεδία,
1650 1532 1683 1554 κ.
1701 1523 1774 1554 λει-

960 1566 1096 1607 μῶνας.
1158 1567 1300 1599 ardeam
1341 1568 1517 1599 stellarem
1555 1566 1678 1605 Linn.,
1715 1568 1774 1599 die

961 1611 1215 1649 Rohrclommel,
1240 1612 1457 1666 intelligebat
1473 1613 1530 1652 K.‚
1552 1612 1674 1655 opinor
1691 1624 1773 1656 pro-

961 1664 1040 1702 pter
1065 1670 1179 1691 vocem
1203 1659 1392 1701 insignem,
1427 1670 1529 1703 quam
1554 1657 1660 1701 certis
1684 1664 1772 1691 tem-

962 1704 1104 1757 poribus
1128 1705 1232 1738 edere
1260 1705 1347 1737 solet
1373 1705 1449 1737 avis
1467 1706 1536 1737 ista
1557 1711 1672 1738 noctu.
1708 1706 1770 1738 sed

961 1751 1036 1793 ejus
1056 1750 1164 1791 vocis,
1190 1762 1278 1795 quae
1304 1751 1403 1794 vulgo
1428 1749 1596 1783 terribilis
1621 1749 1770 1792 videtur,

960 1807 1072 1839 neque
1105 1804 1200 1829 certa
1232 1797 1322 1830 inest
1357 1797 1566 1840 significatio
1602 1796 1637 1829 in
1651 1797 1770 1830 verbo

960 1842 1205 1884 κλάγξαντος,
1238 1849 1273 1875 et
1305 1843 1459 1885 dubites,
1494 1854 1536 1876 an
1566 1848 1771 1886 accepturus

961 1888 1085 1922 fuisset
1109 1889 1223 1922 alacer
1249 1889 1392 1932 Ulysses
1417 1901 1531 1928 omen,
1550 1888 1695 1932 quod‘ei
1717 1890 1771 1922 fe—

959 1935 1065 1968 cisset
1083 1935 1157 1968 avis
1175 1936 1360 1979 pigerrima
1376 1943 1413 1969 et
1425 1936 1600 1980 despecta.
1624 1934 1769 1969 Aristot.

959 1981 982 2014 l.
1014 1993 1042 2014 c.
1070 1982 1112 2019 9,
1141 1985 1216 2016 17..
1255 1993 1288 2025 p.
1316 1983 1396 2016 435.
1425 1983 1480 2015 ed.
1511 1981 1637 2014 Schn.:
1674 1979 1694 2014 ὁ
1730 1980 1766 2016 δ’
1808 1977 1811 1988 ⁴

960 2026 1129 2068 ἀστερίας
1163 2026 1394 2071 (ἐρωδιὸς),
1428 2025 1447 2063 ὁ
1483 2025 1770 2070 ἐπικαλούμενος

957 2071 1068 2108 όκνό
1083 2089 1120 2115 ς,
1152 2077 1420 2118 μυθολογεῖται
1443 2073 1511 2116 μὲν
1533 2073 1706 2118 γενέσθαι
1729 2074 1768 2109 ἐκ

957 2120 1102 2155 δούλων
1127 2120 1180 2155 τό.
1197 2118 1374 2164 α’ρχαῐον,
1409 2120 1484 2155 ἐστὶ
1517 2120 1558 2155 δὲ
1580 2119 1676 2154 nocto}
1700 2119 1769 2166 τήν

956 2167 1171 2209 ἐπωνυμίαν
1196 2167 1340 2202 τούτων
1369 2167 1498 2210 (trium
1521 2178 1684 2211 generum
1709 2178 1767 2201 ar-

958 2214 1120 2258 dearum)
1165 2211 1811 2258 69y61a109.Virg.Georg.2

959 2263 998 2297 1.
1025 2262 1105 2295 363.
1119 2273 1127 2293 :
1150 2267 1317 2304 notasque
1342 2261 1490 2304 paludes
1510 2260 1645 2293 Deserit
1662 2264 1767 2303 atque
1810 2285 1811 2290 ,

957 2308 1068 2340 altam
1092 2318 1198 2350 supra
1214 2309 1310 2340 volat
1331 2308 1441 2340 ardea
1458 2307 1593 2339 nubem.
1622 2325 1665 2330 --
1689 2305 1767 2349 ὄρ·-

956 2367 978 2386 ν
993 2351 1063 2387 ιθ’
1089 2353 1163 2386 iota
1187 2353 1292 2390 eliso
1317 2360 1356 2387 ut
1380 2351 1505 2407 οἷσι-ἐρ’
1533 2349 1705 2397 ὀπωρινῷ
1727 2351 1767 2395 ε’,

955 2401 978 2435 5
1005 2405 1072 2433 etc.
1097 2419 1141 2423 —
1177 2406 1327 2433 ceterum
1358 2399 1426 2433 viri
1449 2393 1557 2432 ’docti
1581 2399 1676 2433 hisce
1705 2399 1768 2432 ad-

955 2446 1170 2490 scripserunt
1204 2446 1263 2478 illa
1299 2445 1436 2489 Virgilii
1469 2446 1552 2479 Aen.
1583 2447 1623 2487 6,
1670 2447 1768 2480 190·

953 2494 1011 2525 vix
1039 2504 1080 2525 ea
1102 2495 1207 2535 fatus
1236 2497 1331 2532 erat,
1366 2493 1529 2536 geminae
1562 2503 1639 2524 cum
1669 2493 1766 2534 forte

956 2539 1130 2572 columbae
1154 2539 1236 2581 Ipsa
1257 2539 1317 2571 svb
1344 2550 1404 2571 ora
1433 2539 1502 2571 viri
1527 2539 1617 2571 coelo
1642 2549 1766 2572 venere

955 2587 1130 2625 volantes,
1156 2585 1204 2617 Et
1220 2585 1325 2617 viridi
1344 2585 1460 2618 sedere
1482 2585 1561 2617 solo.
1599 2589 1672 2618 tum
1687 2595 1765 2616 πια-

952 2632 1064 2664 ximus
1084 2632 1183 2664 heros
1201 2631 1382 2663 Maternas
1401 2631 1560 2675 agnoscit
1576 2642 1671 2672 aves,
1690 2631 1765 2664 lae-

953 2683 1052 2720 tusqz:
1058 2689 1074 2709 e
1091 2683 1276 2721 precatur:
1300 2679 1408 2718 „Este
1431 2678 1533 2710 duces
1544 2679 1567 2695 ‘⁶
1592 2682 1659 2710 etc.

999 2726 1069 2759 280
1094 2734 1192 2767 sequ.
1250 2723 1353 2756 Schs
1399 2736 1487 2757 κιν.
1531 2722 1763 2778 κινούμενος,

955 2782 1015 2803 επι
1049 2770 1184 2813 πρᾶξιν
1221 2766 1355 2811 ὁρμων.
1409 2767 1567 2812 (El-213
1601 2768 1642 2804 δε
1674 2782 1762 2803 κιν-

953 2814 1186 2872 παραγωγόν
1212 2814 1309 2850 εστιν
1342 2813 1416 2850 α’πό
1441 2818 1510 2850 τοῦ
1534 2817 1625 2850 mvn?
1647 2814 1762 2850 κινύω

954 2864 1105 2905 κίνυμι,
1140 2857 1186 2897 οὗ
1221 2863 1348 2906 χρῆσις
1372 2862 1433 2896 καὶ
1459 2861 1505 2896 ἐν.
1521 2863 1573 2907 τῷ
1596 2863 1763 2897 κίνυν-

955 2922 1005 2943 το
1041 2908 1282 2953 φαλαγγες
1315 2907 1384 2951 [ὁ’,
1411 2910 1500 2950 281,
1528 2897 1618 2948 3¹37,
1645 2907 1761 2951 427.].

955 2956 1112 2988 similiter
1155 2966 1209 2999 ap.
1243 2955 1348 2999 Soph
1375 2933 1500 2998 'Ajace
1518 2954 1574 2989 34.
1583 2954 1763 3010 Ulysses,

956 3001 1146 3036 Minervam
1171 3000 1360 3036 allocutus.
1391 2999 1521 3036 πάντα
1550 2998 1621 3046 γὰρ
1654 3000 1700 3035 τά
1723 2997 1760 3034 τ’
