1811 3269
107 190 188 229 132

736 194 1142 239 ΟΜΗΡΟΥ·

274 303 364 343 τῶν
394 297 504 369 αὖθ’
534 300 770 358 ἡγεμόνευε
801 305 915 362 βοήν
941 306 1111 361 ἅραθός
1139 307 1376 365 Διομήδης,

273 359 345 400 καὶ
377 362 616 429 Σθενὶλος.
648 363 893 419 Καπανῆος
926 363 1183 420 ἀγακλειτοῦ
1214 369 1341 422 φίλος
1370 367 1487 419 υἱός·

161 415 242 458 565
273 420 386 458 τοῖσι
417 417 442 457 δ
491 432 552 469 αμ
601 415 839 471 Εὐρύαλος
862 423 1064 473 τρίτατος
1095 425 1205 474 κίεν,
1237 425 1414 475 ἰσόθεος
1444 424 1556 481 φώς,

273 475 533 528 Μηκιστῆος
563 473 658 524 υἱὸς
692 478 983 521 Ταλαϊονίδαο
1012 477 1217 530 ἄνακτος·

270 529 533 583 ξυμπάντων
568 528 615 573 δ’
645 531 788 587 ἡγεῖτο
819 533 930 590 βοὴν
960 532 1127 590 ἀγαθὸς
1158 535 1406 591 Διομήδης·

271 590 386 628 τοῖσι
417 583 458 628 δ’
493 584 569 641 ἅμ’
603 583 856 650 ὀγδώκοντα
885 590 1084 647 μέλαιναι
1112 596 1212 648 νῆες
1243 592 1412 636 ἕποντο.

288 696 298 711 ‚
353 644 407 684 Οἳ
437 642 483 686 δὲ
513 645 732 701 Μυκήνας
764 651 904 703 εἰχον,
938 648 1193 705 ἐϋκτίμενον
1218 651 1499 704 πτολίεθρον,

155 700 239 742 570
270 699 461 753 αφνειόν
489 717 533 744 τε
564 702 817 756 Κόρινθον,
849 703 1100 760 ἐϋκτιμένας
1128 722 1171 749 τε
1202 705 1420 756 Κλεωνὰς,

267 753 469 811 Ὀρνειάς
498 756 539 800 τ’
572 758 804 816 ἐνέμοντο,
831 760 1124 820 Ἀραιθυρέην
1152 761 1193 807 τ’
1222 762 1464 820 ἐρατεινήν,

93 868 205 902 fertur
227 867 323 903 circa
350 881 473 904 annum
507 875 589 906 ante
614 874 699 908 Chr.
726 880 796 908 nat.
823 877 904 911 900.

93 913 228 948 Potter.
264 917 446 950 Archaeol.
471 918 517 958 3,
545 920 601 953 72.
630 932 750 964 seqq.‚
786 921 903 954 Donn-

91 959 181 994 dorf.
216 962 336 995 Gesch.
368 963 402 996 d.
438 964 568 1007 Erfind.
604 966 669 1000 vol.
697 969 728 1003 6.
767 979 798 1011 p.
825 966 901 1002 148.

93 1006 225 1061 Aelian.
253 1008 294 1041 V.
319 1008 383 1042 H.:
417 1011 479 1044 καὶ
505 1012 647 1055 πρῶτοι
679 1012 902 1058 [Αἰγινῆται]

90 1065 253 1096 νομισμα
273 1053 416 1098 ἔκοψαν
443 1054 483 1090 τὸ
516 1057 579 1092 καὶ
608 1058 644 1101 ἐξ
669 1057 794 1094 αὐτῶν
820 1063 901 1105 κλη·

89 1098 162 1133 θὲν
185 1099 346 1144 νόμισμα
363 1102 583 1148 Αἰγιναῖον.)
606 1103 805 1148 ἐμπορεῖον
830 1106 901 1151 γὰρ

89 1144 264 1189 γενέσθαι
281 1144 345 1181 διὰ
369 1147 438 1192 τήν
459 1150 670 1196 λυπρότητα
688 1154 752 1196 τῆς
771 1151 904 1197 χώρας,

87 1193 164 1226 τῶν
191 1190 404 1251 ἇνθραξπιρν
426 1198 815 1252 ἑθαλαττουργούντων
839 1199 902 1242 ἐμ-

87 1251 268 1282 πορικως·
296 1253 351 1283 αφ
396 1254 439 1275 ου
467 1243 534 1279 τὸν
562 1243 688 1288 ῥῶπον
710 1247 903 1290 Αἰγιναίαν

88 1283 253 1329 ε’μπολήν
279 1286 461 1329 λέγεσθαι.
516 1291 561 1323 cf.
594 1291 747 1336 inprimis
781 1292 821 1326 C.
856 1294 901 1326 Ο.

88 1331 226 1365 Miilleri
251 1333 476 1377 Aeginetica,
500 1336 616 1370 Berol.
643 1339 742 1372 1817.

131 1378 212 1413 563.
262 1378 524 1425 Διομήδης.
562 1383 677 1427 Tydei
702 1384 770 1428 fil.‚
808 1383 901 1429 regis

88 1424 298 1458 Aetolorum.
347 1427 505 1471 Apollod.
532 1430 576 1470 3,
602 1430 645 1472 7,
682 1432 738 1471 2.,
770 1430 900 1476 Hygin.

87 1469 159 1503 fab.
184 1471 240 1504 81.
266 1476 334 1506 etc.

133 1515 214 1550 564.
262 1517 463 1561 Sthenelus,
498 1520 602 1554 etiam
634 1520 710 1566 ipse
745 1533 787 1555 ex
812 1521 900 1566 Epi-

87 1561 187 1605 gonis
208 1559 272 1606 (δ’,
295 1563 396 1607 406.)
421 1566 605 1610 procisque
625 1567 792 1610 Helenae,
814 1568 901 1601 Dio-

86 1607 193 1641 medis
210 1608 331 1652 auriga
359 1607 423 1654 (0⁰,
446 1611 559 1656 362).

132 1654 213 1690 565.
262 1652 370 1697 Εὖρ.
404 1656 507 1690 Talai
538 1670 665 1703 nepos,
689 1663 728 1692 ut
752 1659 900 1693 Sthene-

87 1700 151 1735 lus.
182 1700 314 1742 „factio
340 1702 563 1737 Talaidarum
596 1715 655 1738 seu
687 1705 899 1740 Talaonida-

86 1747 294 1798 rum-Argis
326 1749 486 1793 superior
520 1751 657 1784 tandem
691 1752 785 1785 facta
823 1757 900 1785 erat

86 1791 253 1835 melidis,
289 1797 328 1826 ut
353 1806 395 1828 ex
422 1795 575 1831 Pindaro
602 1797 760 1831 discimus
796 1798 898 1832 Nem.

84 1839 127 1881 9,
152 1839 208 1873 32.
231 1851 329 1884 sequ.
363 1848 482 1885 partes
506 1842 538 1876 ei
563 1843 659 1877 dedit
684 1844 898 1889 Polygnotus

80 1883 117 1962 ⁵1¹}
154 1884 284 1963 'll'irojae
317 1886 469 1921 excidio:
506 1900 539 1923 v.
574 1889 677 1923 Paus.
709 1892 775 1931 10,
805 1892 897 1926 25.“

117 1942 139 1963 :c
206 1955 213 1962 .

127 1977 206 2012 566.
241 1987 421 2022 perperam
441 1978 520 2013 libri
532 1979 762 2026 Μηκιστέως,
782 1981 897 2015 Bentl.

84 2023 305 2066 Μηκιστέος.
331 2035 364 2056 v.
388 2022 436 2066 α’,
461 2025 541 2062 489.

126 2070 206 2105 568.
257 2066 351 2114 ὄγδ.
379 2068 621 2117 ὀγδοήκοντα.
645 2073 727 2106 Sch.

127 2117 207 2151 569.
255 2115 458 2162 Μυκήνα
472 2133 499 2159 ς.
545 2117 806 2163 Agamemnonis
837 2130 897 2152 re-

82 2160 173 2215 giam
197 2162 429 2206 πολύχρυσον
453 2163 518 2210 (η’,
545 2167 635 2206 180.‚
661 2163 701 2200 λ’.
727 2164 797 2206 46.,
823 2166 894 2199 Od-

113 2232 122 2249 ’
140 2209 556 2291 3⁰{‘³·c?‘''n‘³:5.ssi'⁹⁶i”‘i⁸
572 2211 893 2293 driffiiff‘fllffl·

104 2278 114 2294 9
165 2280 173 2292 η
223 2281 230 2287 -
301 2281 310 2290 ο
448 2283 456 2291 .
550 2283 558 2291 0
621 2283 629 2290 .
720 2283 728 2290 .
755 2270 774 2290 Β
883 2282 894 2291 .

79 2300 128 2356 ad
152 2301 279 2334 Phoen.
310 2302 388 2337 114.
423 2269 559 2338 pStraei)bo
588 2306 629 2345 8,
655 2306 708 2339 6.:
746 2303 785 2338 αἱ
822 2301 891 2343 μὲν

80 2358 150 2379 ουν
177 2348 355 2392 ΙὶἸυκῆναι
378 2349 448 2384 νῦν
474 2349 596 2385 οὐκέτι
621 2351 727 2384 εἰσίν.
775 2348 891 2386 ἔκτισε

77 2389 119 2426 δ’
146 2391 264 2443 αὐτάς
290 2394 475 2438 Περσεύς,
511 2395 699 2439 διεδέξατο
725 2394 764 2430 δὲ
789 2396 891 2431 Σθέ-

78 2439 194 2480 νελος,
219 2436 289 2474 εἰτ’
315 2440 556 2484 Εὐρυσθεύς·
582 2442 618 2478 οἱ
643 2439 684 2478 δ’
702 2441 810 2478 αὐτοὶ
826 2443 889 2478 καὶ

79 2484 147 2518 τοῦ
162 2483 312 2541 ’Ἄργους
329 2482 456 2533 ἧρξαν.
494 2487 714 2534 Εὐρυσθεύς
733 2488 800 2533 μὲν
821 2485 890 2524 οὖν

79 2542 303 2575 στρατευσας
326 2536 379 2575 εἰς
396 2538 624 2582 Μαραθῶνα
648 2535 708 2571 ἐπὶ
731 2534 888 2577 tofis-‘H-

79 2577 254 2621 ρακλέους
284 2583 422 2622 παῖδας
453 2583 516 2618 καὶ
549 2581 707 2624 Ἰόλαον,
743 2584 888 2628 βοηθη-

79 2622 223 2659 σάντων
241 2624 464 2671 Ἀθηναίων,
490 2630 689 2672 ἱστορεῖται
708 2633 831 2665 πεσεῖν
850 2629 889 2664 ἐν

77 2671 122 2716 τῇ
147 2671 258 2717 μάχῃ.
295 2673 347 2717 (v.
374 2676 497 2719 Eurip.
521 2676 680 2719 Heracl.)
707 2695 754 2700 —
785 2676 822 2710 αὶ
847 2674 888 2710 δὲ

78 2718 257 2761 Μυκῆναι.
287 2720 485 2763 μετέπεσον
521 2723 574 2763 εἰς
606 2721 696 2761 τούς
731 2723 885 2756 Πελοπί-

77 2764 167 2818 δας,
203 2763 437 2810 ὁρμηθέντας
467 2764 541 2803 «ind
573 2770 639 2813 τῆς
671 2768 888 2811 Πισάτιδος,

79 2814 133 2844 eit
181 2812 234 2850 εἰς
266 2810 356 2853 τούς
374 2811 613 2858 Ἡρακλείδας
647 2815 706 2850 καὶ
731 2815 820 2855 τούς
843 2815 885 2851 τὸ

70 2853 194 2899 Ἀργος
218 2856 379 2901 ἔχοντας.
425 2859 517 2904 μετα
540 2860 580 2896 δὲ
605 2859 673 2907 τὴν
697 2860 736 2897 ἐν
761 2864 884 2896 Σαλα-

77 2906 158 2945 μῖνι
181 2907 391 2949 ναυμαχίαν
413 2903 559 2950 Ἀργεῖοι
586 2907 677 2950 μετὰ
701 2910 886 2943 Κλεωναί-

78 2962 131 2983 ων
154 2951 213 2985 καὶ
239 2953 426 2996 Τεγεατῶν
445 2952 662 2995 ἐπελθόντες
682 2952 800 3000 ἄρδην
819 2954 886 2995 τοὶς

78 2995 260 3039 Μυκήνας
282 2997 449 3040 ἀνεῖλον,
479 3000 540 3035 καὶ
571 3000 638 3044 τήν
661 3000 787 3044 χώραν
812 3004 885 3038 διε-

77 3044 266 3086 νείμαντο.
315 3048 359 3080 10
382 3046 505 3081 stadiis
528 3059 548 3081 a
573 3047 749 3092 MyceniS,
772 3051 885 3094 Argos

949 888 1088 919 versus,
1113 889 1175 911 seu
1199 875 1245 911 40
1267 877 1310 912 ab
1335 877 1438 922 Argis
1462 877 1497 911 in
1519 877 1578 910 via
1595 876 1762 922 Mycenas

950 924 1109 966 ducente,
1133 924 1199 957 suit
1217 921 1385 966 “Ηραῖον,
1409 925 1582 957 Strabone
1607 928 1762 965 auctore,

949 971 971 1004 i.
1000 982 1030 1003 e.
1055 972 1200 1004 menis
1217 973 1358 1014 fanum,
1378 970 1470 1014 quod
1482 970 1574 1003 Mela
1597 969 1634 1003 in
1658 981 1763 1015 prae-

949 1016 1059 1061 cipuis
1092 1019 1229 1061 Argeae
1266 1016 1490 1051 monumentis
1524 1022 1691 1051 numerat.
1726 1026 1760 1049 v.

950 1062 1075 1096 Cellar.
1105 1066 1134 1098 1.
1164 1075 1198 1108 p.
1219 1063 1318 1098 1216.
1335 1068 1400 1097 etc.

993 1109 1072 1143 570.
1123 1109 1314 1153 Κόρινθον
1347 1112 1512 1142 memorat
1544 1108 1576 1142 h.
1608 1109 1652 1149 1.‚
1698 1106 1759 1141 sed

944 1152 1111 1200 Ἐφύρην
1130 1154 1170 1197 ζ’,
1196 1157 1289 1196 152,
1314 1156 1404 1200 quod
1430 1154 1497 1188 fuit
1519 1154 1613 1188 urbis
1638 1164 1760 1187 nomen

949 1202 1132 1246 antiquius.
1182 1205 1302 1235 notant
1333 1201 1443 1245 igitur
1474 1205 1559 1234 vett.
1585 1200 1759 1233 anachro-

949 1247 1112 1289 nismum;
1137 1248 1365 1282 recentiorum
1392 1250 1507 1280 autem
1524 1245 1698 1286 nonnulli,
1723 1245 1758 1278 in

949 1293 1002 1326 his
1028 1295 1077 1333 H,
1112 1294 1220 1327 locum
1254 1292 1473 1333 insimulant;
1512 1291 1604 1336 quod
1642 1291 1758 1332 nolim,

949 1351 1024 1372 cum
1059 1339 1136 1372 fieri
1169 1340 1298 1384 possit,
1334 1344 1371 1372 ut
1399 1339 1469 1382 jam
1505 1337 1572 1371 isto
1604 1343 1759 1381 tempore

948 1397 1066 1418 nomen
1092 1384 1250 1418 Corinthi
1274 1385 1307 1418 in
1334 1396 1428 1418 usum
1452 1383 1571 1417 venire
1590 1383 1758 1428 coeperit,

948 1432 1043 1465 velut
1067 1432 1173 1473 Orei,
1198 1442 1264 1464 non
1289 1441 1431 1476 prorsus
1450 1430 1603 1464 obsoleto
1622 1429 1759 1463 nomine

947 1478 1127 1511 Histiaeae
1162 1478 1290 1521 (Paus.
1319 1478 1362 1518 7,
1387 1478 1445 1518 26,
1468 1478 1524 1520 2.,
1549 1488 1613 1510 nec
1636 1486 1758 1510 novum

947 1524 1012 1564 sit,
1037 1524 1219 1568 dupliciter
1244 1522 1413 1568 appellari
1437 1534 1494 1567 ap.
1519 1522 1618 1556 Hom.
1646 1532 1702 1556 res
1722 1525 1758 1555 ct

947 1581 1124 1614 personas.
1158 1581 1190 1603 v.
1217 1580 1292 1602 ann.
1319 1569 1362 1602 ad
1388 1566 1434 1610 α’,
1456 1569 1537 1604 403.
1562 1574 1658 1602 certe
1681 1571 1758 1603 Ko-

946 1613 1107 1660 ρινθόθι
1139 1615 1266 1660 legitur
1291 1613 1335 1656 ν’,
1359 1615 1458 1657 664.,
1493 1620 1528 1649 et
1559 1626 1656 1659 opem
1686 1614 1756 1648 Co-

944 1663 1091 1696 rinthios
1115 1661 1357 1706 Agamemnoni
1387 1662 1507 1695 tulisse
1542 1661 1591 1695 ait
1620 1660 1757 1694 Pinda-

945 1720 1003 1742 rus
1029 1709 1084 1741 Ol.
1115 1709 1175 1749 13,
1202 1709 1256 1742 77.
1283 1719 1401 1751 seqq,
1435 1719 1512 1741 cum
1544 1718 1565 1741 a
1599 1706 1756 1752 partibus

944 1754 1099 1788 adversis
1129 1754 1210 1788 item
1244 1753 1412 1787 Corintho
1447 1753 1610 1787 oriundus
1644 1756 1756 1787 staret

945 1801 1113 1834 Glaucus.
1129 1820 1165 1825 —
1194 1799 1299 1833 Scir:
1324 1797 1539 1842 ἀφνειόν.
1565 1797 1755 1835 πλούσιον.

943 1859 978 1880 v.
1005 1858 1081 1880 ann.
1108 1846 1150 1881 ad
1177 1845 1223 1885 α’,
1251 1847 1327 1881 171.
1353 1852 1497 1889 anguste
1517 1846 1644 1880 Strabo
1666 1848 1699 1887 8,
1719 1847 1753 1882 6.

944 1905 978 1937 p.
999 1895 1101 1928 580.:
1129 1890 1148 1927 ὁ
1178 1891 1218 1927 δὲ
1243 1890 1434 1935 Κόρινθος
1460 1889 1667 1934 ἀφνειὸς
1685 1890 1754 1936 μὲν

941 1940 1080 1983 λέγεται
1104 1939 1167 1975 διά
1191 1936 1235 1974 zo*
1253 1937 1459 1982 ἑμπόρειον,
1486 1937 1545 1974 ἐπὶ
1558 1939 1608 1984 τῷ
1627 1938 1755 1985 ἰσθμῷ

941 1988 1118 2029 κείμενος,
1141 1985 1204 2020 καὶ
1229 1986 1337 2019 δυοῖν
1355 1983 1515 2028 λιμένοιν
1534 1983 1661 2028 κύριος
1672 1990 1754 2027 etc„

942 2033 1099 2077 quamvis
1123 2031 1276 2065 dubitari
1301 2031 1439 2076 nequit,
1468 2032 1539 2075 jam
1563 2031 1754 2076 antiquitus

941 2078 1142 2112 commercio
1168 2076 1335 2110 maritimo
1368 2077 1528 2112 floruisse
1552 2078 1669 2112 urbem
1693 2088 1753 2111 ce-

940 2124 1164 2159 leberrimam.
1192 2142 1234 2147 —
1268 2122 1502 2164 Κλεωνάς.
1529 2122 1656 2158 Strabo
1681 2123 1702 2158 l.
1720 2135 1752 2158 c.

939 2182 973 2215 p.
1000 2172 1099 2206 260:
1135 2170 1303 2204 Κλεωναὶ
1331 2167 1375 2204 δ’
1402 2169 1472 2204 εἰσὶ
1504 2167 1664 2213 πόλισμα
1690 2166 1752 2205 ἐπὶ

937 2216 985 2262 τῇ
1009 2213 1086 2261 ὁδῷ
1112 2218 1281 2259 κείμενον
1306 2217 1351 2261 τῇ
1376 2214 1414 2259 ἐξ
1430 2213 1579 2260 ’Ἀργους
1603 2218 1655 2257 εἰς
1676 2213 1751 2251 Κό-

938 2265 1083 2306 ρινθον,
1109 2261 1169 2298 ἐπὶ
1188 2260 1310 2306 λόφου
1328 2263 1636 2306 περιοικουμένου
1657 2275 1750 2297 παν-

937 2308 1097 2354 ταχόθεν
1121 2309 1182 2344 καὶ
1206 2309 1473 2354 τετειχισμένον
1497 2311 1637 2351 καλῶς,
1663 2305 1749 2344 ὥστ’
1809 2346 1811 2353 Ι

936 2357 1080 2396 οἰκείως
1105 2356 1282 2400 εἰρῆσθαί
1305 2369 1370 2400 μοι
1394 2358 1501 2392 δοκεῖ
1518 2353 1560 2392 τὸ
1585 2355 1748 2392 ἐϋκτι-
1808 2356 1811 2367 ⁴

935 2404 1079 2447 μένας
1104 2401 1336 2444 Κλεωνάς.
1384 2403 1516 2444 „Ovid.
1544 2409 1657 2437 tamen
1681 2403 1747 2436 Im-

934 2451 1032 2483 miles
1056 2448 1145 2482 dixit
1170 2450 1317 2483 Cleonas
1339 2449 1425 2483 Met.
1450 2452 1483 2491 6,
1507 2447 1609 2491 417.,
1634 2460 1701 2482 non
1726 2460 1747 2483 a
1809 2463 1811 2471 ¹

935 2497 1025 2537 situ,
1050 2495 1110 2528 sed
1137 2496 1180 2528 ab
1205 2496 1395 2539 exiguitate
1423 2496 1666 2540 paucitateque
1686 2506 1745 2529 co-

934 2541 1084 2576 lentium.
1139 2542 1174 2574 in
1213 2542 1302 2574 saltu
1342 2553 1450 2586 prope
1486 2542 1550 2574 hoc
1583 2540 1745 2586 oppidum
1777 2562 1780 2594 ἶ

934 2587 1087 2622 immanis
1110 2587 1169 2620 ille
1194 2587 1246 2620 leo
1271 2587 1357 2628 fuit,
1382 2599 1479 2632 quem
1505 2587 1673 2620 Hercules
1690 2587 1745 2620 in-

934 2633 1116 2668 terfecisse
1150 2633 1290 2667 dicitur.

933 2680 1012 2714 Ruf.
1037 2681 1138 2715 285:
1162 2690 1234 2712 una
1265 2679 1470 2713 Cleonaeum
1491 2681 1658 2724 pascebat
1684 2680 1745 2712 sil-

934 2739 980 2760 va
998 2728 1140 2760 leonem.
1189 2725 1234 2759 cf.
1259 2725 1320 2759 Sil.
1342 2726 1375 2766 3,
1399 2727 1469 2767 36..
1493 2726 1618 2760 Senec.
1637 2725 1743 2759 Herc.
1764 2734 1766 2736 ’

935 2775 1016 2807 Oet.
1040 2775 1118 2808 189.
1144 2774 1268 2817 seqq.“
1319 2771 1352 2805 E
1385 2771 1533 2806 Cellario
1560 2772 1629 2807 vol.
1651 2775 1681 2808 1.
1707 2783 1743 2817 p.

935 2820 1035 2855 1217.
1057 2830 1153 2862 sequ.

1349 2632 1530 2667 Claudian.
1563 2633 1621 2666 lib.
1649 2635 1679 2668 1.
1706 2633 1744 2667 in
1767 2632 1778 2679 il

1800 2624 1811 2646 ti

1795 2807 1811 2830 81

978 2866 1059 2900 571.
1105 2864 1217 2906 Ὀρν.
1258 2860 1384 2909 κώμην
1413 2862 1581 2908 Ἀργείας.
1636 2867 1743 2905 „erat
1786 2889 1811 2925 ΠΙ

931 2912 1012 2944 urbs
1046 2921 1151 2954 supra
1186 2922 1338 2954 campum
1376 2911 1615 2955 Sicyoniorum
1651 2909 1743 2951 sita3

932 2958 1070 2991 deserta
1087 2958 1157 3001 jam
1177 2956 1357 2990 Strabonis
1376 2963 1490 2991 aetate
1508 2957 1555 3002 (8.
1576 2956 1741 3001 p.586.);

933 3002 1052 3047 Priapi
1076 3004 1153 3037 olim
1178 3003 1304 3048 templo
1327 3004 1431 3037 clara.
1466 3003 1510 3036 cf.
1536 3003 1568 3036 E
1588 3008 1623 3037 et
1638 3002 1742 3038 Paus.

931 3051 964 3090 2,
989 3050 1046 3085 25.
1094 3049 1311 3094 Araethyrea
1335 3054 1450 3085 autem
1474 3049 1510 3084 in
1526 3060 1611 3094 agro
1624 3048 1742 3083 Phlia-

1782 2936 1811 2980 dcl}

1780 2993 1811 3027 ²59³

1778 3032 1802 3066 καὶ
