1811 3269
606 134 1047 176 ΙΛΙΑΔΟΣ
1103 135 1153 175 Β.

1624 136 1709 177 153

215 247 263 289 οῖ’
288 244 328 288 τ’
357 242 473 299 ἄμφ’
504 243 682 299 ἱμερτόν
718 242 982 298 Τιταρήσιον
1012 244 1108 299 ἔργ’
1141 243 1361 299 ἐνέμοντο,

215 302 262 353 ὅς
293 301 338 371 ῥ’
355 301 412 370 ,ἐς
441 300 632 354 Πηνειὸν
661 303 807 355 προΐει
836 302 1099 356 καλλίρροον
1127 300 1265 356 ὕδωρ,

214 357 319 402 οὐδ’
349 356 422 411 ὅγε
454 361 628 413 Πηνειῷ
659 359 939 413 ξυμμίσγεται
960 357 1258 429 ἀργυροδίνῃ,

214 413 321 457 ἄλλα
349 413 394 456 τέ
424 431 498 466 μιν
528 413 818 495 καθύπερθεν
846 414 1056 468 ἐπιρρέει,
1088 412 1191 470 ἠΰτ’
1224 415 1399 458 ἔλαιον

98 474 181 516 755

213 471 349 525 ὅρκου
379 488 462 525 γαρ
495 472 644 514 δεινοῦ
668 469 848 543 ῗΣτυγὸς
878 470 1042 522 ὕδατός
1073 471 1189 514 ἐστιν
1220 469 1439 527 ἁποῤῥώξ.

298 526 556 582 Μαγνήτων
586 527 628 571 δ’
661 532 760 601 ἦρχε
796 527 1026 583 Πρόθοος,
1063 528 1367 584 Τενθρηδόνος
1396 526 1507 580 υἱὸς,

218 587 263 627 οι
290 585 390 637 περὶ
414 584 607 640 Πηνειόν
636 586 709 628 καὶ
742 585 911 639 Πηλιον
941 586 1250 638 εἰνοσίφυλλον

213 643 440 684 ναίεσκον·
473 645 561 684 τῶν
589 642 684 711 μὲν
702 641 918 696 Πρόθοος
947 641 1058 691 θοός
1087 640 1372 696 ἡγεμόνευεν·

210 702 271 754 τῷ
304 697 344 741 δ’
352 698 488 767 ἅμα,
497 697 823 752 τεσσαράκοντα
852 697 1052 753 μέλαιναι
1082 702 1183 754 νῆες
1214 698 1384 742 ἕ.ποντο

96 760 181 801 760

41 891 123 925 bros
140 891 218 925 huic
235 891 310 925 loco
330 892 487 926 adhibuit
497 893 542 926 U.
569 893 852 939 p1·aeterea'vero

42 950 75 970 v.
102 937 229 979 Cessar,
255 943 284 972 1.
311 949 345 982 p.
374 941 473 974 1093.
498 945 532 973 et
550 941 780 984 geographos.
810 960 850 964 ——

43 985 395 1027 δυσχείμερον
431 990 553 1029 utpote
575 986 610 1019 in
635 986 780 1019 saltibus
804 986 853 1019 si-

42 1039 124 1064 tam.
150 1031 278 1085 Strabo
302 1031 335 1064 7.
362 1030 454 1064 circa
479 1032 594 1065 finem:
627 1029 650 1075 ἡ
681 1031 850 1076 Δωδώνη

42 1078 172 1110 τοίνυν
205 1075 247 1110 τό
280 1074 347 1120 μὲν
379 1076 540 1112 παλαιὸν
572 1075 648 1113 ὑπὸ
677 1080 853 1122 Θεσπρω-

41 1125 123 1162 τοῖς
153 1115 223 1167 ἦν,
262 1123 324 1157 καὶ
363 1122 405 1157 τὸ
443 1122 530 1181 ὅρος
567 1123 586 1160 6
624 1124 794 1181 Τόμαρος
828 1123 852 1169 ἢ

48 1166 198 1225 Τμοῖρος
221 1165 461 1214 (ἀμφοτέρως
483 1169 554 1216 γάρ
579 1170 749 1227 λέγεται),
775 1169 830 1217 ὑφ

46 1210 74 1260 ᾧ
100 1219 218 1250 κεῖται
244 1216 285 1251 τὸ
312 1216 412 1262 ἱερὸν
437 1223 502 1251 etc.
536 1218 580 1251 cf.
606 1216 655 1260 π’,
681 1217 760 1253 234.

89 1275 172 1309 751.
220 1269 394 1307 ἀοῆαωηο
425 1275 601 1309 Titaresio
638 1276 754 1309 Strab.
780 1275 853 1308 Ex-

45 1325 154 1364 cerpt
181 1319 262 1353 libri
280 1322 328 1360 7.,
352 1319 405 1354 4.;
430 1318 488 1356 ὅτι
513 1320 532 1355 ὁ
558 1321 716 1366 Πηνειὸς
738 1334 854 1356 ποτα-

44 1365 114 1410 μὸς
138 1365 253 1422 ῥέων
260 1363 324 1401 διὰ
351 1367 424 1400 τῶν
454 1369 611 1411 Τεμπῶν
641 1369 715 1412 [καὶ
746 1366 855 1411 ἀρχό-

44 1425 155 1456 μενος
180 1411 254 1448 ἀπὸ
280 1414 350 1447 τοῦ
375 1414 521 1448 Πίνδου
551 1413 676 1459 ὄρους]
702 1414 762 1448 καὶ
789 1413 853 1448 δια

45 1460 158 1503 μέσης
182 1460 383 1499 Θεσσαλιας
401 1473 463 1495 και
488 1462 563 1496 τῶν
582 1462 769 1496 Λαπιθῶν
792 1460 855 1495 καὶ

46 1504 291 1559 Πεῤῥαιβων,
294 1505 501 1560 δεχόμενός
525 1520 563 1541 τε
588 1507 652 1542 τὸν
672 1505 856 1549 Εὐρώταν

43 1552 238 1596 ποταμόν,
278 1547 323 1585 ὃν
347 1550 435 1596 ’.Ομ
470 1551 770 1597 Τιταρήσιον
806 1566 855 1586 ω-

44 1597 203 1642 νόμασε,
237 1599 387 1642 διορίζει
411 1602 654 1635 Μακεδονίαν
676 1613 741 1641 μεν
765 1595 856 1643 πρὸς

44 1644 211 1703 βοῤῥαν,
246 1646 450 1681 Θεσσαλίαν
477 1645 517 1681 δὲ
541 1646 633 1690 πρὸς
657 1645 780 1705 νότον.
817 1646 857 1680 αἱ

45 1691 86 1727 δε
111 1694 180 1726 τοῦ
200 1691 379 1748 Εὐρώτου
400 1695 572 1749 ποταμοῦ
593 1693 707 1749 πηγαὶ
732 1692 770 1728 ἐκ
787 1695 858 1727 τοῦ

51 1739 227 1782 Τιταρίου
253 1737 366 1780 ὅρους
391 1736 579 1784 ἄρχονται,
605 1737 626 1775 6
652 1739 727 1775 ἐστι
752 1751 857 1775 συνε-

45 1785 105 1831 χὲς
128 1787 179 1831 τῷ
199 1783 389 1842 Ολυμπῳ.
423 1805 468 1811 -
501 1788 604 1821 Sch.:
638 1786 714 1830 ἱμε
728 1786 855 1828 ρτόν.

44 1820 296 1876 ἐπιθυμητὸν,
320 1832 443 1867 καλόν.
473 1833 554 1876 (U.:
581 1833 858 1877 ιμερτὸνὺε-

46 1879 139 1912 zieht
162 1878 237 1911 sich
261 1879 353 1911 wohl
384 1879 540 1923 weniger
573 1881 636 1913 auf
668 1881 729 1913 das
755 1880 798 1911 W
804 1891 859 1913 as-

47 1937 105 1959 ser
129 1924 236 1958 selbst
260 1924 310 1957 als
335 1924 500 1958 vielmehr
531 1926 594 1959 auf
617 1925 673 1959 die
699 1925 859 2006 Geg1end‚

48 1982 118 2005 von
141 1970 296 2004 welcher
322 1971 548 2005 Wachsmuth
583 1984 614 2005 a.
640 1984 671 2005 a.
697 1973 742 2007 O.

47 2018 84 2050 S.
122 2018 176 2051 13
219 2020 317 2060 sagt:
359 2018 479 2057 „Jetzt
519 2019 606 2051 noch
651 1974 860 2051 bietet1das

47 2062 222 2097 Flussthal
267 2062 329 2096 des
361 2064 510 2097 Peneios
543 2063 860 2097 W'underanblicke

48 2111 132 2143 dar:
159 2108 216 2141 die
239 2108 650 2153 schwindelerregenden
676 2109 860 2153 Felskegel

47 2156 208 2189 Meteora
239 2166 291 2188 am
325 2156 471 2199 Abhang
515 2156 575 2189 des
608 2155 739 2189 Pindos
775 2156 860 2188 zwi-

47 2202 151 2235 schen
176 2201 348 2245 Gomphoi
373 2213 404 2234 u.
432 2202 586 2242 Trikka,
620 2214 655 2236 u.
681 2202 743 2235 das
768 2201 861 2235 Thal

48 2248 195 2292 Tempe,
221 2248 344 2281 dessen
369 2248 589 2292 VVindungen
616 2248 725 2281 durch
750 2250 860 2292 griine

48 2293 188 2327 Matten
220 2304 255 2327 u.
292 2294 426 2327 schroff
458 2294 727 2338 iiberhangende
763 2294 862 2327 Fels-

49 2340 195 2382 wande,
229 2350 265 2372 u.
303 2340 358 2374 die
384 2340 566 2374 Silberflut
599 2341 660 2374 des
685 2340 746 2374 mit
782 2341 859 2374 dem

0 2423 1 2435 ἵ
49 2385 198 2420 Peneios
248 2385 323 2419 sich
372 2387 603 2420 vereinenden
649 2386 857 2430 Titaresios,

0 2438 1 2450 ¹
49 2432 153 2465 milde
185 2431 272 2465 Lusc
302 2444 335 2465 u.
364 2433 673 2490 herzbeengendes
705 2413 860 2467 Stauneri

50 2476 212 2511 mischen.
217 2479 259 2521 “)
285 2496 326 2503 —
361 2477 486 2523 ἔργα.
521 2481 592 2514 νῦν
615 2479 662 2514 τοὶ
687 2479 858 2537 γεώργιαζ

52 2521 105 2581 ἔν’
132 2524 165 2580 ᾗ
179 2521 392 2581 ἐγεώργουν
417 2526 567 2570 (Odyss.
588 2524 745 2585 ζ’,259α
760 2524 858 2583 ὄφρ’

52 2582 100 2603 αν
120 2569 188 2614 μέν
211 2567 248 2605 κ’
285 2570 421 2616 ἀγροὺς
456 2572 564 2626 ιὀμεν
593 2573 657 2607 καὶ
691 2569 768 2617 ε”ργ
795 2571 859 2606 οἶν-

51 2617 229 2659 θρώπων.
253 2618 301 2651 Κ.
338 2619 418 2652 hinc
443 2618 657 2663 potissimum
684 2618 860 2673 explican—

55 2661 100 2695 da
131 2667 183 2696 est
206 2662 386 2709 inscriptio
409 2664 489 2697 libri
514 2664 701 2705 Hesiodei‚
726 2665 760 2698 in
793 2677 859 2708 quo

55 2710 158 2751 poeta
181 2709 223 2743 de
247 2711 438 2744 hominibus
462 2711 587 2745 aetatis
612 2723 736 2745 aureae
762 2712 859 2745 119.:

57 2753 95 2787 οἱ
124 2752 304 2812 ἐθελημοὶ
333 2753 491 2811 Ἠσνχοι
533 2757 664 2800 (malim
696 2755 860 2800 Ἠσυχα)

57 2797 135 2843 ἔργ’
162 2800 330 2846 ἐνέμοντο
355 2800 422 2837 σῦν
447 2803 635 2838 ἐσθλοῖσιν
659 2802 859 2839 πολέεσσιν.

55 2850 92 2879 et
115 2847 213 2881 306.
248 2849 305 2884 σοὶ
330 2846 372 2883 δ’
396 2848 483 2906 ε’ργα
507 2846 591 2894 φίλ’
618 2849 707 2884 ἔστω
732 2849 861 2905 μέτρια

54 2895 218 2935 κοσμεῖν,
232 2890 299 2934 ’Ὡς
313 2893 354 2931 κε’
371 2910 430 2931 τοι
449 2893 590 2939 ὡραίου
599 2896 745 2953 βιότου
769 2894 861 2940 πλή-

53 2939 153 2973 θωσι
175 2941 309 2976 καλιαί.
342 2939 442 2985 ΗΕξ
430 2941 544 2988 ε’ργων
569 2940 607 2978 δ’
635 2942 768 2989 ἄνδρες
792 2956 861 2978 πο-

54 2984 208 3031 λύμηλοί
232 2985 269 3020 τ’
296 2985 445 3033 ἀφνειοί
476 3002 516 3025 τε
540 2993 605 3024 etc.

303 749 438 798 Οὗτοι
469 753 541 811 ἄρ’
575 755 784 812 ἡγεμονες
814 759 1009 800 Δαναῶν
1038 755 1112 800 καὶ
1141 756 1343 811 κοίρανοι
1373 752 1498 812 ἦσαν.

944 896 1026 930 753.
1071 908 1169 939 αργ.
1194 891 1345 937 λαμπροὶ
1369 891 1432 927 καὶ
1456 889 1550 926 καλοὶ
1574 887 1712 933 ρεύμα-

897 955 944 977 τα
970 941 1101 986 ε’χοντι.
1145 943 1248 976 δῖναι
1279 952 1349 984 γαρ
1384 938 1423 973 αἱ
1453 939 1528 972 τῶν
1559 935 1713 972 νδάτων

902 989 1117 1033 συστροφαί.
1150 987 1233 1021 Sch.

945 1045 1026 1081 754.
1073 1047 1179 1079 καθ.
1207 1042 1368 1078 ἄνωθεν.
1393 1041 1474 1074 Sch.
1523 1039 1713 1085 descriptio

900 1104 1010 1136 aquae
1049 1091 1272 1125 bituminatae
1317 1089 1390 1122 sive
1434 1086 1712 1131 ἀσφαλτίτιδος,

900 1139 1034 1182 qualem
1059 1138 1161 1171 etiam
1177 1136 1298 1181 Stygis
1317 1134 1562 1191 cogitaverint.
1586 1134 1714 1167 Strabo

900 1187 934 1226 9,
959 1186 992 1219 5.
1018 1197 1052 1229 p.
1075 1186 1154 1226 673,
1173 1183 1236 1217 B.·
1262 1183 1302 1217 td
1330 1193 1397 1225 μεν
1423 1181 1493 1215 οὐν
1517 1181 1714 1237 τοῦΠη-

900 1233 1039 1272 νειοῦ
1082 1227 1257 1272 καθαρόν
1294 1227 1393 1263 εστιν
1421 1223 1549 1271 ν’δωρ·
1597 1224 1640 1262 vd
1673 1223 1715 1261 δὲ

900 1291 986 1312 του
1019 1277 1322 1335 Τιταρησίου
1357 1272 1516 1317 λιπαρὸν
1551 1271 1590 1308 ἐκ
1614 1286 1717 1314 τινος

901 1322 1012 1368 ὕλης,
1059 1321 1152 1358 ὥστ’
1188 1320 1232 1358 οὗ
1277 1322 1529 1365 συμμίσγεται.
1579 1320 1637 1353 ubi
1680 1331 1715 1353 v,

901 1371 1051 1405 Causab.
1076 1374 1328 1415 praetereaque
1353 1368 1397 1402 cf.
1417 1367 1543 1401 Mirab.
1569 1366 1715 1402 auscult.

902 1429 933 1451 c.
965 1418 1041 1451 123.
1069 1417 1124 1450 ed.
1149 1417 1373 1455 Beckmann„
1401 1413 1558 1447 Oberlin.
1583 1413 1629 1447 ad
1653 1412 1715 1445 Vi-

902 1463 1054 1508 biump.
1077 1464 1178 1503 308„
1210 1459 1468 1495 HetKhml

949 1532 1030 1567 755.
1079 1527 1236 1572 ὅρκου.
1260 1542 1294 1563 v.
1321 1540 1399 1563 ann.
1426 1527 1470 1561 ad
1497 1525 1575 1562 124.
1611 1526 1714 1561 ordo:

901 1575 1041 1616 ν’δατος
1059 1590 1128 1622 γαρ
1141 1574 1300 1630 Στυγὸς,
1322 1575 1448 1609 δεινοῦ
1468 1570 1596 1617 ὅρκον,
1619 1572 1716 1608 ἐστιν

902 1621 967 1659 α’π.
1003 1625 1093 1668 8th
1117 1624 1259 1668 proprie
1291 1621 1485 1666 appellatus
1518 1624 1572 1653 est
1605 1622 1716 1654 Arca-

904 1671 982 1704 diae
1003 1671 1080 1703 sons
1102 1681 1213 1715 prope
1230 1669 1347 1702 urbem
1366 1665 1555 1721 Nonacria,
1583 1665 1626 1699 de
1647 1678 1715 1710 quo

904 1718 1008 1750 Paus.
1034 1719 1067 1758 8,
1104 1718 1159 1757 18,
1185 1718 1239 1750 2.·
1274 1711 1315 1748 τὸ
1351 1713 1391 1748 δὲ
1423 1708 1526 1768 ὕδωρ
1560 1711 1601 1746 τὸ
1639 1712 1714 1748 απὸ

903 1765 974 1798 τοῦ
997 1775 1164 1807 κρημνον
1190 1762 1259 1796 τοῦ
1289 1761 1392 1804 παρὰ
1422 1758 1491 1801 τὴν
1517 1756 1716 1802 Νώνακριν

907 1809 1040 1853 στάζον
1071 1809 1258 1844 ἔπιπιπτει
1289 1819 1357 1850 μεν
1389 1807 1539 1849 πρῶτον
1574 1803 1611 1845 ἐς
1647 1806 1716 1841 πέ-

904 1870 996 1901 τραν
1020 1855 1183 1901 ὑψηλὴν,
1209 1851 1400 1897 διεξελθὸν
1423 1851 1464 1888 δε
1487 1851 1551 1887 διὰ
1568 1854 1633 1895 τῆς
1653 1852 1717 1888 πέ-

904 1917 993 1948 τρας
1017 1902 1053 1944 ἐς
1084 1902 1149 1938 τὸν
1175 1903 1327 1944 Κρᾶθιν
1360 1897 1531 1937 ποταμὸν
1563 1897 1718 1935 κάτεισι.

904 1949 1078 1985 θάνατον
1113 1947 1153 1984 δε
1187 1948 1229 1984 τὸ
1255 1946 1359 1989 ν’δωρ
1393 1946 1496 1991 φέρει
1519 1959 1630 1981 τουτο
1655 1946 1719 1981 καὶ

906 1995 1109 2041 ἀνθρώπῳ,
1133 1995 1194 2029 καὶ
1220 1992 1313 2039 ἄλλῳ
1338 1992 1416 2037 ζώῳ
1435 1992 1547 2028 παντὶ
1565 1998 1629 2026 etc.
1657 2004 1719 2038 per

907 2055 980 2077 eam
1008 2054 1131 2087 aquam
1150 2042 1315 2086 jurabant
1327 2040 1480 2074 Arcades
1505 2038 1656 2083 (Herod.
1683 2039 1720 2081 6,

906 2089 1005 2129 74.,)
1039 2087 1317 2134 quemadmodum
1342 2085 1465 2120 Judaei
1500 2097 1564 2130 per
1598 2097 1721 2129 aquam

907 2147 1053 2169 amaram
1093 2136 1202 2179 (Mos.
1227 2134 1269 2174 4,
1297 2134 1331 2174 5,
1357 2132 1411 2167 18.
1436 2132 1574 2176 seqq),
1611 2131 1720 2165 Siculi

907 2193 969 2227 per
1004 2182 1132 2216 fontem
1175 2180 1377 2214 sulfuratum
1414 2177 1554 2212 Palicen
1597 2177 1719 2221 (Diod.

907 2229 978 2262 Sic.
1007 2230 1061 2268 11,
1088 2227 1181 2270 89.)
1208 2225 1315 2260 utK.
1342 2225 1545 2264 annotavit3
1582 2223 1721 2258 itidem-

909 2286 975 2319 que
1001 2253 1192 2307 Th'essalos
1225 2272 1303 2305 illos
1336 2282 1399 2316 per
1424 2269 1636 2304 Titaresium
1657 2271 1717 2314 ju-

907 2332 1004 2354 rasse
1029 2326 1151 2353 auctor
1175 2324 1228 2351 est
1248 2319 1275 2351 A
1304 2317 1417 2351 Schol.
1441 2335 1485 2340 —-
1516 2317 1581 2362 Ap.
1593 2328 1601 2348 ε
1636 2315 1719 2351 ἀπ-

908 2365 1071 2411 οῤῥώξ.
1101 2364 1345 2418 ἁπόῤῥηγμα,
1365 2361 1592 2406 απόσπασμα
1619 2364 1718 2407 (bra-

907 2414 1019 2447 chium
1043 2413 1173 2457 Stygos
1198 2410 1359 2445 fluminis
1363 2410 1394 2454 )·
1422 2407 1443 2446 6
1456 2423 1506 2454 ρκ
1520 2422 1538 2444 ο
1551 2423 1574 2444 ν
1602 2415 1670 2443 etc.

952 2483 1033 2517 756,
1084 2480 1243 2526 permixti
1268 2492 1344 2514 cum
1364 2478 1570 2513 Perrhaebis
1595 2482 1630 2512 et
1650 2479 1716 2513 La-

905 2527 1015 2582 pithis
1046 2527 1138 2562 circa
1165 2528 1314 2561 Peneum
1338 2525 1535 2570 Peliumque
1559 2530 1718 2567 montem,

906 2586 973 2608 non
1006 2574 1040 2607 in
1071 2575 1235 2614 urbibus,
1270 2584 1356 2617 quas
1387 2572 1496 2605 nullas
1529 2583 1569 2605 eo
1603 2552 1718 2605 tractu⁷

908 2619 1112 2654 'lhessaliae
1137 2624 1300 2653 memorat
1325 2621 1451 2664 Ροέῑει,
1485 2617 1547 2651 sed
1577 2617 1717 2650 vicatim

906 2666 1112 2700 habitabant
1136 2667 1344 2710 Magnetes,
1377 2674 1462 2709 gens
1492 2663 1574 2696 item
1599 2663 1718 2697 Pelas-

908 2713 1008 2757 gica‚
1041 2724 1182 2757 quorum
1207 2722 1288 2756 pars
1319 2711 1354 2744 in
1379 2710 1490 2744 Asiam
1515 2710 1717 2753 trajecerat,

908 2763 944 2792 et
967 2771 988 2792 a
1013 2759 1138 2803 quibus
1171 2764 1293 2802 postea
1323 2756 1487 2791 littoralis
1520 2755 1622 2800 plaga
1654 2766 1717 2799 ap-

908 2805 1038 2849 pellata
1062 2810 1117 2839 est
1139 2803 1332 2848 Magnesia.
1380 2802 1518 2836 Aeolum
1542 2801 1633 2834 inter
1657 2812 1718 2834 eos

906 2851 1141 2885 invalescente
1164 2850 1340 2895 potentia,
1371 2847 1541 2900 originem
1558 2850 1718 2891 repetere

909 2903 1100 2942 coeperunt
1125 2909 1146 2930 a
1170 2897 1349 2941 Magnete,
1375 2894 1471 2928 Aeoli
1494 2892 1577 2933 filio,
1603 2904 1624 2926 a
1648 2904 1716 2936 quo

908 2943 1072 2978 oriundus
1095 2943 1163 2977 suit
1187 2943 1370 2977 Prothous.
1401 2951 1436 2974 v.
1460 2937 1589 2980 Schol.,
1611 2938 1716 2983 Apol-

907 2988 978 3024 lod.
1004 2992 1038 3032 1,
1061 2991 1097 3032 9,
1121 2991 1178 3033 6.
1200 2987 1333 3033 Hygin.
1353 2987 1426 3021 fab.
1448 2985 1506 3020 97.
