1811 3269
605 145 1032 185 ΙΛΙΑΔΟΣ
1085 146 1121 184 Ι.

1641 147 1696 186 23

18 247 27 313 :l
207 256 297 300 ἔστι
327 257 374 300 δέ
402 271 478 308 μοι
507 254 623 309 μάλα
653 252 819 304 πολλὰ,
851 252 903 295 τὰ
931 252 1147 296 κάλλιπον
1179 250 1337 295 ἐνθάδε
1369 253 1529 307 ἒρὁν·

94 316 175 359 865
207 312 342 355 ἄλλον
372 309 416 354 δ’
450 310 627 353 ἐνθένδε
657 308 823 365 χρυσόν
850 310 923 352 καὶ
943 309 1116 377 χαλκὸν
1149 307 1358 363 ἐρυθρὸν,

22 378 25 432 i
204 368 281 425 ἠδὲ
308 370 522 437 γυναῖκας
552 367 794 419 ἐϋζώνους,
823 365 981 408 πολιόν
1015 383 1059 409 τε
1090 367 1283 435 σίδηρον,

21 442 25 503 ᾗ
207 426 390 494 ἄξομαι,
423 421 522 466 ἅσσ’
557 423 711 478 ἔλαχόν
739 439 805 478 γε·
836 422 980 492 γέρας
995 422 1039 466 δέ
1069 439 1166 477 μοι,
1198 421 1333 476 ὅσπερ
1366 421 1539 472 ἔδωκεν,

5 546 23 586 le
202 537 428 608 Ἀτρείδης.

0 602 9 615 '⁴
92 599 174 639 370

31 1296 75 1328 με
99 1297 130 1318 κ.
157 1284 293 1319 εἰπεῖν·
321 1298 349 1318 ω
375 1283 590 1329 Σώκρατες,
615 1281 771 1329 ἤματι
794 1297 843 1319 κε

33 1328 414 1375 τριτάτῳΦθίην
437 1330 672 1385 ἐρίβωλον
703 1333 844 1366 ι’.κοιο

34 1378 79 1412 cf.
106 1377 209 1421 Diog.
243 1377 357 1410 Laert.
384 1377 459 1410 vita
487 1377 663 1420 Socratis,
699 1377 774 1411 Cic.
801 1378 844 1410 de

32 1423 112 1458 Div,
139 1424 178 1462 1,
204 1424 286 1457 25ae
313 1424 346 1455 Ε
370 1425 420 1457 Cl.
441 1429 474 1457 et
496 1425 542 1456 11.

78 1491 293 1526 364-376.
330 1490 491 1549 ἔρῥων.
527 1490 585 1526 ἐπὶ
605 1489 762 1536 φθορὰν
774 1504 843 1525 πα-

33 1537 276 1582 ραγενὸμενος
293 1536 355 1572 διά
370 1536 414 1572 τὰ
435 1538 701 1582 ἐπισυμβαίνοι
706 1551 760 1573 τα.
780 1538 843 1581 (cf.

32 1584 86 1625 θ’,
110 1586 201 1623 239,
226 1595 301 1617 mox
325 1585 392 1619 377
413 1591 477 1618 etc.
501 1605 544 1609 —
571 1583 766 1627 πολιὸν,
787 1596 847 1617 crz-

31 1641 134 1671 uum,
158 1629 218 1674 qui
241 1635 296 1662 est
319 1630 414 1664 color
437 1630 534 1664 ferri.
573 1631 693 1675 Eurip.
708 1630 844 1664 Herad.

32 1676 133 1712 736³
166 1677 343 1710 κίνδυνον
375 1678 492 1721 πολιῷ
522 1680 643 1718 τεμεῖν
669 1676 843 1720 σιδάρῳ.)

33 1721 278 1766 ἀμφαδόν.
313 1720 376 1767 (η’,
401 1725 470 1757 243
487 1724 571 1766 etc.)
607 1722 844 1766 ἀναφανδὸν,

34 1781 219 1821 φανερως.
267 1767 414 1804 ἐπισκ.
442 1770 564 1812 (semel
589 1770 739 1811 dictum3
763 1769 844 1802 sim-

33 1816 112 1861 plex
138 1813 182 1855 δ’,
207 1814 265 1848 24.
301 1820 337 1848 et
366 1816 450 1848 alias
474 1815 634 1868 legitur.)
670 1812 843 1860 ὀργίζων-

34 1874 108 1896 ται
156 1857 338 1903 (ἀναιδ.
364 1860 427 1895 ἐπ
462 1859 509 1903 α’,
533 1860 619 1901 149,
643 1863 842 1906 supra231.

35 1908 253 1964 τετλαίη,
278 1907 400 1950 ausit.)
434 1906 610 1946 niv-503
633 1920 671 1941 π.
698 1909 726 1943 ἐ.
762 1910 843 1940 καί-

33 1967 102 1999 περ
128 1965 262 1996 αφρων
285 1951 500 1997 κ.α1αιδης
525 1951 588 1986 ω’ν.
615 1952 679 1995 (α’,
708 1955 783 1989 159.
798 1972 843 1977 -

34 1997 423 2044 ξυμφράσσομαι.
465 1998 511 2038 α’,
538 2000 616 2040 537,
650 1999 739 2040 540,
773 1999 842 2032 Od.

33 2046 80 2089 δ’,
104 2046 194 2087 462,
221 2045 266 2086 θ’,
290 2047 368 2080 202.
404 2058 469 2090 quo
489 2047 562 2079 loco
582 2056 644 2089 per
663 2058 699 2079 se
717 2025 843 2078 (lictum

33 2099 88 2127 est
113 2070 429 2135 συμφράζεσθαι.)
469 2089 644 2145 ἤλιτεν.
671 2090 843 2135 ἥμαρτεν.

33 2140 97 2183 (cf.
122 2137 175 2180 θ’,
199 2140 290 2180 361,
317 2137 362 2179 τ’,
386 2139 478 2179 265,
507 2137 574 2171 Ο(1.
599 2136 644 2178 δ’,
668 2140 736 2173 378
760 2139 844 2177 etc.)

32 2187 116 2218 8011.
164 2163 271 2225 άλις
295 2184 344 2220 δέ
369 2184 429 2220 οἱ
464 2164 525 2218 i’nt.
552 2183 651 2219 ἐστί.·
677 2184 761 2217 satis
791 2191 843 2217 est

33 2231 105 2273 illi,
129 2232 215 2265 satis
235 2232 352 2265 habet.
383 2249 430 2254 —-
464 2228 663 2274 ἕκηλος,
696 2231 843 2274 quietus,

33 2289 193 2332 fecturus,
218 2289 281 2312 nec
306 2277 489 2322 quidquam
515 2277 614 2322 pensi
639 2278 781 2318 habens,
807 2282 844 2309 ut

31 2334 196 2366 insanus,
221 2335 322 2370 quem
348 2335 424 2358 eum
450 2335 526 2358 esse
559 2322 647 2356 dicit
677 2326 844 2368 sequente

33 2381 151 2405 versu.

80 2439 159 2475 378.
206 2438 292 2473 τίω
318 2437 368 2474 δέ
401 2450 481 2482 μιν
511 2435 558 2472 ἐν
589 2435 741 2481 καρὸς
767 2435 842 2471 αἶ’-

34 2495 99 2531 σῃ.
133 2484 229 2519 locus
254 2490 508 2519 controversus.
531 2484 633 2518 Scha
668 2483 705 2518 ἐν
730 2484 845 2530 μοίρᾳ

34 2528 228 2574 θανάτου,
254 2544 305 2570 ως
327 2528 512 2569 θάνατον,
537 2531 844 2584 περιφραστικῶς.

36 2574 203 2621 (ἄλλως.)
226 2576 322 2618 τινὲς
351 2578 477 2622 (velut
500 2576 552 2617 iS,
585 2577 642 2630 qui
667 2576 846 2621 superiora

33 2622 259 2681 adscripsit.)
291 2623 559 2680 μετατρέπουσι
593 2619 634 2660 τὸ
670 2636 693 2657 α
727 2623 780 2678 εἰς
810 2635 844 2666 η,

38 2665 96 2722 fv?
120 2665 143 2715 ᾖ
165 2669 260 2707 κατὰ
283 2669 406 2715 κηρὸς,
430 2667 631 2709 ἀκούοντες
654 2668 748 2703 κατά
772 2670 846 2703 θα·-

38 2727 169 2750 ναῖον.
193 2714 340 2758 (rectius
364 2717 511 2751 dixisset
534 2714 628 2750 κατὰ
652 2717 759 2760 κῆρα,
781 2728 845 2749 κα-

37 2758 85 2796 τὰ
117 2758 298 2797 θάνατον.
344 2763 531 2797 miscentur
566 2775 590 2796 α
624 2767 660 2795 et
689 2762 770 2805 ος.)
808 2776 845 2805 η,

39 2805 90 2847 ὡς
115 2804 228 2850 ε’νιοι,
260 2807 298 2843 ἐν
321 2807 424 2852 τάξει
445 2807 705 2852 μισθοφόρου·
742 2820 844 2850 πρω-

38 2865 98 2888 τοι
119 2851 190 2911 γὰρ
214 2855 333 2898 Καρες
356 2854 583 2912 ἐπολέμησαν
616 2853 674 2889 ἐπὶ
706 2855 844 2900 μισθῷ,

39 2899 102 2935 καὶ
135 2898 268 2942 ἔδοξαν
302 2907 403 2937 εἰναι
423 2900 667 2958 ἀτιμότατοι.
733 2889 844 2934 malim

31 2944 274 2992 ἀτιμότεροι,
300 2948 335 2982 11.
359 2961 388 2984 e.
416 2946 554 2993 ἄτιμοι.
613 2948 663 2982 5ἰο
696 2950 732 2980 et
764 2945 843 2987 alii3

41 2992 102 3028 sed
127 2999 248 3028 neutra
273 2992 390 3030 harum
413 2994 734 3045 interpretationum
763 3003 844 3038 pro-

205 483 327 531 αὐτις
355 479 603 536 ἐφυβρίζων
633 480 750 522 ἕλετο
784 481 942 534 κρείων
970 477 1246 547 Ἀγαμέμνων

479 541 548 606 τῷ
579 535 709 579 πάντ’
743 535 1032 605 ἀγορευέμεν,
1063 533 1123 586 ὥς
1150 535 1366 585 ἐπιτέλλω,

205 591 431 667 οἶμφαδόν,
462 592 584 649 ὄφρα
614 593 687 636 καὶ
717 592 844 636 ἄλλοι
875 591 1190 645 ἐπισκύζωνται
1217 590 1390 646 Ἀχαιοὶ,

205 652 246 693 εἴ
271 649 369 692 τινά
397 666 488 693 που
518 654 712 692 Δαναῶν
743 649 803 693 ἐτι
837 650 1004 692 ἔλπεται
1035 647 1329 703 ἐξαπατήσειν,

206 706 300 751 αἰὲν
331 704 558 761 ἀναιδείην
588 706 852 761 ἐπιειμένος]
884 703 980 749 ουδ’
1015 704 1070 748 ἂν
1101 705 1244 759 ἔμοιγε

204 765 394 836 τετλαίη,
424 762 580 813 κύνεός
609 778 688 832 περ
720 763 826 812 ἐών,
859 764 918 813 εἰς
946 765 1044 805 ὦπα
1075 763 1258 811 ἰδέσθαι,

204 818 307 864 οὐδέ
334 822 375 862 τί
406 821 449 862 οἱ
478 818 644 891 βουλας
674 819 1037 888 ξυμφράσσομαι.
1070 818 1171 862 οὐδὲ
1201 816 1280 872 μὲν
1298 816 1460 885 ἔργον·

202 876 249 920 ἐκ
277 875 360 931 γάρ
393 875 459 946 δή
472 875 519 932 μ’
552 875 755 944 ἀπάτησε
774 877 847 918 καὶ
876 875 1042 931 ἤλιτεν,
1075 873 1173 918 ουδ’
1208 873 1263 916 ἀν
1296 872 1354 915 ἐτ’
1391 874 1516 921 αὐτις

202 930 459 988 ἐξαπάφοιτ’
493 933 687 976 ἐπέεσσιν
718 931 830 989 (ἅλις
863 933 908 977 δέ
941 935 1028 984 οἷ),
1063 931 1168 975 άλλα
1201 930 1355 997 ἕκηλος

200 989 384 1044 ἐρρέτω·
412 989 459 1032 ἐκ
488 988 571 1045 γάρ
603 991 652 1032 εὑ
683 992 847 1043 φρένας
877 991 1012 1033 είλετο
1042 990 1218 1059 μητίετα
1249 985 1372 1037 Ζεύς.

202 1045 339 1115 ἐχθροὶ
370 1046 415 1088 δέ
447 1062 523 1101 μοι
551 1062 631 1088 του
664 1048 808 1099 δῶρα,
841 1048 917 1089 τίω
950 1047 994 1090 δέ
1025 1063 1101 1100 μιῑ
1132 1045 1178 1088 ἐν
1207 1043 1345 1096 καρὸς
1375 1043 1487 1097 α’ίσῃ

201 1101 304 1145 οὐδ’
335 1103 376 1145 εἴ
401 1119 477 1157 μοι
508 1103 681 1153 δεκάκις
712 1119 757 1145 τε
787 1104 861 1145 καὶ
892 1103 1110 1152 εἰκοσάκις
1139 1101 1247 1145 τόσα
1279 1101 1387 1155 δοίη,

87 1164 171 1204 380
203 1158 314 1203 ὅσσα
342 1159 385 1201 τέ
418 1160 462 1201 οἱ
490 1162 576 1202 νῦν
605 1159 713 1211 ἐστὶ,
745 1160 818 1202 καὶ
849 1161 888 1202 εί
914 1166 1057 1204 ποθεν
1090 1157 1199 1202 ἄλλα
1228 1157 1421 1213 γένοιτο·

891 1285 1001 1320 cedit:
1033 1297 1130 1325 nam,
1164 1284 1207 1317 de
1241 1285 1405 1326 correpto
1437 1293 1461 1313 α
1491 1277 1527 1311 in
1552 1275 1622 1318 κάρ
1646 1276 1702 1309 vel

891 1331 974 1374 Κὰρ
1004 1343 1046 1365 ne
1070 1332 1202 1371 dicam,
1237 1328 1328 1374 quod
1360 1326 1436 1361 fieri
1472 1335 1537 1357 non
1572 1328 1701 1368 potest,

890 1390 954 1412 nec
977 1391 1046 1418 καρ
1071 1378 1168 1410 Hom.
1196 1376 1286 1410 dixit
1311 1386 1372 1418 pro
1391 1384 1460 1417 κηρ
1480 1369 1618 1407 Dorice,
1638 1380 1702 1401 nec

890 1424 1064 1462 stioendia
1088 1428 1259 1456 merentes
1282 1430 1471 1464 servosque
1502 1416 1564 1460 (v,
1590 1416 1701 1448 Hero-

892 1471 963 1504 doti
993 1470 1141 1514 interpp
1173 1468 1216 1502 ad
1244 1466 1424 1509 1,145.)
1458 1462 1554 1496 novit
1581 1461 1701 1494 Cares.

891 1517 1040 1552 absurde
1068 1524 1181 1550 autem
1216 1512 1367 1547 nonnulli
1399 1509 1490 1555 apud
1524 1509 1552 1542 A
1584 1507 1701 1541 Schol.

892 1568 928 1597 et
952 1563 982 1595 E
1006 1560 1102 1604 κάρα
1122 1562 1197 1594 sive
1223 1560 1356 1604 ἕγκαρα
1394 1555 1620 1611 (scribebant
1652 1552 1702 1585 illi

894 1609 1045 1654 ἐγκαρος
1070 1608 1180 1653 αἴσῃ)
1216 1606 1420 1641 intellexere
1447 1599 1514 1636 τὸν
1546 1602 1701 1645 φθεῖρα,

888 1656 1106 1709 Ρεᾱὶοιιῖιιτης
1131 1644 1189 1686 alii
1214 1664 1281 1686 non
1306 1651 1413 1685 minus
1439 1647 1625 1682 delirantes
1643 1657 1701 1679 co-

891 1702 1046 1746 gitarunt
1071 1700 1244 1744 εγκαρον,
1271 1698 1466 1736 cerebrum,
1491 1692 1613 1727 vocab.
1641 1692 1701 1725 Al-

891 1747 966 1782 caei
991 1747 1126 1780 Anthol.
1152 1745 1265 1779 Palam.
1293 1745 1324 1778 2.
1353 1755 1386 1787 p.
1414 1720 1490 1775 184.
1523 1744 1558 1773 et
1588 1738 1702 1782 Lyco-

893 1794 1034 1839 phronis
1058 1791 1171 1832 1104.
1197 1791 1279 1836 quia
1297 1790 1370 1823 scil.
1390 1786 1615 1821 Athenienses
1634 1795 1702 1818 non

891 1852 983 1873 com
978 1839 1129 1880 debant,
1155 1837 1220 1871 imo
1246 1849 1288 1869 ne
1312 1834 1532 1868 nominabant
1555 1830 1702 1878 quidem,

891 1891 931 1920 ut
955 1888 1073 1928 ajunt,
1098 1885 1273 1918 cerebrum
1298 1882 1488 1969 pecudump3
1513 1889 1582 1923 qua
1604 1877 1647 1910 de
1664 1888 1702 1909 re

890 1931 1019 1965 videsis
1044 1929 1242 1975 Apollodori
1267 1930 1422 1981 fragium.
1484 1922 1617 1959 ..1148
1646 1922 1701 1956 ed

891 1977 965 2021 He)
962 1989 1002 2010 11.
1030 1978 1151 2017 merito
1178 1976 1263 2008 haec
1288 1972 1409 2017 rejecit
1430 1972 1502 2011 Cl.‚
1528 1982 1592 2003 nec
1617 1969 1703 2002 male

891 2023 1004 2066 καρὸς
1035 2022 1152 2057 retulit
1188 2022 1231 2054 ad
1257 2034 1328 2054 aar
1332 2031 1418 2063 ρης
1451 2029 1470 2051 a
1503 2027 1580 2069 quo
1601 2015 1701 2048 initio

892 2082 931 2115 p,
917 2071 1068 2103 ofectus
1101 2069 1134 2102 H
1160 2064 1200 2101 τὸ
1226 2065 1296 2107 κὰρ
1328 2066 1403 2099 sive
1438 2063 1502 2098 τὸν
1535 2059 1630 2104 κάρα
1655 2061 1702 2094 51-

890 2116 1075 2170 gnificasse
1098 2113 1176 2148 olim
1193 2114 1388 2157 suspicatur
1405 2109 1446 2145 τό
1463 2106 1700 2152 κεκαρμένον,

891 2176 956 2206 την
982 2159 1207 2205 κεκαρμένην
1232 2162 1358 2203 τρίχα,
1383 2158 1548 2201 capillum
1569 2166 1700 2196 rasum,

891 2207 1171 2254 quemadmodum
1196 2205 1238 2240 τὸ
1266 2202 1416 2246 άκαρες,
1447 2201 1622 2247 Hes->chio
1647 2205 1700 2233 at-

891 2267 959 2300 que
995 2253 1215 2311 Etymologo
1247 2250 1520 2303 interpretibus,
1561 2252 1616 2281 est
1657 2245 1700 2281 τό

890 2299 1031 2347 βραχυ,
1071 2296 1092 2335 ὃ
1132 2296 1221 2334 οὐδε
1262 2301 1383 2343 κεῖραι
1424 2294 1508 2331 οἶόν
1548 2293 1700 2338 γε.01“.

891 2346 1012 2381 Valck.
1040 2346 1084 2379 ad
1115 2346 1267 2379 Ammon.
1305 2347 1346 2385 1,
1379 2342 1413 2377 4.
1458 2340 1551 2375 haud
1584 2340 1703 2385 inepte

891 2393 994 2427 etiarn
1027 2391 1069 2427 τὸ
1102 2405 1172 2435 καρ
1203 2389 1414 2425 intellexeris
1436 2388 1579 2422 floccum
1603 2386 1703 2419 lanae

890 2440 1079 2480 detonsae,
1103 2450 1171 2483 quo
1196 2448 1297 2471 sensu
1321 2435 1438 2469 Latini
1465 2433 1584 2467 dicunt
1598 2433 1704 2477 flocci

892 2487 1043 2530 aliquem
1055 2488 1178 2528 facere
1201 2483 1256 2516 vel
1279 2484 1495 2525 nonfacere.
1546 2491 1579 2512 v.
1609 2479 1702 2511 Gro-

891 2544 970 2565 nOV.
995 2543 1072 2565 ann.
1099 2531 1142 2564 ad
1169 2530 1281 2563 Plaut.
1309 2529 1390 2561 Cas·
1406 2529 1440 2570 2,
1467 2526 1501 2569 5,
1526 2526 1584 2560 39.
1625 2529 1703 2557 utut

892 2578 978 2611 haec
1003 2589 1040 2610 se
1065 2577 1213 2616 habent,
1246 2575 1418 2613 indicatur
1443 2571 1611 2606 vocabulo
1635 2584 1701 2604 κα-

892 2623 974 2667 ρός
981 2634 1037 2658 res
1062 2623 1227 2657 vilissima
1252 2622 1419 2664 homoque
1443 2618 1540 2652 nihili
1566 2621 1602 2650 et
1625 2617 1700 2649 nul-

891 2670 958 2704 lius
992 2667 1117 2714 pretii,
1152 2666 1263 2712 qualis
1295 2665 1422 2700 Achilli
1452 2675 1530 2697 esse
1562 2662 1701 2696 videtur

890 2718 1131 2760 Agamemnon.
1180 2714 1305 2746 Voss..·
1329 2712 1436 2756 grain
1456 2710 1533 2743 sind
1549 2710 1615 2741 mir
1634 2709 1701 2742 sei-

890 2774 933 2796 πε
959 2760 1157 2806 gcschcnk',
1187 2759 1258 2792 und
1289 2759 1345 2791 ich
1375 2757 1472 2790 acht'
1503 2756 1564 2788 ihn
1591 2755 1702 2787 selber

889 2809 984 2841 nicht
1005 2819 1047 2839 so
1060 2807 1162 2840 vzel
1206 2804 1297 2860 quod
1319 2808 1499 2861 praeterea
1513 2802 1580 2834 huc
1593 2800 1701 2834 traxit

891 2847 1170 2895 Cl..,‹'>2n0191‚o
1195 2849 1240 2896 δὴ
1269 2852 1373 2885 δοκεῖ
1393 2847 1580 2906 ἐλάχιστον
1604 2844 1701 2883 εἶναι

890 2900 966 2934 τῶν
988 2898 1091 2942 ζώων
1114 2897 1286 2938 πάντων,
1311 2892 1440 2932 λευκὸν
1464 2894 1526 2928 καὶ
1555 2890 1699 2936 μικρὸν,

890 2951 929 2980 ut
965 2945 1086 2979 scribit
1114 2943 1256 2978 Aristot.
1284 2943 1328 2976 H.
1352 2944 1390 2975 A.
1418 2942 1459 2982 5,
1486 2942 1541 2975 26
1567 2951 1600 2985 p.
1621 2940 1698 2976 239-

892 2993 947 3027 ed.
966 2990 1188 3031 Schneider„
1215 2988 1360 3023 alienum
1377 2966 1538 3021 arbitror.
