1811 3269
610 190 1036 232 ΙΛΙΑΛΟΣ
1100 189 1153 229 Ε.

196 308 269 350 καὶ
299 306 376 350 τόν
403 303 494 373 μὲν
511 300 617 356 μετὰ
647 300 793 357 χερσὶν
822 298 1035 353 ἐρύσσατο
1072 300 1237 353 Φοῖβος
1264 295 1482 341 Ἁπόλλων

83 367 166 409 345
195 363 360 432 κυανέῃ
389 376 437 403 νε
441 359 576 428 φέλῃ,
612 359 736 414 μήτις
765 359 959 399 Δαναῶν
987 354 1257 426 ταχυπώλων

195 417 376 489 χαλκὸν
384 417 448 459 ἐνὶ
478 415 683 483 στήθεσσι
713 412 869 482 βαλών
890 412 938 455 ἐκ
967 413 1118 466 θυμον
1148 411 1313 455 §stotto-

195 480 249 533 τῇ
280 473 321 517 δ’
354 473 421 517 ἔπι
452 472 625 542 μακρόν
655 470 761 514 ἅύσε
791 469 903 526 βοὴν
934 466 1102 523 ἀγαθὸς
1131 469 1379 524 Διομήδης·

70 1234 150 1269 347.
182 1235 238 1291 τῇ
264 1236 284 1268 δ
329 1232 416 1268 ἐπι.
449 1246 482 1269 v.
510 1246 588 1268 ann.
616 1235 658 1268 ad
686 1237 763 1270 101.

70 1280 150 1315 349.
179 1277 200 1322 ἢ
226 1277 311 1325 οὐχ
336 1278 451 1320 ἅλις.
470 1281 649 1326 synizesis.
661 1293 695 1315 v.
708 1282 834 1315 matth.

26 1327 59 1367 §-
82 1328 148 1367 56,
176 1328 243 1360 Th
268 1339 301 1372 p.
329 1328 414 1368 181,
440 1327 494 1361 Cl.
519 1333 588 1361 etc.
612 1325 756 1373 -ἦπ,
789 1326 834 1372 γ’,

23 1372 90 1414 39,
114 1352 194 1407 399.

72 1430 142 1466 350
164 1441 264 1475 sequ.
313 1431 365 1463 sin
389 1431 465 1474 ipsa
485 1430 570 1463 bello
591 1430 756 1464 interesse
776 1441 836 1463 vo-

27 1476 149 1517 lucris,
171 1479 325 1520 profecto
347 1481 380 1509 te
411 1477 535 1509 bellum
558 1477 693 1520 quidem
723 1479 837 1520 refor-

27 1522 241 1555 midaturam
275 1523 473 1568 (posthac)
507 1533 578 1556 esse
602 1523 772 1563 arbitror,
807 1523 838 1555 si

28 1569 83 1601 vel
109 1570 249 1602 aliunde
286 1569 443 1622 (tantum
472 1569 514 1601 de
531 1568 609 1623 eo)
649 1569 836 1602 audiveris.

26 1613 131 1647 Sch-:
164 1635 209 1640 —
234 1612 253 1650 ὁ
281 1613 320 1650 δὲ
343 1612 472 1658 λόγος
497 1611 563 1649 εἀν
586 1612 701 1649 πάλιν
726 1613 837 1660 ἔλθῃς

28 1660 80 1699 εἰς
101 1659 288 1705 πόλεμον,
320 1660 524 1704 τηνικαῦτά
547 1673 584 1696 σε
608 1674 729 1701 κακως
753 1660 837 1696 διά-

27 1708 167 1749 θωμαι,
194 1706 243 1748 ιὸς
265 1707 326 1742 καὶ
351 1705 487 1742 ἄλλοθί
508 1720 583 1742 πον
610 1707 774 1752 πόλεμον
796 1707 838 1743 ἆ-

0 1774 1 1778 =
26 1752 214 1789 κούσασαν
236 1751 505 1799 εὐλαβηθῆναι.

73 1812 162 1853 352,
187 1813 220 1869 3.
270 1809 336 1846 οἷλ.
370 1808 638 1856 ἁδημονοῦσα,
670 1811 733 1847 καὶ
757 1811 839 1847 οἷον

0 1872 3 1880 ·
28 1856 135 1893 λύσιν
158 1857 209 1913 μὴ
240 1856 461 1902 ευρίσκονσα
494 1860 569 1893 τῶν
594 1859 729 1892 κακῶν.
754 1859 837 1893 Sch.

0 1905 3 1927 ἱ
30 1903 80 1937 E:
102 1903 143 1939 τό
171 1901 299 1940 ἆλύω
327 1903 371 1939 οὐ
400 1904 517 1948 μόνον
541 1903 602 1940 ἐπὶ
625 1903 764 1960 λύπης,
792 1918 840 1945 ως

0 1948 201 1986 ’ἐνταῦθα
232 1947 255 1995 ἡ
284 1950 383 1995 'Arpo-
416 1949 568 1996 ἀπέβη
610 1948 836 2010 οἷλΗύουσα,

29 1998 216 2053 τείρετο
242 1995 283 2032 δ’
311 1998 478 2038 αἰνως,
502 1996 593 2033 α’λλα
616 1997 678 2032 καὶ
699 1997 756 2032 ἐπὶ
776 2011 840 2043 χα-

0 2033 5 2069 ι
32 2046 120 2087 ρᾶς,
145 2057 198 2084 ως
222 2042 261 2079 ἐν
280 2040 480 2091 Ὀδυσσεία
504 2042 567 2088 (δ’,
591 2045 691 2088 332)
717 2043 755 2079 ἐν
776 2045 839 2105 τῷ,

0 2088 207 2131 ’ἀλύεις
241 2086 313 2125 ότι
339 2081 468 2134 ῗἸρον
490 2069 742 2146 ἐνίᾈκησας
778 2091 841 2126 καὶ

0 2141 6 2159 ’”
31 2136 272 2181 Πλούταρχος
297 2134 337 2171 δε
362 2135 572 2180 κατακόρως
594 2135 691 2173 ου’τω
712 2138 842 2181 χρῆται

0 2183 76 2230 ”τῇ
98 2183 203 2226 λέξει.
234 2203 279 2208 --
311 2188 425 2217 annot
453 2184 499 2217 H.
512 2208 522 2224 ‚
555 2184 746 2227 generatim
779 2185 843 2218 hoc

32 2220 198 2265 vocabulo
221 2229 411 2274 significari
435 2234 580 2263 mentem
601 2230 644 2263 de
669 2234 762 2263 statu
782 2231 842 2264 de-

0 2283 9 2290 ·
29 2277 175 2321 jectam,
211 2287 272 2309 seu
306 2287 483 2317 moerore,
519 2287 578 2310 seu
615 2276 762 2319 gaudio,
807 2280 842 2310 et

0 2302 207 2378 “plerisque
238 2321 468 2377 grammaticis
500 2322 693 2355 derivatum
730 2322 843 2356 videri

0 2358 10 2391 ¹
34 2380 56 2403 a
77 2366 200 2411 λύειν,
236 2368 333 2412 quasi
367 2365 468 2403 οἷλύω
503 2368 548 2401 sit
571 2367 762 2411 έκλέλυμαι
786 2369 843 2401 vel

0 2411 10 2439 l·
33 2415 194 2460 quiddam
225 2413 345 2447 simile.
385 2434 431 2438 —
475 2415 636 2455 αἰνῶς.
681 2413 728 2458 α’,
762 2416 842 2450 555.

0 2463 136 2506 (Ιρις
159 2458 442 2505 ποδήνεμος
479 2459 524 2507 β’,
549 2462 629 2497 786.

0 2498 12 2532 f'
78 2517 159 2555 354.
209 2516 314 2562 (ἐχθ.
357 2517 615 2562 ὀδυνωμένην,
661 2516 842 2563 βαρονμέ-

4 2600 8 2610 ‚
35 2577 115 2610 νην.
145 2583 192 2589 -
232 2567 326 2623 μελ.
363 2565 476 2608 μέλαν
501 2565 679 2610 (lividum)
705 2564 747 2600 τό
774 2564 843 2598 σῶ-

0 2615 14 2636 f·
34 2623 88 2656 μα
110 2609 226 2655 αὐτῆς
250 2609 431 2655 ἐγίγνετο,
465 2625 484 2646 ο
511 2611 608 2647 ἐστιν
632 2611 844 2646 ἐπελιδνον-

0 2660 14 2693 ἕ·
36 2670 79 2693 το
104 2656 148 2693 τὰ
172 2657 285 2692 καλὸν
310 2656 427 2703 αὐτῆς
450 2669 566 2702 σωμα.
589 2658 672 2691 Sch.

82 2715 162 2750 355.
211 2713 280 2750 ἐπ’
307 2714 374 2758 ἀρ.
416 2715 474 2752 ἐπὶ
497 2714 539 2752 τὸ
565 2714 757 2759 ἀριστερὸν
780 2716 845 2760 τῆς

37 2759 156 2818 μάχης
187 2761 305 2804 μέρος.
336 2763 417 2796 Sch.
461 2774 568 2807 supra
600 2765 657 2798 36.
687 2763 722 2796 id
755 2741 843 2796 dixit

38 2805 100 2842 ἐπ’
123 2805 266 2850 ἠϊόεντι
288 2807 535 2853 Σκαμάνδρῳ,
560 2809 717 2854 quoniam
734 2809 843 2852 Troja

63 2853 271 2887 roficiscenti
300 2866 421 2889 versus
455 2867 548 2889 mare
580 2856 752 2900 Aegaeum
787 2854 843 2888 vel

75 2899 294 2942 ellespontum
319 2901 361 2933 ad
385 2901 556 2935 sinistram
582 2908 658 2935 erat
679 2902 845 2934 Scaman-

0 2939 19 2960 n‘
40 2945 127 2985 ἀει,
161 2945 284 2978 Simois
320 2950 430 2980 autem
466 2948 511 2980 ad
553 2947 732 2987 dextram,
777 2958 844 2990 quo

39 2996 202 3036 superato
227 3002 293 3025 non
317 2991 365 3024 ita
394 2993 492 3026 brevi
514 2993 640 3027 itinere
665 2993 846 3039 pervenie-

0 3031 20 3053 ³'
41 3035 143 3071 batur
168 3037 211 3072 ad
237 3041 351 3071 castra
374 3038 588 3073 Graecorum
612 3044 647 3073 et
671 3040 845 3084 Trojano-

281 528 438 583 ,,Εἶκε,
469 529 577 580 Διὸς
605 528 816 584 θύγατερ,
849 525 1043 579 πολέμου
1070 527 1143 568 καὶ
1154 528 1431 595 δηϊοτῆτος]

193 586 222 643 ἢ
250 587 332 642 οὐχ
363 586 478 638 ἅλις,
511 585 603 629 ὅττι
631 589 842 654 γυναῖκας
872 581 1109 632 ἀνάλκιδας
1139 581 1449 652 ἠπεροπεύεις,

82 647 165 690 350
196 645 232 687 εἰ
263 644 308 686 δὲ
340 642 437 699 σύγ’
470 643 512 694 ἐς
540 641 732 698 πόλεμόν
762 639 1008 713 πωλήσεαι,
1032 640 1058 693 ἡ
1090 637 1134 680 τὲ
1164 636 1206 680 σ’
1240 637 1320 681 ὀΐω

196 699 390 756 ῥιγήσειν
419 699 613 756 πόλεμόν
641 715 712 755 γε,
742 697 815 742 καὶ
847 698 887 740 εἴ
912 693 957 751 χ’
988 695 1170 748 ἑτέρωθι
1200 693 1412 750 πύθηαι.“

244 769 382 811 Venus,
407 771 449 803 ab
473 770 566 803 Iride
589 769 733 809 educta,
763 766 885 800 Martis
911 777 1012 799 curru
1037 765 1081 798 ad
1107 764 1290 808 Olympum
1315 761 1514 802 revehitur,
1540 761 1598 796 ubi
1620 773 1690 796 ma-

163 819 217 848 ter
241 827 314 849 eam
340 816 435 849 fovet
459 816 592 855 Dione‚
617 815 694 848 aliis
719 793 783 846 diis
806 812 1043 846 irridentibus.

262 870 346 921 Ὣς
377 870 534 941 ἔφαθ’·
566 869 594 928 ἦ
627 869 671 915 δ’
703 866 889 914 ἀλύουσ’
922 866 1195 923 ἄπεβήσατο,
1226 866 1388 918 τείρετο
1421 863 1465 908 ’δ’
1497 865 1641 916 αἶνως.

195 944 276 997 την
305 928 384 981 μὲν
415 926 486 982 ἄρ’
510 923 615 981 Ἰρις
643 927 802 971 ἑλοῦσα
832 924 1076 995 ποδήνεμος
1107 920 1223 979 εξαγ’
1256 920 1428 977 ὁμίλου,

194 982 445 1053 αχθομένην
477 983 684 1053 ὀδύνησι·
717 985 940 1038 μελαίνετο
973 982 1019 1026 δὲ
1049 980 1162 1036 χρόα
1193 978 1343 1022 καλόν.

81 1043 183 1124 355*
195 1047 323 1094 εὑρεν
353 1040 498 1083 ἔπειτα
526 1040 663 1114 μάχης
692 1040 764 1085 ἐπ’
800 1038 1008 1094 ἀριστερα
1037 1042 1209 1090 θοῦρον
1230 1035 1373 1091 ”Αρηα

161 1096 378 1167 *η’μενον·
409 1095 508 1169 ἠέρι
538 1095 578 1141 δ’
612 1099 734 1153 ε’γχος
763 1097 951 1141 ἐκέκλιτο
981 1095 1055 1139 καὶ
1084 1092 1202 1150 ταχέ’
1237 1094 1368 1136 ι’ππω.

194 1153 222 1210 ἡ
255 1154 299 1197 δὲ
328 1153 434 1209 γνύξ
467 1155 681 1209 ἐριποῦσα
710 1153 993 1211 κασιγνήτοιο
1021 1153 1184 1208 φίλοιο,

880 1244 967 1275 rum,
979 1231 1285 1277 pugnabaturque
1279 1243 1312 1264 nn
1325 1240 1443 1275 campo
1455 1228 1547 1262 inter
1563 1231 1696 1262 utrum-

882 1291 951 1323 que
975 1279 1129 1312 fiuvium.
1179 1290 1209 1311 v.
1238 1277 1366 1322 Paynei
1392 1275 1564 1315 tabulam,
1595 1274 1697 1307 Cam-

883 1326 1351 1369 11131111.ρ.396.οί;ο.ελν
1385 1335 1426 1356 eo
1459 1333 1578 1365 campo
1613 1320 1697 1353 edu-

884 1376 975 1404 ctum
1000 1370 1114 1404 Pallas
1138 1371 1286 1404 Martem
1321 1370 1355 1402 in
1390 1368 1481 1422 rip-‘a
1495 1365 1698 1400 Scamandri

885 1416 1134 1457 collocaverat,
1170 1420 1205 1449 et
1230 1415 1385 1459 quidem,
1418 1412 1484 1447 nisi
1508 1413 1629 1454 fallor,
1661 1412 1697 1446 in

883 1463 1042 1504 sinistra,
1077 1463 1151 1495 sive
1183 1462 1373 1502 ulteriore,
1409 1471 1476 1505 quo
1510 1438 1645 1503 longitis
1676 1470 1698 1493 a

884 1508 1132 1564 proeliantibus
1158 1509 1307 1543 abesset.

928 1556 1006 1589 356
1057 1553 1280 1590 ἐκέκλιτο.
1313 1552 1464 1586 Scholl*
1485 1550 1614 1593 ἔκειτο,
1631 1564 1697 1587 πε-

882 1598 1060 1644 ριέκειτο,
1084 1602 1310 1644 περιειχετο,
1340 1596 1582 1638 ἐκεκάλνπτο,
1607 1609 1698 1643 quae

882 1654 962 1680 sunt
993 1646 1103 1681 omnia
1136 1646 1290 1691 optantis
1321 1645 1430 1690 magis
1463 1656 1564 1688 quam
1589 1645 1698 1677 inter-

885 1693 1065 1738 pretantis.
1116 1705 1173 1737 ap.
1197 1693 1312 1737 Etym.
1337 1704 1370 1725 v.
1376 1674 1585 1726 ιε’κεκλίαται
1606 1701 1697 1724 com-

884 1745 1090 1773 memoratur
1122 1738 1344 1778 ἐκέκλειστο,
1387 1749 1407 1771 a
1444 1739 1575 1779 κλείω,
1613 1734 1698 1772 αντὶ

883 1787 952 1821 τοῦ
977 1784 1222 1827 ἐκεκάλνπτο,
1256 1783 1564 1828 περιεκέκλειστο,
1594 1797 1698 1828 περι-

884 1831 1024 1874 έκειτο,
1058 1833 1115 1876 qui
1147 1843 1269 1866 sensus
1303 1836 1336 1864 et
1369 1831 1448 1865 huic
1475 1830 1591 1864 versui
1613 1842 1700 1864 con-

887 1879 1002 1919 venit,
1027 1884 1063 1912 et
1086 1879 1229 1912 inferius
1253 1880 1354 1917 709..
1381 1876 1420 1920 λ’,
1447 1879 1536 1921 371,
1564 1875 1616 1919 π,
1641 1878 1700 1919 68,

886 1923 938 1969 φ’,
965 1927 1030 1964 18,
1055 1923 1099 1968 χ’,
1123 1926 1157 1960 3.
1191 1924 1388 1969 suspicatur
1411 1903 1518 1967 igitur
1542 1924 1598 1965 H,
1623 1925 1700 1958 κλί-

886 1984 940 2006 ειν
963 1982 1023 2004 seu
1046 1971 1124 2004 κλιι
1127 1983 1181 2005 ειν
1206 1970 1295 2003 idem
1319 1971 1372 2016 τῷ
1397 1971 1530 2005 κλείειν
1558 1981 1701 2005 sonasse

887 2016 1039 2061 antiquis
1067 2016 1152 2050 illis:
1185 2017 1246 2050 sed
1273 2027 1342 2060 qua
1375 2015 1410 2049 id
1444 2017 1572 2050 factum
1601 2021 1703 2060 putet

888 2062 1066 2106 analogia,
1092 2074 1159 2096 non
1184 2063 1283 2096 dixit.
1326 2062 1392 2095 imo
1423 2063 1612 2096 verisimile
1635 2066 1701 2105 est,

888 2115 1026 2142 veteres
1050 2120 1236 2154 usurpasse
1259 2108 1375 2143 κλέειν
1399 2120 1463 2153 pro
1492 2111 1624 2143 κλείειν
1648 2113 1701 2143 et.-

889 2156 956 2189 iam
991 2165 1092 2188 sensu
1127 2155 1334 2197 claudendi,
1357 2155 1510 2199 indeque
1543 2155 1702 2190 derivata

888 2199 1104 2245 κεκλήαται,
1144 2201 1387 2246 κεκλημένος,
1430 2200 1620 2244 ἐκέκλητο,
1666 2206 1704 2236 et

890 2251 1052 2291 correpta
1081 2248 1197 2281 vocali
1227 2248 1437 2290 κεκλέαται,
1475 2248 1702 2292 κεκλεμένος,

889 2293 1070 2336 ἐκέκλετο,
1097 2293 1362 2351 degenerasse
1351 2306 1385 2328 111
1412 2297 1615 2336 κεκλίαται,
1639 2307 1700 2329 κε-

888 2340 1074 2384 κλιμένος,
1098 2337 1268 2376 ἐκέκλιτο.
1316 2341 1418 2375 facile
1443 2341 1529 2375 haec
1553 2342 1702 2386 permix-

889 2393 924 2421 ta
949 2386 1101 2427 fuerint,
1124 2387 1408 2431 quemadmodum
1431 2388 1533 2421 hodie
1556 2400 1612 2433 ap.
1633 2389 1699 2422 Ae-

889 2434 1043 2477 schylum
1059 2432 1183 2478 Suppl.
1203 2433 1283 2469 846.
1308 2433 1434 2478 legitur
1456 2433 1578 2478 πόλιν,
1596 2433 1701 2478 Πύρ-·

889 2492 963 2524 γων
996 2480 1137 2526 βαθεία
1170 2482 1319 2526 μηχανῇ
1352 2480 1606 2526 κεκλειμένην,
1637 2481 1700 2515 sed

888 2527 925 2559 in
950 2515 1227 2569 Guelferbytano
1252 2527 1340 2561 libro
1365 2527 1587 2572 κεκλιμένην,
1605 2532 1647 2562 et
1665 2527 1700 2562 'm

889 2571 1049 2605 mediceo
1072 2572 1313 2628 κεκλῃμένην,
1339 2574 1429 2618 quod
1452 2574 1700 2608 restituendum

889 2628 966 2651 esse
998 2618 1153 2662 Tragico
1189 2616 1403 2664 ὁμηρίζοντι
1436 2632 1513 2653 sero
1547 2621 1700 2655 animade

888 2665 998 2704 verti3
1022 2676 1084 2698 nec
1109 2676 1189 2698 rara
1214 2670 1294 2700 sunt
1317 2671 1589 2711 permutatarum
1608 2667 1696 2700 inter

889 2721 926 2743 se
952 2722 968 2744 ε
992 2723 1014 2753 η
1039 2716 1075 2743 et
1099 2724 1112 2744 ι
1135 2711 1326 2745 litterarum
1352 2713 1524 2755 exempla;
1564 2725 1633 2756 qua
1656 2712 1700 2746 de

890 2767 928 2789 re
951 2756 1080 2789 videsis
1103 2768 1178 2790 cum
1203 2758 1308 2799 alios,
1335 2763 1406 2792 tum
1432 2759 1478 2791 G.
1504 2760 1535 2793 J.
1563 2759 1699 2793 Bekke-

890 2813 964 2836 rum
989 2802 1182 2847 Specimine
1206 2816 1279 2838 var
1303 2805 1382 2838 lect.
1409 2805 1572 2839 Philostr.
1591 2817 1624 2850 p.
1640 2806 1697 2839 71.

893 2854 928 2882 et
962 2859 1025 2882 nos
1057 2849 1182 2893 passim
1214 2851 1249 2884 in
1281 2851 1455 2885 annotatis
1492 2853 1535 2885 ad
1578 2852 1699 2895 poetas

891 2895 1046 2929 scenicos
1076 2907 1149 2936 εις
1182 2897 1225 2930 de
1255 2897 1368 2931 vocali
1402 2900 1512 2931 autem
1535 2900 1699 2940 correpta

893 2941 962 2974 Th.
986 2953 1019 2985 p.
1038 2943 1118 2977 221.
1143 2954 1283 2986 prorsus
1304 2943 1410 2987 igitur
1432 2944 1619 2986 ponendum
1642 2953 1696 2976 es-

893 2998 930 3021 se
954 2989 1008 3031 ajo
1035 2986 1216 3031 ἐκέκλετο,
1237 2991 1390 3023 clausum
1409 2993 1496 3031 erat,
1519 2990 1553 3023 h.
1575 3002 1604 3023 e
1630 2989 1698 3022 cir-

892 3033 1103 3075 cumdatum,
1129 3045 1191 3069 seu
1215 3035 1467 3070 circumfusum.
