1811 3269
134 934 487 969 ΕΚΤΟΡΟΣ
546 936 668 968 ΚΑΙ
719 935 1051 969 ΑΙΑΝΤΟΣ
1103 934 1577 971 ΜΟΝΟΜΑΧΙΑ.

237 1127 407 1169 Achivos,
434 1126 555 1171 aequis
580 1127 692 1161 adhuc
719 1129 773 1163 vel
800 1127 976 1174 prosperis
1002 1127 1105 1163 armis
1133 1131 1328 1171 certantes,
1355 1129 1481 1172 urgent
1504 1126 1638 1161 Hector
1658 1129 1694 1162 et

154 1173 277 1215 Paris,
301 1174 335 1207 in
360 1174 526 1219 proelium
554 1175 699 1209 reversi.

204 1243 282 1316 Ὠς
314 1265 446 1337 εἰπών
476 1265 650 1309 πυλέων
681 1264 881 1318 ἐξέσσυτο
914 1267 1125 1335 φαίδιμος
1143 1263 1326 1318 Ἕκτωρ,

189 1325 251 1391 τῷ
282 1321 324 1366 δ’
358 1320 433 1378 ἅμ’
464 1322 745 1378 Ἀλέξανδρος
775 1322 838 1366 κί’
870 1321 1107 1377 ἀδελφεός·
1141 1322 1187 1365 ἐν
1218 1321 1262 1365 δ’
1297 1319 1387 1377 ἄρα
1416 1323 1552 1378 θυμῷ

191 1377 439 1448 ἀμφότεροι
469 1380 668 1449 μέμασαν
703 1382 950 1433 πολεμίζειν
981 1379 1058 1436 η’ὁὲ
1089 1379 1317 1435 μάχεσθαι.

191 1434 250 1485 ὥς
280 1436 326 1479 δὲ
355 1437 460 1486 θεὸς
489 1436 706 1492 ναύτῃσιν
735 1438 1060 1493 ἐελδομένοισιν
1092 1437 1255 1479 ἔδωκέν

132 1495 158 1537 5
190 1495 349 1547 οὐρον,
382 1493 492 1563 ἐπὴν
519 1494 768 1550 κεκάμωσιν
796 1495 1016 1565 ἐϋξέστης
1026 1492 1231 1550 ἐλάτῃσιν

190 1549 357 1593 πόντον
388 1549 667 1621 ἐλαύνοντες,
700 1551 880 1610 καμάτῳ
914 1551 955 1594 6'
987 1550 1075 1594 υπὸ
1105 1556 1211 1619 γυῖα
1241 1549 1459 1602 λέλυνται,

154 1604 268 1678 *ὡς
286 1605 372 1660 άρα
406 1607 465 1649 mi
503 1607 725 1662 Τρώεσσιν
755 1598 1048 1664 ἐελδομένοισι
1079 1622 1292 1676 φανητην.

257 1663 388 1707 ’Ένθ’
421 1664 590 1720 ἑλέτην,
624 1664 646 1708 ὁ
678 1666 757 1718 μὲν
787 1666 891 1709 υἱόν
921 1665 1171 1721 Ἀρηϊθόοιο
1204 1663 1408 1718 ἄνακτος,

176 1717 317 1779 ’Ἀρνῃ
352 1721 610 1765 ναιετάοντα
641 1722 918 1776 Μενέσθιον,
949 1722 1003 1766 ὃν
1032 1719 1278 1777 κορυνήτης

65 1823 325 1859 Annotationes.
381 1826 465 1859 mire
491 1826 547 1867 H,
580 1827 739 1870 Bentlejo
773 1826 831 1860 ob-

0 1871 237 1914 :temperans,
273 1872 414 1905 verbum
439 1872 582 1906 πυλέων
617 1885 752 1918 semper
780 1873 834 1906 di-

22 1915 187 1960 syllabum
213 1928 288 1950 esse
313 1918 362 1951 ait
387 1930 441 1962 ap
466 1919 660 1957 Homerum,
687 1931 761 1952 cum
780 1919 833 1952 bis

21 1966 155 1996 tantum
179 1962 213 1996 id
239 1965 462 2008 usurpaverit
487 1968 600 2009 poeta
626 1965 656 1997 h.
677 1965 698 1997 l.
728 1971 764 1998 et
785 1963 833 2006 μ,

23 2006 128 2050 34Ο.,
152 2014 347 2054 neutroque
373 2011 407 2043 in
432 2011 505 2044 loco
525 2011 722 2044 adbibuerit
738 2011 834 2055 syni—

25 2055 132 2088 zesin.
184 2067 267 2089 sane
303 2056 441 2101 quidem
475 2057 702 2103 δισυλλάβως
743 2057 834 2091 dixit

22 2101 174 2143 θυρέων
200 2103 329 2147 Οό)55.
359 2102 409 2146 φ’,
436 2103 514 2144 47.,
549 2104 609 2137 sed
635 2105 725 2137 idem
758 2117 835 2149 τρι-

25 2146 213 2191 συλλάβως
237 2150 280 2182 ad
305 2150 458 2191 regulam
482 2150 606 2184 ibidem
631 2153 708 2185 191.

68 2196 188 2230 3—5.
224 2207 309 2228 unus
322 2195 468 2232 Vindob.
480 2197 728 2239 πολεμιζέμεν,
742 2195 835 2241 quod

23 2241 228 2275 malebatH.
249 2262 292 2266 —
313 2240 547 2285 μέμασαν.
572 2245 837 2286 προεθυμοῦν·

23 2300 79 2322 το.
140 2286 260 2322 ἐελδ.
301 2287 566 2336 ἐπιθυμοῦσιν.
609 2289 837 2348 (ἐὸωκένἔ

24 2334 112 2367 dare
139 2335 254 2378 solet.)
313 2336 409 2379 ἐν’ξ.
453 2337 493 2371 εὐ
532 2335 760 2394 ἐξεσμέναις,
796 2338 836 2371 εὐ

22 2379 384 2436 κατεσκευασμέναις.
420 2382 545 2418 ἐλάτ.
578 2387 660 2424 ταῖς
684 2383 839 2425 κώπαις,

24 2423 107 2506 ἒτῖι
107 2426 145 2470 ἐξ
169 2426 343 2464 ἐλατίνων
369 2428 488 2472 ξύλων
511 2429 838 2472 κατεσκευάζοντο.

54 2485 71 2507 c

71 2521 105 2554 7.
151 2517 225 2554 ‘cm'-
263 2520 338 2556 τοὶ
370 2522 566 2556 Ammonius
601 2521 640 2557 ἐν
668 2522 719 2569 τῷ
744 2521 839 2564 πρός

19 2563 253 2610 Ἄθηνοκλέα,
275 2571 365 2602 teste
384 2569 499 2602 Schol.
519 2572 557 2604 A.
596 2569 661 2602 H.
692 2569 839 2609 „debuit

25 2612 127 2646 etiam
146 2614 271 2647 lectum
296 2626 392 2656 esse,
396 2618 419 2633 ‘⁶
451 2615 838 2659 ἱιι(ιυῐ1;,,,φάνησαν

27 2668 101 2692 nam
125 2659 341 2725 subjicitur,
353 2661 589 2695 Aristarchum
619 2662 711 2695 duali
745 2663 839 2705 lege-

27 2714 66 2737 re
93 2707 298 2750 qucvrjtryvf‘
345 2708 500 2751 scripsit,
527 2708 660 2752 opinor,
686 2708 839 2741 Aristar-

28 2750 112 2785 chus
145 2751 334 2797 φανήτην,
374 2759 410 2787 ut
444 2753 591 2810 ἑλέτην,
627 2766 701 2787 cum
736 2757 839 2811 poeta

28 2795 183 2831 dedisset
199 2799 256 2833 τοὶ
275 2800 469 2855 φάνησαν,
487 2805 526 2834 ut
550 2798 757 2845 ἀμφότεροι
777 2799 840 2844 μέ-

27 2853 150 2886 μασαν
177 2844 230 2886 3.,
255 2847 309 2879 cui
328 2848 439 2880 satius
467 2851 519 2881 est
540 2847 622 2880 illud
649 2859 839 2881 accommo-

27 2888 104 2922 dari
129 2901 195 2924 uno
215 2891 307 2925 velut
325 2898 446 2927 tenore
471 2894 649 2928 orationis.

73 2936 116 2976 8,
140 2938 174 2971 9.
221 2936 382 2973 Nestoris
405 2940 637 2973 narrationem
660 2939 751 2972 infra
774 2939 841 2973 136

29 2998 68 3003 -
85 2982 161 3016 156.
189 2994 261 3016 cum
282 2983 375 3017 hisce
397 2992 653 3031 comparantem
666 2985 840 3029 mtelhge-

30 3037 69 3061 re
88 3039 229 3064 necesse
250 3033 321 3073 est,
345 3029 433 3066 huuc
455 3033 654 3068 Areithoum
673 3043 742 3066 non
757 3043 841 3065 eun-

881 1825 955 1859 dem
975 1830 1080 1869 atque
1099 1824 1190 1857 illum
1214 1834 1308 1864 esse,
1333 1822 1394 1855 sed
1414 1820 1504 1854 illius
1523 1819 1651 1861 filium,
1677 1831 1699 1856 3

880 1879 983 1917 patre
1007 1872 1230 1912 nominatum,
1257 1875 1396 1915 praeter
1416 1879 1540 1901 morem
1560 1845 1699 1911 quid’em

881 1920 1096 1951 Graecorum
1129 1919 1190 1960 (v,
1219 1928 1296 1949 ann.
1327 1916 1371 1948 ad
1394 1915 1570 1957 Aristoph.
1598 1914 1696 1947 Nub.

881 1964 980 2006 65.)‚
1015 1969 1050 1995 et
1076 1963 1227 2006 ejusdem
1265 1966 1423 2005 nepotem
1455 1959 1699 2001 Menesthium‚

881 2020 979 2054 quem
1012 2009 1111 2042 Paris
1138 2008 1278 2042 occidit.
1329 2007 1480 2040 suboluit
1505 2007 1570 2039 hoc
1599 2006 1700 2050 Κὸρ-

882 2055 984 2101 penio
1011 2060 1046 2087 et
1071 2055 1238 2099 Heyneo3
1273 2065 1339 2098 quo
1372 2053 1481 2086 minus
1515 2058 1700 2106 perspecto

881 2101 1059 2158 trepidant
1081 2100 1303 2144 grammatici.
1338 2105 1392 2132 est
1412 2099 1518 2142 igitur
1536 2112 1579 2133 ον
1597 2109 1702 2132 versu

881 2150 915 2183 9.
944 2145 986 2182 ὃν
1013 2144 1220 2191 Ἀρηίθοον.
1275 2146 1438 2191 regnavit
1462 2150 1574 2178 autem
1605 2150 1702 2178 uter-

883 2206 950 2238 que
972 2196 1088 2227 horum
1107 2195 1221 2234 Arne,
1247 2194 1332 2226 urbe
1357 2191 1533 2225 Boeotiae.
1567 2202 1600 2223 v.
1624 2201 1702 2224 ann.

885 2238 1104 2286 a‹1(3‘‚5o7.
1140 2241 1183 2274 de
1215 2238 1410 2295 antiquiore
1450 2237 1509 2271 illo
1538 2238 1702 2271 Are'ithoo

885 2288 986 2322 Scin:
1019 2283 1216 2331 Ἀρηΐθοος
1261 2283 1279 2319 ὁ
1321 2282 1511 2325 Βοιωτὸς,
1555 2281 1704 2326 α’ριστος

884 2334 959 2367 τῶν
984 2335 1068 2368 κατ’
1097 2332 1214 2368 αυτὸν
1235 2330 1473 2375 ανθρώπων,
1498 2329 1635 2374 διαβὰς
1653 2330 1704 2370 εἰς

881 2378 1075 2437 Ἀρκαὸιάν
1109 2375 1183 2425 (ἧν
1216 2378 1285 2424 γάρ
1320 2377 1510 2422 ἁψιμαχία
1543 2390 1598 2417 τις
1631 2375 1707 2412 ἐκεῖ

881 2424 1025 2470 Ἀρκάσι
1050 2428 1111 2462 καὶ
1140 2429 1342 2483 Βοιωτοῖς,
1381 2429 1457 2464 τοῖς
1490 2420 1614 2458 αὐτοῦ
1635 2437 1703 2458 πο-

885 2476 1020 2515 λίταις,
1055 2474 1137 2517 περὶ
1170 2473 1268 2517 ὅρων
1293 2472 1410 2517 γῆς),
1442 2472 1614 2515 πλέίστην
1647 2468 1704 2505 ἐν-

885 2521 1021 2555 τεῦθεν
1045 2519 1272 2563 κατεσύρατο
1308 2521 1421 2553 λεί.αν
1469 2516 1703 2574 καταφρόνη-

886 2579 942 2601 σιν
966 2566 1006 2602 δὲ
1033 2566 1153 2603 αὐτοῦ
1177 2564 1339 2611 μεγάλην
1370 2563 1593 2622 ἐμβαλόντος
1625 2568 1705 2604 τοῖς

879 2611 1045 2658 Ἀρκάσι
1081 2616 1316 2658 Λυκοῦργος,
1362 2609 1380 2647 ὁ
1423 2613 1497 2646 τῶν
1534 2610 1704 2645 ἐντανθα

884 2659 1078 2704 κράτιστος
1104 2660 1220 2705 ἀνὴρ,
1255 2660 1365 2703 λόχον
1397 2659 1561 2698 καθίσας
1586 2656 1702 2692 αυτόν

885 2720 924 2742 τε
949 2706 1092 2749 ἀνεῖλε,
1125 2709 1188 2743 καὶ
1222 2705 1296 2763 τήν
1321 2706 1549 2761 παντευχίαν
1582 2702 1701 2738 αὐτου

885 2766 978 2798 μετα
1003 2756 1068 2799 τῆς
1092 2753 1266 2811 κορύνης
1279 2751 1397 2798 ἔλαβε,
1421 2753 1483 2786 καὶ
1508 2749 1576 2796 τὴν
1601 2751 1702 2785 λείαν

885 2799 1158 2837 ἐπανεσώσατο.
1207 2799 1229 2845 ἡ
1256 2799 1399 2843 ἱστορία
1423 2797 1527 2840 παρὰ
1550 2795 1702 2839 Φερεκύ-

886 2849 945 2893 δῃ.
995 2848 1154 2882 similiter
1176 2847 1229 2889 E,
1254 2847 1343 2886 τούς
1363 2843 1559 2885 παλαιονς,
1585 2848 1623 2877 ut
1639 2843 1701 2884 ait,

886 2899 1036 2928 secutus.
1079 2894 1206 2928 tertius
1231 2893 1366 2937 quidam
1386 2891 1570 2925 Arei'thous
1594 2889 1701 2923 nomi-

886 2946 990 2973 natur
1014 2938 1061 2982 ν’,
1087 2942 1168 2975 487.
1227 2944 1378 2973 ceterum
1413 2938 1512 2971 clava
1544 2936 1612 2969 fuit
1646 2947 1702 2969 ar-

886 2998 1016 3020 morum
1042 2997 1170 3031 genus,
1206 2997 1274 3027 quo
1306 2995 1374 3018 non
1398 2984 1506 3017 solum
1531 2982 1702 3015 Hercules

887 3033 1060 3077 (Theocr.
1083 3034 1142 3075 25,
1171 3032 1240 3068 207
1262 3031 1410 3073 -210,
1436 3028 1700 3074 Soph Trac11
