1811 3269
201 454 464 524 θυγατέρες,
497 448 758 519 μνησαίαθ’,

3 567 5 577 -
0 365 7 560 ...—-.,—..
2 200 8 352 h--a

30 637 168 672 causale
203 641 257 671 est
289 635 351 679 δὲ,
387 640 426 670 ut
460 636 601 681 passim.
643 655 689 660 -
730 636 842 680 μυθ.

29 683 275 742 μυθήσωμαι.

76 731 155 765 490.
192 728 292 774 ἄῤῥ.
318 724 738 772 ἅδιαῤῥηκτος,στερεά.
761 727 845 780 (un-

31 778 261 810 verwilstlich.
288 777 345 831 W.
357 776 374 819 )
407 775 456 808 Ε.
491 775 693 819 σημείωσαι
720 771 760 807 δε
787 770 842 806 ότι

32 822 77 857 τὸ
104 821 236 867 φωνὴ
265 818 306 857 δ’
333 819 434 866 ἄῤῥ.
462 823 537 874 ειή
569 820 704 863 (lenius
731 818 847 852 Latini

36 869 154 902 dicunt
175 871 354 913 pulmones
380 866 499 911 rumpi.
538 879 570 900 v.
597 867 662 910 H.)
688 865 847 900 δέδωκιν

34 914 212 960 ἀφορμήν
245 917 325 953 τοῖς
348 916 532 953 Στωϊκοῖς
556 914 626 948 τοῦ
656 914 762 956 σῶμα
793 911 848 946 λε’-

33 974 111 1007 γειν
141 961 209 1016 τήν
247 959 397 1005 φωνήν·
436 958 615 1001 σωμάτων
647 973 718 1004 yoo
753 957 850 993 εἶναι

35 1010 142 1043 δοκεῖ
159 1005 199 1043 τὸ
224 1006 448 1051 ῥήγνυσθαι.
474 1006 538 1049 (ἒ)
564 1026 609 1031 --
635 1006 712 1048 „sic
736 1005 849 1040 omnia

34 1059 121 1088 vett.
146 1054 300 1099 reperire
325 1054 391 1086 sibi
417 1052 623 1086 videbantur
642 1064 697 1097 ap.
720 1052 849 1085 Homf‘

34 1101 94 1135 W.
119 1100 218 1144 Virg.
245 1101 379 1144 Georg.
407 1101 441 1139 2,
464 1098 521 1133 43.
548 1103 583 1132 et
602 1100 684 1132 Aen.
700 1100 732 1140 6,
747 1099 847 1134 625:

37 1147 141 1189 Non,
167 1147 254 1179 mihi
277 1146 307 1179 si
328 1148 474 1190 linguae
495 1151 631 1179 centum
652 1146 743 1185 sint,
769 1156 850 1178 οια-

36 1205 101 1238 que
134 1198 291 1233 centnm,
328 1193 459 1226 Ferrea
489 1203 554 1224 vox
586 1197 654 1225 etc.
704 1170 847 1232 M'ocles‚

36 1239 184 1283 scriptor
203 1239 362 1272 Persicus
388 1239 503 1282 (Mille
523 1243 554 1270 et
573 1239 721 1280 unjour,
748 1242 777 1274 1.
796 1242 849 1271 to-

39 1297 113 1327 me,
138 1285 249 1326 Lille,
276 1297 309 1329 p.
336 1285 429 1328 120:
462 1285 580 1328 quand
599 1285 749 1327 j'aurois
774 1289 850 1317 cent

38 1331 182 1365 'bouches
203 1336 236 1364 et
254 1333 342 1364 dans
361 1331 514 1363 chacune
532 1336 609 1364 cent
630 1332 789 1374 langues,
810 1331 850 1373 je

37 1390 81 1411 ne
101 1378 258 1421 pouiroz's
282 1389 364 1410 vous
390 1382 506 1410 contet·
523 1381 634 1411 tontes
653 1378 701 1410 les
717 1377 851 1410 actions

36 1425 245 1470 genereuses
261 1436 323 1479 qu
307 1423 346 1456 'il
365 1435 388 1456 α
404 1424 529 1466 faites.

85 1469 167 1505 491.
203 1468 325 1514 εἰμὴ
349 1469 648 1513 μνησαίατο,
674 1469 852 1512 nisiforte

38 1522 310 1550 commemorent.
360 1516 557 1549 reverentia
602 1494 749 1559 qu’adam
789 1515 853 1548 hoc

39 1563 222 1597 Musarum
245 1563 352 1603 dixit,
380 1574 447 1606 quo
473 1562 526 1594 vel
551 1560 791 1594 difficillimum
818 1565 854 1593 et

39 1608 98 1650 id,
132 1608 224 1653 quod
258 1609 421 1642 humanas
445 1607 539 1640 vires
567 1608 669 1651 longe
695 1607 853 1648 excedat,

40 1654 135 1689 effici
170 1665 271 1699 posse
304 1654 479 1698 significet
510 1654 644 1687 illarum
670 1665 755 1698 ope,
789 1665 854 1687 nec

0 1708 1 1711 ’
39 1700 224 1746 quidquam
259 1700 528 1745 desperandum,
567 1700 658 1745 quod
691 1707 760 1733 tam
790 1712 853 1745 po-

0 1783 1 1786 *
39 1752 152 1781 tentes
172 1747 259 1781 deae
280 1746 505 1791 susceperint.
541 1752 642 1780 cavet
653 1752 764 1779 tamen
782 1758 852 1780 rem

43 1793 211 1838 ejusmodi
244 1793 410 1827 infinitam
447 1805 488 1827 ac
511 1793 687 1826 molestam
713 1798 810 1837 petat
835 1804 856 1826 a

0 1842 1 1879 Ξ
39 1838 175 1881 Μιι5ἰ5;
217 1840 280 1873 sed
321 1839 428 1873 duces
470 1845 603 1873 tantum
639 1839 855 1873 Graecorum

0 1894 1 1899 ¹
42 1897 244 1920 enumerare
267 1886 342 1919 illas
365 1887 479 1929 jubet,
504 1896 588 1941 qups
607 1885 748 1918 militum
770 1886 856 1919 mul-

0 1951 1 1967 l
43 1932 185 1966 titudini
206 1943 384 1990 oppopens
409 1931 509 1968 493³
535 1929 672 1976 ἅρχους
697 1932 776 1976 αὐ,
801 1932 856 1965 in-

0 1989 1 2016 ]
43 1978 139 2023 quit,
164 1991 265 2022 νηων
292 1978 379 2022 ἐρέω
405 1985 473 2012 etc.

0 2017 1 2043 ³
90 2025 255 2069 Sequitur
280 2026 360 2059 inde
385 2037 405 2059 a
429 2026 509 2060 494.
536 2025 712 2070 copiarum
739 2028 774 2057 et
792 2035 856 2057 na·-

41 2070 134 2104 vium
159 2083 362 2115 graecarum
395 2083 582 2113 recensus,
612 2083 710 2116 quem
739 2074 856 2106 Βοιω-

0 2150 2 2165 z
42 2118 128 2152 τίαν
163 2118 429 2162 appellaverunt
461 2124 549 2151 vett.
583 2129 603 2151 a
629 2117 796 2158 Boeotis,
835 2128 856 2150 a

43 2164 169 2208 quibus
201 2164 334 2208 incipit.
400 2165 499 2208 cujus
532 2175 695 2197 recensus
731 2162 856 2208 passim

43 2209 239 2244 celebratur
264 2221 345 2244 usus
369 2211 557 2244 historicus
583 2209 724 2253 (iVood.
751 2211 855 2254 p.72.

0 2293 1 2303 ἵ
46 2267 124 2301 cap.
158 2256 202 2290 de
235 2257 447 2301 geographia
484 2256 682 2300 Homeri.);
720 2257 856 2299 fuitque

0 2306 1 2325 l
43 2306 143 2336 tanta
175 2302 253 2336 olim
279 2304 510 2344 auctoritate,
536 2308 574 2336 ut
598 2302 856 2336 controversiae

44 2348 88 2382 de
112 2348 239 2382 finibus
264 2361 305 2383 eo
331 2349 575 2383 dirimerentur
606 2349 739 2392 (Schol.
766 2349 795 2382 B
822 2353 857 2382 et

44 2394 84 2434 L,
111 2394 208 2428 Eust·
235 2407 268 2439 p·
291 2397 372 2437 263,
400 2397 498 2439 17.);
524 2396 771 2440 Cercidasque,
798 2394 856 2439 qui

43 2440 349 2485 Megalopolitanis
390 2442 488 2486 leges
523 2441 683 2486 scripsit,
730 2452 857 2486 pueros

48 2498 120 2520 eum
157 2487 313 2522 ediscere
346 2489 511 2532 jusserit,
560 2494 598 2522 ut
632 2487 857 2532 Porphyrius,

45 2533 191 2567 Proclus
217 2538 251 2567 et
277 2535 376 2568 Eust.
403 2534 586 2568 memoriae
612 2534 854 2579 prodiderunt

48 2590 68 2612 a
93 2579 234 2613 Boeotis
267 2584 379 2614 autem
413 2582 512 2615 Hom.
540 2591 684 2615 exorsus
710 2579 858 2613 naturali

47 2625 166 2659 ordine
199 2637 261 2671 per
294 2626 426 2661 vicinos
461 2627 606 2672 populos
635 2625 859 2671 progreditur

49 2670 190 2713 (Strab.
226 2674 258 2706 1.
302 2684 335 2717 p.
369 2673 450 2715 47„
491 2674 646 2708 Macrob.
671 2674 717 2713 5,
753 2674 807 2707 15.
818 2673 858 2716 );

47 2714 147 2761 Virg.
173 2729 282 2763 aeque
306 2700 476 2764 probabili
511 2719 653 2753 consilio
687 2729 748 2762 per
774 2730 860 2762 gen-

49 2763 104 2795 tes
135 2773 282 2805 graecae
314 2770 417 2810 atque
449 2765 589 2800 italicae
621 2765 789 2808 originis:
824 2775 858 2797 v.

49 2807 186 2852 Heynei
211 2821 343 2846 excurs.
369 2813 400 2845 8.
438 2812 481 2845 ad
517 2814 602 2846 Aen.
629 2813 661 2846 8.
695 2816 731 2843 et
757 2813 787 2844 1.
815 2811 859 2843 ad

51 2856 107 2889 10.
149 2854 278 2890 frustra
304 2857 339 2890 id
364 2858 474 2902 ipsum
500 2858 751 2903 quaesiverunt
774 2868 859 2889 non-

49 2899 155 2942 nulli,
192 2912 252 2934 cur
277 2902 428 2938 Boeotos
460 2906 587 2949 primos
620 2914 860 2936 commemora—

49 2945 166 2988 verit,
194 2948 284 2991 quod
310 2951 438 2984 factum
465 2962 542 2984 esse
567 2950 754 2985 videbatur
780 2948 860 2982 Ari-

48 2992 186 3025 starcho
213 2993 349 3037 (Schol.
372 2998 423 3038 A,
450 2997 570 3038 Eust.)
605 3008 671 3030 non
697 2994 736 3029 ἐκ
760 3007 863 3035 τινος

46 3038 360 3086 παρατηρήσεως,
398 3042 490 3080 ἄλλα
524 3041 622 3079 κατὰ
656 3040 856 3088 ἐπιφοράν,

598 169 1029 211 ΙΛΙΑΔΟΣ
1082 169 1132 209 Β.

1612 169 1696 209 121

203 284 305 329 οὐδ’
337 286 378 328 εἴ
405 299 481 336 μοι
511 280 617 323 δέκα
645 279 735 347 μὲν
756 282 952 347 ’γλῶσσαι
983 278 1088 322 δέκα
1119 278 1166 322 δὲ
1196 276 1379 332 στόματ’
1410 276 1509 333 εἷεν,

89 346 173 390 490
206 341 332 397 φωνὴ
366 339 410 383 6'
442 338 656 406 ἄρῥηκτος
684 334 870 391 χάλκεον
903 334 950 377 δέ
981 352 1057 389 μοι
1087 331 1192 390 ἦτορ
1223 333 1352 391 ἐνείη,

203 402 240 442 εἰ
270 398 328 453 μή
356 393 647 450 Ὀλυμπιαδες
678 397 887 444 ΝΙοῦσαι,
922 391 1031 441 Διὸς
1063 393 1277 453 αἰγιόχοιο

792 449 890 492 ὅσοι
919 447 1006 491 υπὸ
1026 448 1165 492 Ἰλιον
1193 447 1356 504 ἧλ·θον

201 510 366 567 αρχούς
397 515 453 553 αύ
485 512 608 564 νηῶν
639 507 746 563 ἐρέω
776 505 885 563 νῆάς
913 521 958 549 τε
987 505 1238 561 προπάσας.

889 630 991 677 ἤτοι
990 631 1103 667 κατά
1141 646 1226 667 τινα
1259 645 1387 676 φοραν
1409 631 1472 667 καὶ
1496 631 1624 675 τύχην.
1673 632 1709 665 εἰ

890 693 960 724 γαρ
984 680 1067 720 καὶ,
1093 679 1226 725 inquit,
1251 680 1302 714 ἀπ
1347 678 1460 715 ἄλλον
1485 676 1622 718 ἔθνους
1643 674 1707 722 ἤρ-

892 728 1006 768 ξατο,
1046 725 1246 769 ἐζητοῦμεν
1281 723 1327 760 ὃῖν
1366 726 1435 770 τήν
1479 725 1605 759 αἰτίαν
1643 737 1709 768 της

894 772 1021 817 ἀρχῆς.
1066 773 1111 806 cf.
1150 773 1222 817 He)
1222 773 1287 805 nei
1324 773 1639 806 commentationem
1665 771 1710 804 de

894 819 969 852 acie
995 786 1222 860 Homerica)
1228 831 1319 862 quae
1343 819 1480 852 videtur
1506 818 1557 851 illi
1582 817 1711 862 partim

894 866 938 899 ad
963 865 1144 907 stirpium,
1181 865 1306 910 partim
1340 866 1383 899 ad
1414 866 1710 917 situs4terrarum,

895 912 988 945 unde
1012 911 1140 955 singuli
1165 911 1398 952 advenerant,
1432 910 1557 956 partim
1584 910 1627 944 ad
1652 921 1711 943 οι-

896 957 986 990 dinis
1012 965 1047 990 et
1071 958 1159 998 loci
1180 970 1278 1002 quem
1303 958 1469 991 tenebant
1492 957 1627 1002 copiae,
1653 968 1712 989 ra-

896 1004 1023 1038 tionem
1060 1003 1220 1038 instituta
1259 1015 1345 1037 esse.
1405 1004 1588 1047 singularis
1625 1004 1712 1036 haec

896 1050 1011 1094 magni
1036 1051 1198 1083 carminis
1223 1061 1304 1095 pars
1329 1050 1404 1084 visa
1429 1050 1606 1083 veteribus
1641 1049 1711 1082 sin-

897 1096 1010 1141 gulari
1047 1097 1348 1140 grammaticorum
1390 1100 1496 1141 atque
1535 1096 1712 1129 doctorum

897 1154 1005 1186 opera
1029 1143 1181 1188 expolita
1206 1149 1280 1184 est;
1306 1149 1341 1177 et
1365 1144 1464 1176 fuere
1494 1141 1553 1188 qui
1581 1152 1712 1187 paucos

895 1200 988 1222 versi
979 1189 1087 1222 culos
1124 1189 1247 1235 spissis
1289 1189 1517 1224 voluminibus
1556 1188 1712 1221 illustra-

896 1241 994 1269 rent.
1028 1236 1123 1269 velut
1156 1236 1354 1270 Demetrius
1385 1235 1552 1282 Scepsius
1586 1233 1713 1279 (Σκη-

896 1282 1006 1325 ψιος)
1041 1283 1088 1317 30
1112 1282 1210 1316 libris
1235 1283 1449 1341 conscripsit
1473 1284 1606 1326 στίχων
1631 1280 1714 1326 ἐξή-

897 1339 1003 1373 γησιν
1026 1329 1147 1383 μικρῷ
1169 1328 1352 1364 πλειόνων
1387 1327 1410 1374 ἢ
1436 1327 1616 1374 ἑξήκοντα
1641 1341 1709 1363 του

897 1373 1104 1418 καταλόγου
1130 1377 1204 1409 τῶν
1234 1375 1393 1419 Τρωων,
1428 1382 1465 1410 ut
1499 1376 1548 1409 ait
1582 1375 1712 1409 Strabo

900 1424 955 1457 13.
983 1433 1016 1465 p.
1040 1423 1120 1456 900.
1148 1422 1209 1455 Β.·
1199 1447 1210 1463 ,
1246 1434 1309 1456 nec
1343 1422 1519 1456 Graeciae
1555 1422 1631 1456 loca
1655 1421 1713 1455 hic

900 1468 1072 1501 nominata
1095 1479 1238 1513 prorsus
1263 1480 1328 1513 neg
1310 1469 1427 1502 alexit.
1461 1480 1560 1513 quem
1577 1468 1611 1500 in
1638 1467 1713 1512 ple—

900 1514 1017 1558 risque
1049 1523 1188 1548 secutus
1223 1526 1298 1548 esse
1308 1498 1460 1548 t>dicitur
1484 1513 1714 1572 Apollodorus

900 1561 1025 1593 Athen.
1049 1561 1190 1604 (Sti-ab·
1216 1563 1246 1596 8.
1274 1563 1354 1596 522.
1381 1563 1444 1594 A.:
1464 1558 1561 1616 ‘noco'
1587 1561 1631 1595 οὐ
1651 1573 1715 1604 με-

898 1606 1051 1651 ταφέρει
1084 1620 1130 1641 τα
1164 1609 1379 1651 πλεῖστα),
1421 1607 1515 1651 cujus
1549 1606 1716 1641 librorum

902 1655 957 1688 12.
982 1653 1065 1698 mol
1088 1654 1184 1688 νεῶν
1208 1655 1405 1698 fragmenta
1424 1653 1596 1698 disposuit
1614 1654 1648 1687 H
1665 1654 1716 1687 al-

900 1706 977 1733 tera
1001 1701 1077 1744 ejus
1102 1701 1158 1734 ed.
1187 1712 1219 1744 p.
1245 1702 1325 1735 417.
1350 1711 1447 1744 seqq.
1488 1712 1527 1733 eo
1558 1700 1716 1745 inprimis

901 1757 983 1779 usus
1012 1752 1066 1780 est
1089 1746 1236 1787 Strab03
1262 1747 1452 1780 Pausanias
1472 1751 1585 1780 autem
1604 1758 1717 1792 neque

903 1793 1150 1837 Apollodorum
1168 1793 1297 1838 legisse
1313 1793 1463 1834 videtur,
1482 1804 1593 1837 neque
1606 1794 1718 1839 ipsum

903 1840 1120 1873 Strabonem.
1176 1846 1362 1884 praeterea
1387 1840 1419 1873 E
1448 1851 1481 1884 p.
1507 1841 1588 1875 263.
1622 1851 1718 1873 men—

903 1886 1030 1919 tionem
1055 1885 1141 1919 secit
1166 1886 1390 1930 Menogenis,
1423 1886 1482 1931 qui
1508 1886 1717 1930 Catalogum

902 1934 948 1966 23
973 1931 1070 1966 libris
1096 1933 1319 1977 explanavit3
1344 1933 1421 1977 ipse
1444 1938 1560 1966 tamen
1585 1933 1617 1966 E
1642 1933 1719 1967 fere

903 1978 1007 2019 petiit
1030 1990 1092 2011 sua
1117 1991 1159 2012 ex
1185 1979 1360 2013 Strabone
1383 1984 1418 2012 et
1436 1979 1609 2024 Stephani
1628 1979 1718 2024 Byz.

901 2024 1111 2065 Ἐθνικοῖς,
1154 2037 1244 2069 quae
1278 2025 1470 2069 integriora
1509 2031 1582 2059 tum
1616 2033 1718 2059 exta-

902 2072 998 2105 bant.
1056 2071 1226 2104 delibavit
1259 2083 1398 2117 quoque
1434 2072 1596 2107 nonnulla
1628 2072 1718 2117 Ety-

902 2117 1078 2161 mologus;
1108 2118 1315 2162 paucissima
1339 2125 1450 2152 autem
1477 2131 1518 2152 ex
1542 2118 1718 2163 antiquio-

902 2163 997 2197 ribus
1029 2172 1260 2198 servaverunt
1295 2165 1534 2206 Scholiastae,
1568 2166 1612 2199 de
1636 2176 1717 2198 ver-

903 2211 955 2243 bis
980 2211 1095 2255 potius
1121 2222 1222 2254 quam
1245 2212 1349 2244 rebus
1373 2211 1523 2245 solliciti.
1555 2211 1600 2244 cf.
1626 2212 1718 2245 Gat-

902 2261 1074 2298 tererum,
1100 2258 1154 2297 H,
1180 2264 1235 2299 et,
1260 2269 1346 2302 quos
1372 2257 1428 2292 hic
1453 2258 1597 2302 citavit,
1627 2259 1717 2291 Geo-

903 2304 1081 2347 graphiae
1111 2303 1321 2337 Homericae
1354 2305 1563 2348 scriptores,
1602 2304 1643 2337 C.
1671 2304 1716 2337 T.

905 2350 951 2381 G.
978 2350 1315 2391 Schoenemannum,
1349 2355 1390 2384 A.
1416 2352 1462 2384 G.
1488 2350 1718 2395 Schlegelium

905 2402 941 2429 et
977 2396 1022 2429 H.
1048 2396 1395 2439 Schlichthorstium3
1433 2408 1475 2430 ex
1512 2397 1719 2441 antiquiori-

905 2443 967 2475 bus
992 2448 1106 2476 autem
1129 2454 1214 2487 prae
1249 2444 1377 2477 ceteris
1409 2444 1613 2477 Palmerium
1638 2449 1673 2476 et
1697 2455 1719 2477 a

906 2488 1093 2533 Vindingio
1125 2489 1283 2524 collecta.
1316 2509 1359 2514 ——
1395 2491 1439 2523 de
1469 2490 1546 2534 ipso
1576 2501 1718 2523 numero

906 2535 1043 2568 navium
1069 2539 1104 2568 et
1130 2536 1304 2580 copiarum
1337 2537 1435 2570 multi
1461 2536 1578 2569 multa.
1625 2537 1719 2569 mille

906 2581 1046 2614 carinas
1071 2581 1160 2615 dixit
1187 2582 1281 2626 Virg.
1308 2583 1392 2616 Aen.
1417 2584 1451 2625 2,
1480 2584 1576 2623 198„
1601 2582 1659 2616 ubi
1684 2594 1719 2616 v.

906 2628 941 2660 H
966 2634 1001 2661 et
1025 2627 1070 2660 cf.
1098 2628 1258 2671 Aeschyl.
1283 2631 1349 2672 Ag.
1376 2628 1432 2664 45.
1466 2629 1559 2662 mille
1592 2628 1720 2662 ducen-

905 2678 959 2706 tas
984 2685 1089 2707 naves
1116 2674 1223 2707 fuisse
1249 2675 1427 2708 contendit
1451 2675 1563 2708 Thuc.
1590 2679 1621 2716 l,
1651 2678 1718 2716 10.,

906 2720 1083 2764 copiarum
1116 2721 1167 2754 ita
1202 2722 1416 2754 constituens
1446 2733 1641 2761 numerum,
1668 2727 1718 2760 ut,

906 2778 982 2799 cum
1017 2767 1225 2800 Boeotorum
1260 2767 1405 2801 navibus
1432 2770 1498 2802 120
1521 2767 1607 2807 viri,
1635 2767 1719 2799 Phi-

907 2812 1046 2846 loctetis
1072 2817 1186 2846 autem
1212 2818 1247 2847 et
1272 2814 1416 2849 Achillis
1439 2816 1505 2854 50,
1537 2813 1630 2846 vecti
1663 2823 1718 2845 es-

906 2869 944 2891 se
970 2858 1129 2892 dicantur
1154 2861 1254 2903 (719.
1281 2865 1318 2894 et
1341 2858 1393 2902 π’,
1419 2860 1538 2903 170.)‚
1572 2858 1718 2892 mediam

906 2904 981 2958 ipse
1005 2906 1175 2939 rationem
1209 2912 1394 2950 sequatur3
1429 2907 1573 2950 ejusque
1607 2905 1718 2938 vesti-

907 2951 975 2994 giis
999 2951 1199 2986 insistentes
1221 2952 1435 2997 grammatici
1469 2955 1576 2984 totum
1602 2951 1717 2984 Grae-

907 3008 1022 3031 corum
1045 2997 1232 3032 exercitum
1258 2998 1389 3032 centies
1413 2996 1503 3030 mille
1538 2996 1716 3040 octingen-

904 3043 950 3077 tis
985 3044 1104 3078 decem
1145 3045 1243 3087 (100
1268 3045 1362 3089 810)
1400 3042 1485 3078 viris
1521 3042 1717 3079 constitisse
