1811 3269
85 160 167 200 160

718 159 1118 202 ΟΜΗΡΟΥ

247 266 494 324 Ἀρχέλοχός
521 266 564 310 τ’
588 265 778 323 Ἀκάμας
809 284 880 321 τε,
899 268 1046 339 μα’χης
1077 267 1125 314 εὖ
1155 270 1293 316 εἰδότε
1322 272 1471 329 πάσης.

338 327 394 368 Οἳ
422 325 468 368 δὲ
499 324 678 367 Ζέλειαν
708 324 856 369 ε’ναιον
884 325 992 369 ὑπαὶ
1021 326 1138 370 πόδα
1167 331 1342 373 νείατον
1357 330 1488 387 Ἴδης,

139 383 222 427 825
252 380 451 434 ἀφνειοὶ,
481 383 681 430 πίνοντες
709 381 831 439 ὕδωρ
860 383 995 438 μέλαν
1027 383 1256 439 Αἰσήποιο,

257 442 424 491 Τρῶες,
454 442 542 480 τῶν
572 436 668 480 αὕτ’
701 440 803 494 ἦρχε
833 441 1064 491 Λυκάονος
1095 440 1256 510 ἀγλαὸς
1284 442 1393 495 υἷός,

256 493 515 546 Πάνδαρος,
548 495 581 549 ᾧ
612 494 685 537 καὶ
712 496 841 547 τόξον
867 494 1085 539 Ἁπόλλων
1116 496 1247 548 αὐτὸς
1278 500 1448 542 ἔδωκεν.

333 554 388 593 Οἱ
418 549 459 593 6'
489 549 768 623 Ἀδρήστειάν
797 551 838 594 τ’
871 550 985 607 εἶχον
1015 554 1088 596 καὶ
1116 556 1256 609 δῆμον
1283 554 1503 607 Ἀπαισοῦ,

252 608 326 650 καὶ
357 607 566 650 Πιτύειαν
596 609 695 663 ε’χον
726 610 800 653 καὶ
835 612 1016 679 Τηρείης
1046 609 1149 664 ὅρος
1181 613 1300 663 αἰπυ,

138 670 220 710 830
250 667 340 706 τῶν
369 663 468 720 ἦρχ’
484 664 725 720 ’Ἄδρηστός
754 682 797 708 τε
827 668 900 708 καὶ
919 664 1106 737 ’Ἀμφιος
1136 668 1397 723 λινοθώρηξ,

251 718 320 764 υἷε
353 721 445 765 δύω
474 723 689 778 Μέροπος
726 724 1006 778 Περκωσίου,
1039 722 1087 775 ὃς
1115 725 1213 780 περὶ
1243 724 1422 768 πάντων

79 859 135 893 60.
167 858 408 901 (nominantur
436 858 539 893 etiam
573 859 699 893 fratres
734 859 890 894 Pedaeus

79 902 118 945 ε’,
145 906 220 946 69.,
248 905 426 938 Laodocus
453 903 497 945 δ’,
523 907 600 945 87.
625 905 891 959 ΙΡὴίόᾶῐηο5ἵ,

77 930 180 992 221.,
207 929 362 992 Coosk',
386 953 472 990 248,
507 930 697 985 Laodamas
726 965 767 992 o,
796 953 890 994 516.,

77 996 264 1030 Demoleon
288 995 321 1031 v'
326 1023 335 1039 ,
362 998 442 1031 595.
467 997 532 1040 U.)
559 998 789 1031 Archelochus
811 1010 891 1032 cae-

77 1043 173 1076 ditur
199 1040 240 1086 ξ’,
265 1041 366 1084 464,
394 1046 537 1076 Acamas
562 1042 610 1085 π’,
637 1046 717 1078 342.
744 1044 789 1077 H.

123 1101 204 1135 823.
250 1098 454 1144 Ἀρχέλοχος
487 1100 568 1133 lib1i
601 1102 784 1143 melior,es
822 1113 889 1136 non

72 1145 284 1190 Moli-toxos·
334 1147 457 1180 similia
491 1147 626 1180 nomina
656 1148 770 1180 Bentl.
795 1155 830 1182 et
854 1149 889 1181 H

76 1194 260 1237 proferunt
286 1189 370 1237 ἆρχε
357 1193 502 1233 Azanos,
528 1191 818 1249 ἀρχεπτόλεμος,
853 1200 888 1228 et

73 1238 217 1294 propria
245 1239 392 1272 virorum
413 1237 650 1283 Ἀρχέδημος,
675 1237 888 1284 Ἀρχέτιμος,

73 1282 340 1328 Ἀρχέστρατος,
363 1285 563 1329 Ἀρχέλαος,
584 1284 796 1330 Ἀρχέμαχος
818 1287 891 1320 Eu-

75 1330 233 1365 boeensis
259 1343 313 1376 ap.
339 1331 456 1364 Strab.

122 1390 204 1423 824.
253 1389 296 1421 de
321 1389 407 1421 urbe
433 1390 552 1431 Zelea,
579 1401 668 1434 quae
692 1389 795 1423 etiam
828 1393 889 1425 Ζε-

75 1437 134 1480 λίη
159 1441 194 1468 et
224 1435 313 1490 Ζέλη
338 1435 552 1478 appellatur,
590 1437 715 1469 Strabo
755 1438 818 1477 13,
856 1441 888 1471 1

76 1493 109 1536 Ρ.
137 1482 234 1516 878³
272 1479 295 1525 ἡ
321 1482 449 1536 ,Ζέλεια
483 1480 521 1516 ἐν
555 1483 601 1528 τῆ
613 1484 821 1538 παρωρείᾳ
844 1483 890 1528 τῇ

75 1525 217 1573 υστάτῃ
241 1529 306 1571 τῆς
321 1523 423 1570 Ἴδης
448 1526 566 1568 ἐστὶι,
599 1526 787 1572 ἀπέχουσα
813 1532 888 1563 Κυ-

76 1575 178 1616 ζίκου
203 1572 269 1618 μὲν
304 1576 478 1615 σταδίους
504 1554 591 1615 190,
613 1578 692 1630 τῆς
718 1573 759 1610 δ
785 1573 887 1619 ἐγγυ-

74 1619 174 1655 ‘cacco
215 1618 426 1675 θαλάττης,
466 1619 564 1655 καθ’
606 1617 652 1664 ἣν
694 1619 888 1656 ἐκδίδωσιν

74 1667 258 1712 Αἴσηπος,
286 1663 375 1701 ὅσον
404 1668 458 1700 80.
493 1667 614 1707 „limes
640 1667 790 1701 Troadis
819 1670 887 1701 Ae-

75 1725 191 1759 sepus.
256 1713 424 1747 ulteriora
459 1719 539 1746 sunt
578 1713 732 1757 Mysiae:
769 1715 887 1748 Strab.

78 1762 133 1797 12.
160 1771 193 1803 Ρ.
219 1759 308 1800 847,
331 1760 373 1792 C.
410 1759 453 1791 cf.
479 1759 594 1792 Schol.
627 1760 711 1795 Ven.
739 1760 836 1803 ὃόζ,
855 1763 887 1796 1.

75 1805 207 1840 seriore
241 1817 324 1838 aevo
359 1805 463 1838 Zelea
478 1805 686 1859 pertinebat
712 1806 755 1839 ad
781 1807 827 1850 Cy
827 1807 888 1839 zi-

75 1863 192 1886 cenam
217 1852 324 1894 (863,
351 1851 399 1891 Α,
425 1849 515 1891 874,
542 1852 627 1895 A.)‚
664 1859 888 1886 memoratur-

74 1910 142 1943 que
167 1897 278 1931 adhuc
311 1897 347 1930 in
381 1875 567 1930 Alexandri
595 1898 642 1930 M.
667 1899 888 1942 expeditione

76 1956 134 1989 ap.
169 1944 627 1983 Arrianum1,12‚15.“
664 1945 787 1978 [3³:11.
836 1945 888 1979 δέ

78 1989 172 2025 Ζέλ.
199 2001 230 2023 v·
257 2000 333 2022 ann.
359 1990 403 2022 ad
427 1988 505 2024 465.

122 2048 202 2082 825.
241 2044 452 2100 ἆφνειοί.
485 2047 647 2102 opulenti.
673 2046 817 2081 Hesiod.
839 2048 885 2081 Ο.

75 2097 111 2127 et
136 2094 178 2126 D.
203 2094 304 2129 308.·
337 2090 545 2135 πολύμηίοί
579 2090 615 2127 τ’
653 2090 803 2137 ἀφνειοί
836 2107 886 2130 τε.

74 2139 158 2173 mire
192 2140 331 2196 quidam
351 2150 420 2195 ap.
446 2139 564 2172 Strab
593 2140 657 2180 13,
685 2142 714 2173 1.
740 2153 775 2186 Ρ.
803 2142 884 2176 878.

70 2183 261 2230 Ἀφνειοὺς
285 2183 359 2221 ἀπὸ
385 2185 590 2240 Ἀφνίτιδος
613 2188 805 2229 νομίζουσι
829 2188 886 2220 λί-

74 2242 188 2278 μνης·
221 2232 284 2267 καὶ
315 2229 385 2276 γὰρ
423 2229 522 2266 οὕτω
558 2236 723 2267 καλεῖται
754 2231 776 2278 ἡ
809 2238 886 2267 Δα-

75 2282 245 2320 σκυλῖτις.
299 2279 346 2314 cf.
379 2278 425 2312 E.
465 2297 510 2304 —-
561 2278 724 2323 μέλαν.
767 2279 884 2325 βαθύ.

74 2326 200 2405 868126.
249 2369 377 2403 dicitur
402 2367 456 2402 hic
481 2369 658 2404 Pandarus
683 2372 797 2405 Troes
823 2372 886 2405 du-

74 2417 191 2458 xisse,
218 2416 260 2451 οι
281 2429 316 2451 οι
341 2413 474 2451 ἕποντο
499 2415 597 2460 παρ’
622 2417 803 2462 Αἰσήποιο
823 2417 886 2461 ῥο-

75 2462 154 2498 άων
180 2461 226 2504 δ’,
249 2464 306 2498 91.
349 2467 386 2496 at
411 2459 450 2504 ε’,
478 2463 543 2497 105
570 2474 588 2496 e
609 2464 716 2507 Lycia
742 2477 778 2497 se
804 2476 886 2507 pro-

69 2512 201 2553 fectum
225 2519 300 2542 esse
324 2507 384 2548 ait,
410 2506 668 2552 ἀπορνύμενον
681 2512 883 2555 Λυκίηθεν.

75 2556 121 2589 cl‘.
146 2555 194 2589 ib.
222 2555 320 2594 173.,
345 2554 403 2587 ubi
428 2554 552 2598 Lycios
580 2567 694 2589 omnes
728 2563 803 2590 arte
827 2568 884 2590 sa-

76 2600 224 2646 gittandi
248 2611 430 2645 superasse
451 2601 587 2634 dicitur.
637 2602 803 2646 colligunt
832 2603 885 2636 iu-

76 2649 120 2681 de
156 2652 241 2680 vett.
274 2657 330 2690 ap.
359 2646 411 2688 E,
438 2651 569 2690 partem
607 2646 705 2681 istam
734 2648 884 2682 Troadis

75 2693 217 2737 Lyciam
250 2691 453 2736 appellatam
488 2692 616 2736 fuisse,
658 2705 756 2738 quam
784 2694 884 2738 Lycii

76 2738 188 2773 coloni
206 2738 457 2778 habitaverint3
485 2744 651 2783 vocatque
676 2751 735 2774 eos
756 2740 883 2774 Strabo

76 2785 204 2829 Lycios
231 2786 284 2819 12.
312 2795 346 2828 Ρ
377 2785 466 2824 858,
491 2786 545 2825 A,
572 2787 626 2820 13
664 2798 698 2830 Ρ.
729 2787 815 2827 876,
841 2787 882 2827 C,

77 2832 167 2870 878,
194 2831 234 2865 A.
282 2830 343 2862 sed
376 2830 512 2872 quando
547 2836 582 2863 et
616 2842 681 2874 qua
712 2831 756 2865 de
780 2843 884 2865 causa

75 2876 186 2930 Lycii
207 2876 243 2909 in
279 2875 450 2909 Troadem
485 2876 634 2920 profecti
666 2876 757 2918 sint,
792 2877 885 2911 haud

76 2921 222 2966 reperio.
268 2921 304 2954 in
328 2920 467 2966 Lyciam
492 2921 628 2966 quidem
660 2923 801 2967 proprie
831 2924 885 2957 di-

75 2972 166 3001 ctam
189 2967 360 3001 Termilas
387 2979 430 3000 ex
453 2967 570 3007 Creta,
596 2968 686 3002 unde
702 2976 737 3002 et
755 2969 885 3003 Teucri

75 3013 241 3058 originem
261 3013 442 3056 ducebant,
465 3013 677 3058 immigrasse
693 3019 812 3050 auctor
831 3020 886 3050 est

938 861 1069 895 Herod.
1091 864 1132 904 1,
1159 863 1235 898 173.
1261 866 1337 895 utut
1360 861 1446 895 haec
1461 864 1561 903 sunt,
1586 862 1744 906 suijuris

938 915 1132 942 manserunt
1164 908 1286 953 Lycii,
1324 914 1418 941 certe
1457 908 1598 960 proprie
1646 909 1742 950 dicti,

939 962 1016 999 post
1037 955 1192 998 Trojana
1219 960 1394 998 tempora,
1421 954 1522 987 etiam
1551 955 1612 987 sub
1635 955 1744 999 Lydis

937 1001 1092 1044 (Herod.
1123 1005 1165 1041 1,
1189 1002 1295 1044 28.);
1335 999 1413 1034 dein
1443 1011 1526 1033 vero
1559 999 1744 1034 Persarum

933 1048 1054 1090 jugum
1088 1047 1284 1089 subierunt,
1320 1047 1363 1079 ab
1385 1047 1551 1090 Harpago
1581 1046 1674 1080 victi.
1707 1058 1743 1081 v.

935 1093 1067 1127 Herod.
1092 1094 1130 1132 1,
1160 1095 1244 1134 171,
1271 1094 1358 1134 173,
1395 1093 1510 1125 Strab.
1539 1093 1589 1127 12.
1618 1104 1650 1137 p.
1674 1094 1742 1127 858

936 1146 1003 1172 etc.
1030 1140 1083 1172 Es
1109 1139 1154 1171 Η.
1198 1159 1243 1163 —
1282 1138 1496 1181 Lycaonem,
1531 1139 1657 1172 Priami
1682 1139 1743 1180 fil.‚

936 1186 1037 1219 Hom.
1074 1185 1347 1219 commemoravit
1381 1183 1433 1229 φ’,
1465 1185 1510 1219 35
1535 1211 1545 1226 ,
1582 1184 1742 1230 Apollod.

934 1233 976 1273 3,
1004 1234 1069 1273 12,
1096 1232 1129 1266 5.

982 1290 1061 1322 827.
1111 1289 1296 1321 Pandarus
1319 1287 1521 1330 sagittarius
1539 1286 1605 1320 fuit
1624 1285 1745 1320 claris-

936 1333 1051 1370 simus,
1078 1340 1330 1378 proptereaque
1355 1345 1470 1366 arcum
1494 1345 1588 1366 suum
1608 1333 1675 1366 ab
1667 1343 1744 1389 ipso

936 1381 1095 1424 Apolline
1120 1382 1209 1414 dono
1236 1379 1411 1423 accepisse
1439 1379 1580 1414 dicitur.
1629 1379 1673 1413 cf.
1698 1377 1744 1420 6'‚

936 1427 982 1460 84
999 1438 1119 1471 seqq,
1148 1425 1190 1468 ξ’,
1214 1428 1277 1467 95,
1302 1428 1383 1460 290.

981 1484 1068 1524 828,
1100 1485 1134 1518 9.
1193 1484 1296 1517 urbes
1339 1484 1533 1524 Adrastea,
1574 1484 1744 1526 Apaesus,

938 1529 1058 1571 Pityea
1092 1541 1166 1562 cum
1203 1531 1315 1562 Terea
1346 1530 1435 1563 sitae
1469 1536 1567 1562 erant
1590 1529 1623 1562 in
1647 1534 1744 1562 terra

935 1575 1111 1618 Cyzicena
1143 1582 1178 1609 et
1203 1576 1351 1609 Pariana
1374 1576 1456 1609 inde
1480 1576 1522 1608 ab
1548 1577 1680 1620 Aesepo
1704 1575 1742 1608 fl.

936 1621 1082 1663 (Strab.
1106 1623 1140 1655 2.
1165 1633 1198 1666 p.
1218 1621 1339 1665 848.);
1374 1622 1432 1666 qui
1460 1627 1593 1654 tractus
1621 1626 1744 1665 postea
1808 1595 1811 1660 Ξ

934 1666 1002 1699 fuit
1030 1668 1175 1711 Mysiae.
1222 1669 1432 1702 Adrasteam
1466 1668 1592 1700 Strabo
1617 1670 1683 1710 13,
1709 1669 1742 1702 1.

935 1723 968 1756 Ρ.
994 1712 1075 1747 879.
1100 1713 1202 1748 etiam
1225 1711 1453 1758 Ἀδραστείας
1480 1715 1610 1748 πεδίον
1633 1724 1744 1747 voca-
1807 1761 1809 1766 A

934 1766 1002 1792 tam
1023 1770 1097 1792 esse
1121 1761 1246 1801 tradit,
1274 1760 1551 1805 quemadmodum
1574 1760 1663 1793 idem
1690 1759 1743 1793 lo-

935 1816 992 1838 cus
1022 1805 1150 1838 dicitur
1180 1807 1303 1840 Thebe
1341 1814 1376 1840 et
1410 1807 1551 1840 Thebes
1590 1816 1741 1850 campus,

935 1850 1124 1895 Mygdonia
1145 1858 1181 1885 et
1205 1853 1414 1896 Mygdoniae
1433 1863 1583 1897 campuS.
1620 1862 1743 1885 nomen

935 1897 1053 1941 oppidi
1077 1897 1305 1932 Callisthenes
1322 1899 1504 1943 repetebat
1522 1898 1744 1931 aNemeseos

935 1949 971 1976 et
1007 1943 1164 1985 Adrasti,
1202 1944 1294 1988 regis
1327 1944 1530 1989 Argivorum
1563 1942 1743 1985 notissimi,

935 1988 1013 2044 qui
1029 1989 1158 2045 primus
1191 1991 1352 2044 templum
1385 1990 1527 2024 Nemesi
1559 1990 1744 2023 exstruxit.

934 2034 958 2079 ἡ
975 2047 1042 2078 μεν
1064 2036 1133 2070 οὐν
1151 2034 1274 2080 πόλις,
1301 2038 1435 2095 inquit,
1459 2035 1596 2091 μεταξύ
1624 2033 1744 2078 Πριά-

935 2095 1009 2116 που
1040 2083 1102 2117 καὶ
1127 2084 1296 2125 Παρίου
1333 2083 1467 2139 ε’χουσα
1499 2079 1743 2125 ὑποκείμενον

931 2129 1063 2163 πεδίον
1097 2127 1318 2173 ὁμωνυμον,
1352 2130 1391 2164 ἐν
1423 2124 1451 2174 ᾧ
1482 2127 1545 2163 καὶ
1567 2131 1744 2184 μαντεῖον

932 2175 979 2218 ἠν
1002 2171 1220 2216 ’Λπόλλωνος
1243 2176 1305 2211 καὶ
1325 2164 1532 2219 Ἀρτέμιδος
1556 2187 1650 2209 κατα
1672 2173 1742 2218 τήν

931 2219 1110 2265 Πυκάτην
1133 2228 1201 2255 etc.
1241 2225 1397 2266 Apacsus
1414 2223 1469 2255 vel
1486 2222 1627 2262 Paesus,
1645 2223 1743 2256 Παι-

933 2267 1015 2308 σός,
1049 2267 1140 2301 inter
1179 2267 1402 2314 Lampsacum
1437 2274 1471 2301 et
1503 2266 1639 2301 Parium
1672 2268 1742 2301 sita
1800 2309 1802 2312 v

934 2313 1002 2347 fuit
1025 2314 1159 2357 (Strab.
1184 2316 1236 2350 13.
1262 2327 1295 2360 Ρ.
1317 2316 1397 2356 881,
1421 2315 1460 2347 Β.
1475 2339 1485 2355 ,
1510 2313 1631 2357 Steph.
1653 2314 1742 2358 Byz.

933 2361 967 2394 h.
992 2360 1071 2403 v.);
1099 2360 1221 2403 Pityea
1245 2372 1327 2394 vero
1346 2361 1484 2394 Parium
1499 2359 1590 2392 inter
1613 2364 1647 2392 et
1662 2359 1742 2392 Pri·
1800 2365 1801 2376 ¹

933 2417 1033 2450 apum
1065 2406 1210 2451 (Steph
1237 2407 1351 2451 Byz.)
1387 2407 1422 2440 in
1459 2416 1543 2449 agro
1576 2405 1740 2440 Pariano.

931 2452 1064 2496 (Strab.
1099 2463 1133 2496 Ρ.
1163 2455 1252 2494 880,
1279 2453 1341 2485 C.
1375 2452 1414 2487 ἐν
1450 2452 1502 2497 τῷ
1536 2453 1741 2486 Πιτυοῦντι
1798 2479 1799 2491 2

930 2500 996 2542 τῆς
1030 2499 1261 2542 Παριανῆς.)
1296 2510 1385 2542 quae
1417 2504 1454 2532 et
1477 2488 1614 2542 Πιτύη
1646 2498 1742 2531 dicta

931 2545 1019 2585 fuit,
1053 2551 1093 2577 ut
1125 2544 1244 2578 docuit
1267 2545 1512 2588 Wassenbeimg
1539 2544 1618 2578 1].1.
1671 2545 1740 2576 Te-
1798 2570 1799 2578 1

931 2602 1016 2632 rea,
1055 2587 1213 2635 Τήρεια,
1247 2591 1313 2623 suit
1344 2601 1439 2624 mons
1471 2596 1506 2623 et
1537 2593 1670 2623 tractus
1701 2589 1740 2623 in

931 2636 1074 2716 {fgione
1106 2636 1288 2681 Cyzicena.
1345 2636 1474 2670 Strabo
1505 2646 1541 2680 p.
1567 2637 1646 2670 881.
1690 2636 1737 2668 cf.
1796 2660 1797 2664 ,

977 2730 1057 2764 830.
1105 2728 1275 2761 Adrastus
1308 2727 1364 2761 hic
1407 2728 1450 2761 ab
1485 2728 1739 2771 Agamemnone

931 2774 1101 2808 occiditur
1123 2773 1161 2816 ζ’,
1187 2775 1231 2809 37
1250 2785 1346 2818 seqq.
1377 2794 1423 2798 —
1455 2771 1668 2817 ”Αμφῐος.
1702 2785 1736 2806 ν.

931 2831 1007 2854 ann.
1032 2820 1075 2853 ad
1100 2820 1177 2855 731.
1203 2837 1248 2844 —-
1281 2823 1389 2864 λιν.,
1422 2827 1583 2864 tanquam
1614 2819 1738 2854 leviter

930 2871 1081 2900 armatus
1105 2872 1140 2899 et
1163 2865 1374 2909 sagittarius.
1423 2867 1467 2900 cf.
1492 2867 1572 2901 529.

977 2925 1055 2959 831.
1103 2925 1195 2966 Περ
1208 2935 1240 2957 κ.
1282 2924 1426 2957 Percote
1461 2923 1608 2959 oriundi.
1661 2923 1736 2966 ejus

930 2968 1220 3058 ῗῧεᾷιὲὄθίἓειῐιιί
1207 2974 1442 3005 commemorat
1459 2970 1612 3016 Apollon.
1625 2969 1735 3003 Rhod.

1129 3015 1211 3048 ΞΗ
