1811 3269
613 170 1044 216 ΙΛΙΑΔΟΣ
1097 175 1149 214 Ε.

1626 178 1710 218 253

132 289 184 332 15
220 285 389 341 Φηγεύς
419 284 476 339 ῥα
494 281 720 354 ,πρότερος
751 283 895 352 προΐει
925 281 1250 337 δολιχόσκιον”
1214 298 1372 354 εγχος·

217 343 430 385 Τυδείδεω
463 341 488 382 6

213 399 380 453 ε’γχεος,
414 394 514 440 ov'6'
546 395 667 467 ἔβαλ’
699 394 856 439 αὐτόν·

535 356 647 394 υπερ
681 355 805 410 ωμον
832 336 1064 408 ἀριστερόν
1089 337 1225 395 ήλυθ’
1252 339 1405 409 ἀκωκὴ

889 411 912 437 ο
945 393 986 437 δ’
1020 372 1207 450 ὕστερος
1237 394 1411 450 ω’ρνυτο
1446 401 1591 456 χαλκῷ

11 379 15 407 ι

10 448 13 479 ²
217 455 447 525 Τυδείδης
479 457 560 496 τοῦ
590 452 636 496 δ’
668 451 748 509 οὐχ
778 452 905 495 α’λιον
936 451 1061 511 βέλος
1091 452 1252 522 ἔκφυγε
1270 454 1441 523 χειρὸς,

0 483 13 561 Η
212 508 308 553 ἀλλ’
340 510 467 581 ε’βαλε
481 513 662 580 στῆθος
689 507 979 577 μεταμάζιον,
1011 512 1094 550 ῶσε
1127 507 1169 551 δ’
1204 509 1280 564 ἀφ’
1309 512 1466 554 ἵππων.

125 574 180 613 20
205 564 361 617 Ἰδαῖος
392 564 434 610 δ’
467 565 711 620 ἀπόρουσε,
741 564 884 609 λιπων
913 565 1174 618 περικαλλέα
1203 568 1378 621 δίφρον,

210 621 311 666 οὐδ’
340 623 436 679 ἔτλη
467 627 698 694 περιβῆναι
731 622 967 677 ἀδελφειοῦ
997 620 1255 675 κταμένοιο·

209 678 313 723 οὐδὲ
342 680 427 734 γὰρ
460 679 564 723 οὐδέ
594 697 670 724 κεν
701 679 835 730 αὐτὸς
863 678 1090 732 ὑπέκφυγε
1115 681 1229 732 κῆρα
1259 678 1483 732 μέλαιναν,

210 735 308 780 ἀλλ’
328 736 574 807 Ήφαιστος
605 737 756 792 ε’,ρυτο
790 735 931 779 σάωσε
962 736 1008 778 δὲ
1038 735 1163 777 νυκτὶ
1193 734 1408 787 καλύψας,

6 823 9 847 3
209 810 269 843 ως
302 792 356 849 δή
386 796 430 837 οἱ
460 794 517 849 μὴ
546 793 689 849 πάγχυ
718 793 869 861 γέρων
886 789 1158 861 ἀκαχήμενος
1187 793 1276 846 εἴη·

5 851 8 902 l
122 854 176 895 25
208 852 368 901 ἵππους
399 848 440 893 δ’
472 850 672 901 ἐξελάσας
701 849 962 906 μεγαθύμου
995 847 1158 898 Τυδέος
1187 849 1284 899 υἷός

207 908 348 950 δῶκεν
379 907 617 976 ἑταίροισιν
646 908 848 962 κατάγειν
879 907 1028 956 κοίλας
1059 905 1128 948 ἐπὶ
1149 909 1279 973 νῆας.

212 967 355 1015 Τρῶες
384 963 429 1006 δὲ
458 964 708 1019 μεγάθυμοι
738 964 829 1008 ἐπεὶ
858 965 959 1006 ἰ’δον
990 965 1057 1005 υῑε
1088 961 1307 1033 Δάρητος,

204 1019 283 1063 τόν
311 1036 391 1089 μεν
421 1018 716 1076 ἀλευάμενον,
746 1020 823 1065 τὸν
854 1020 899 1063 δὲ
929 1019 1147 1075 κτάμενον
1176 1016 1282 1072 παρ’
1315 1016 1521 1074 ὄχεσφιν,

202 1081 338 1119 πᾶσιν
364 1074 527 1150 ὀρίνθη
556 1078 722 1133 θυμός·
754 1077 863 1131 ἀτὰρ
893 1080 1144 1145 γλαυκῶπις
1172 1074 1345 1146 Ἀθήνη,

118 1137 172 1178 30
201 1133 343 1191 χειρὸς
373 1132 535 1186 ἑλοῦσζ
567 1134 736 1179 ἐπέεσσι
767 1132 996 1190 προσηύδα
1025 1137 1201 1187 θοῦρον
1220 1131 1378 1187 ”·Αρηα

284 1192 449 1259 ,ηΑρες,
471 1189 615 1244 ’Ἀρες,
645 1191 919 1259 βροτολοιγὲ,
956 1189 1189 1260 μιαιφόνε,
1219 1191 1530 1244 τειχεσιπλητα,

209 1244 294 1289 ου’κ
324 1245 380 1289 ἄν
412 1247 464 1318 δὴ
500 1252 652 1301 Τρῶας
682 1249 761 1304 μὲν
793 1246 998 1303 ἐάσαιμεν
1028 1247 1101 1289 καὶ
1132 1244 1332 1317 Ἀχαιούς

205 1302 444 1359 μάρνασθ’,
476 1303 758 1360 ὁπποτέροισι
786 1304 928 1361 πατὴρ
960 1303 1070 1355 Ζεύς
1100 1306 1237 1355 κῦδος
1268 1302 1410 1360 ὀρέξῃ,

84 1405 137 1439 16.
188 1403 256 1441 οἷκ.
280 1403 304 1452 ἦ
327 1405 551 1464 ἐπιδορατίς.
565 1409 646 1443 Sch.
673 1411 751 1456 Aps
776 1410 846 1446 τοῦ

35 1449 266 1496 ἠκονημένον
290 1453 429 1495 παντὸς
455 1454 564 1498 α’κμή.

85 1500 228 1540 18,19.
278 1497 427 1536 α’λιον.
461 1502 632 1545 μάταιον.
670 1502 759 1549 (ε’β.
790 1504 843 1537 ἰιι-

35 1544 108 1578 tess.
133 1543 251 1581 αὐτὸν
276 1558 317 1580 ex
341 1548 607 1592 superioribus.)
659 1561 753 1592 μετ.
780 1562 842 1593 με-

33 1589 125 1633 ταξὺ
161 1593 234 1626 τῶν
267 1593 402 1635 μαζῶν.
448 1614 494 1618 -
546 1593 631 1639 ἀφ’
668 1596 841 1630 ῑ’.ππων

33 1635 107 1672 ἀπὸ
132 1640 202 1674 τοῦ
224 1634 400 1682 α’ρματος.
432 1640 514 1673 Sch.

79 1687 136 1720 21.
184 1688 332 1742 περιβ.
361 1685 630 1731 ὑπερμαχῆσαι.
656 1687 739 1722 Sch.
764 1690 842 1733 Ap..

31 1731 270 1773 πεπτωκότος
293 1729 550 1774 υπερασπίσαι.
589 1735 634 1766 cf
659 1736 739 1775 299,
762 1736 841 1770 623.

33 1783 70 1811 et
93 1789 170 1811 ann.
195 1779 239 1813 ad
268 1777 315 1821 α’,
339 1781 395 1816 37.
425 1800 461 1805 -
490 1778 559 1815 οἶδ.
586 1777 785 1825 ἀδελφεοῦ,
799 1779 842 1815 α’-

33 1824 185 1868 δελφοῠ.

79 1873 135 1906 22.
183 1868 298 1906 ου’δε
325 1890 366 1896 -
392 1867 550 1912 αὐτός.
585 1870 676 1907 οὐδε
694 1872 770 1930 γάρ
795 1872 841 1920 δή

35 1912 81 1951 &v
105 1915 231 1957 αὐτός.
275 1914 298 1961 ἡ
318 1918 398 1973 μία
421 1916 570 1961 περισσὴ
602 1919 657 1962 (Ϋ)
683 1918 839 1975 ἀπόφα-

35 1975 109 2004 σις,
142 1961 243 2008 (ὥς)
271 1960 387 1998 ου’δὲ
412 1978 502 2018 γαρ
523 1962 635 1999 οὐδε
660 1967 740 2020 βίη
776 1964 840 2011 (ρ’,

33 2010 132 2064 24.),
172 2009 288 2045 ου’δε
323 2024 410 2054 γαρ
447 2008 562 2046 ου’δε
589 2010 842 2053 Δρύαντος

35 2054 94 2099 (ζ’,
122 2057 227 2101 130.)
264 2057 325 2092 καὶ
365 2056 439 2091 ἐστι
472 2059 539 2099 μία
576 2057 643 2101 μὲν
677 2058 736 2094 ἐπὶ
771 2060 841 2094 τοῦ

31 2101 262 2147 πράγματος,
296 2102 441 2146 θατέρα
476 2101 517 2137 δ’
551 2103 609 2139 ἐπὶ
633 2107 702 2139 τοῦ
729 2118 841 2148 προσ-

31 2148 150 2184 ώπου.
189 2150 234 2184 cf.
258 2147 303 2195 β,
323 2151 414 2192 703,
442 2149 569 2184 Matth.
595 2153 628 2193 §-
655 2153 720 2188 601
748 2159 815 2187 etc.

76 2208 133 2242 23.
189 2209 342 2243 νυκτί.
392 2207 524 2244 σκότει.
562 2209 646 2243 Sch.
706 2211 752 2244 cf.
798 2209 842 2255 y',

29 2252 109 2288 381.
133 2252 179 2286 Κ.

75 2309 133 2345 24.
183 2310 242 2345 οἶ
275 2308 390 2358 αὐτῷ,
419 2311 582 2347 Vulcano.
615 2325 658 2346 ue
686 2315 751 2347 sibi
781 2315 842 2348 de-

30 2363 185 2399 speraret
203 2369 304 2392 senea:
327 2347 493 2392 sacerdos
517 2357 642 2401 Dares,
668 2362 841 2395 amborum

29 2401 177 2436 filiorum
210 2405 313 2438 orbus
346 2405 472 2438 factus.
527 2404 706 2449 πάγχυ,
742 2407 839 2442 πάν-

30 2460 113 2490 τως,
137 2452 337 2491 παντελῶς,
360 2462 511 2493 prorsus.
538 2451 622 2485 Sch.
636 2450 731 2487 :oin-
757 2454 840 2509 εἴ.η

29 2496 214 2550 λυπηθείη
249 2497 322 2540 (ab
348 2495 584 2541 ἀκάχημαι),
612 2495 661 2537 ὡς
686 2498 839 2544 τιθήμε-

29 2554 111 2584 νος,
136 2541 334 2598 ὀνήμενος,
365 2545 553 2582 Αἰολικώς.
589 2545 629 2585 (,,
634 2546 666 2578 h.
692 2557 723 2578 e.
748 2546 838 2580 anti-

29 2599 107 2632 que.
157 2590 200 2624 de
225 2587 449 2634 άκαχμένος,
473 2589 717 2636 ἠκονημένος,
744 2605 777 2628 v.
795 2592 839 2626 ad

29 2633 203 2676 κ’,135.“
231 2637 295 2680 Η.)

77 2693 142 2734 27,
166 2694 198 2728 8.
247 2692 322 2729 υἷε
346 2698 391 2729 Δ.
435 2692 517 2729 αντὶ
552 2697 620 2731 τοῦ
648 2696 722 2729 τῶν
744 2695 839 2730 υιιὸν

32 2737 225 2792 (perperam
250 2740 372 2776 codd.
396 2754 444 2774 τω
472 2741 565 2786 υἱοὶ)
598 2746 642 2776 Δ
672 2741 836 2786 ἐπιφέρει

30 2795 101 2870 ᾗαῗ
107 2780 175 2887 (ιῖιζὶ
186 2785 838 2889 ζᾱζοῖιῖιεῐξοέἰιιιῗδῐέΐᾟίῗῐὲυυιῖιᾶἅῖφῗ

31 2872 71 2910 δ’
103 2874 258 2918 εζομένω
292 2877 335 2921 γ’,
358 2880 460 2923 211)
515 2878 578 2914 ἄλ.
612 2880 836 2923 ἐκκλίνοντα,

30 2920 227 2965 φεύγοντα.
251 2923 364 2966 Sch.‚
369 2926 584 2968 ,notandu1u,
617 2925 675 2961 αἷλ.
700 2928 834 2962 absolu·

28 2972 64 3002 te
89 2969 159 3002 dici
185 2980 246 3014 pro
272 2969 495 3015 φεύγονταέθ
520 2973 566 3006 H.

71 3027 129 3068 29,
146 3027 204 3063 30.
237 3023 258 3063 o'
267 3039 299 3072 ρ.
323 3027 562 3076 διεταράχθη.
586 3027 650 3076 (δ’,
662 3032 730 3066 908
745 3030 832 3076 etc.)

891 1409 1097 1452 θουρον.
1145 1404 1478 1447 ἐνθουσιαστικὸν,
1512 1406 1706 1450 ευκίνητον

890 1455 929 1491 ἐν
957 1457 1008 1500 τῷ
1033 1453 1194 1512 πολέμῳ.
1220 1455 1286 1510 (cf.
1314 1451 1358 1495 δ’,
1382 1452 1483 1496 234.)
1507 1452 1588 1486 Sch.

935 1502 992 1536 31.
1033 1495 1161 1543 Αρες
1186 1498 1253 1534 ab'
1253 1497 1355 1543 Ἀρης
1379 1499 1495 1555 priore
1517 1499 1642 1543 longa,
1665 1503 1706 1533 ut

888 1546 1033 1581 inferius
1057 1548 1157 1584 518..
1183 1547 1263 1587 563,
1288 1548 1370 1587 594,
1394 1543 1438 1586 ν,
1465 1547 1543 1580 521.
1570 1549 1606 1578 et
1626 1545 1704 1579 aliis

888 1593 1058 1626 nonnullis
1094 1593 1200 1633 loms,
1238 1604 1326 1636 quae
1362 1591 1493 1636 corripi
1517 1591 1607 1624 solet
1631 1591 1704 1635 syl-

888 1639 967 1673 laba
992 1650 1074 1672 casu
1099 1645 1195 1672 recto
1222 1644 1257 1672 et
1282 1644 1417 1682 quarto.
1467 1637 1568 1671 etiam
1593 1638 1703 1693 Soph.

890 1685 943 1728 Aj.
962 1687 1040 1720 242.
1061 1685 1096 1718 in
1115 1685 1266 1718 carmine
1284 1685 1411 1718 dixit
1389 1697 1473 1728 αρη,
1498 1684 1589 1717 sicut
1609 1681 1702 1742 ανὴρ

888 1730 933 1764 ib
968 1733 1078 1771 1117,
1113 1730 1378 1789 Aeschylusque
1402 1730 1435 1763 in
1461 1729 1598 1764 senario
1621 1729 1702 1775 Ἀρ-

888 1781 986 1821 γεῖος
1011 1776 1106 1822 ἇνήρ
1139 1777 1239 1810 Ευιιι
1266 1777 1345 1812 693.
1365 1772 1462 1819 Αρες
1477 1775 1579 1820 ’Ἆρες
1603 1776 1702 1810 simul

890 1824 1001 1865 dixit,
1040 1831 1077 1857 ut
1110 1823 1258 1856 Theocr.
1297 1826 1453 1865 6‚19..
1567 1836 1614 1858 τα
1648 1820 1701 1867 μή

887 1869 982 1904 uon&
1006 1869 1102 1905 κᾶλα
1133 1869 1331 1913 πέφανται.
1376 1870 1422 1903 cf.
1451 1869 1594 1904 inferius
1618 1869 1700 1905 455.

887 1916 1007 1971 inepte
1040 1916 1092 1950 E:
1125 1934 1170 1940 —
1194 1916 1257 1951 καὶ
1287 1915 1362 1960 μὴν
1397 1914 1565 1951 ἐνταῦθα
1593 1914 1701 1959 δόξοι

889 1958 936 1996 ἂν
960 1961 1068 2006 λόγος
1091 1962 1287 2002 κανονικὸς
1310 1962 1482 2006 (legxtima
1496 1962 1605 2019 rano)
1629 1962 1700 1998 ὑπ-

889 2012 983 2044 εῖναι
1009 2010 1053 2054 τῇ
1079 2008 1296 2053 διφορὴσει,
1328 2010 1389 2043 ἵνα
1415 2007 1458 2044 τὸ
1483 2021 1550 2052 μεν
1575 2009 1701 2045 δεύτε-

887 2068 953 2097 ρον
969 2052 1073 2098 Ἀρες
1098 2055 1270 2100 συστέλλῃ
1294 2054 1335 2091 τὸ
1350 2056 1536 2099 δίχρονοι,
1561 2052 1588 2089 ὦ
1593 2069 1611 2095 ς
1629 2059 1700 2092 τοῦ

878 2099 992 2146 ’Ἄρης
1016 2101 1053 2136 ἐκ
1077 2100 1356 2161 βραχυνομένου
1382 2103 1450 2137 τοῦ
1483 2105 1700 2147 στερητικοῦ

888 2161 913 2183 α
936 2149 999 2183 καὶ
1028 2147 1067 2183 ἐκ
1098 2150 1168 2184 τοῦ
1201 2148 1254 2192 ῥιδ
1277 2148 1318 2183 τὰ
1345 2148 1434 2193 λέγω
1461 2149 1700 2198 συγκειμένου

887 2194 982 2230 κατά
1009 2196 1211 2236 τινας·τό
1238 2193 1279 2230 δε
1302 2197 1451 2251 πρῶτον
1461 2191 1565 2252 ῘΑρες
1589 2195 1701 2232 ε’κτεί-

889 2254 944 2277 νει
969 2241 1035 2285 τὴν
1061 2241 1251 2286 ἄρχουσαν
1286 2239 1336 2283 ὠς
1369 2242 1408 2277 ἐκ
1430 2243 1496 2286 τῆς
1521 2240 1614 2286 α’ροῖς
1637 2244 1702 2280 καὶ

888 2289 957 2322 τοῦ
983 2288 1160 2342 αρᾶσθαι
1171 2295 1237 2323 etc.
1267 2290 1313 2323 cf.
1327 2290 1370 2322 Η.
1390 2309 1433 2314 —-
1453 2289 1546 2326 Sch.:
1568 2291 1700 2335 βροτ.

891 2332 1216 2380 α’νθρωποφθόρε.
1264 2335 1517 2380 μιαιφόνε
1552 2339 1700 2379 μιαινό-

887 2394 972 2424 μενε
1001 2382 1149 2439 μφόιοις.
1190 2383 1307 2426 [recte
1339 2383 1391 2416 E:
1425 2395 1626 2426 σημειωσαι
1659 2382 1701 2420 δὲ

888 2425 947 2462 ὅτι
969 2428 1010 2464 τὸ
1035 2427 1308 2472 μιαιφόνος
1334 2426 1423 2464 οὐδ’
1450 2430 1620 2465 ἐνταυθα
1639 2431 1700 2466 ἐπὶ

886 2471 993 2520 ν’βρει
1017 2480 1156 2517 κεῖται,
1180 2477 1235 2520 (τί
1258 2474 1328 2519 γὰρ
1353 2475 1428 2511 ἔδει
1451 2477 1572 2529 μάτην
1599 2475 1698 2514 οὕτω

884 2523 947 2556 καὶ
981 2535 1048 2558 ουκ
1084 2521 1124 2557 ἐν
1156 2524 1273 2568 καιρῷ
1294 2524 1479 2580 λοίδορον
1510 2523 1606 2559 εἶναι
1629 2524 1699 2569 τήν

883 2566 1095 2626 Ἀθηνᾶν;)
1129 2571 1238 2614 δηλοῖ
1268 2567 1309 2604 δὲ
1346 2566 1471 2611 απλῶς
1505 2568 1625 2611 οὕτως
1649 2570 1699 2613 ὥς

885 2612 925 2649 ἐν
967 2618 1101 2660 μετρίῳ
1144 2615 1359 2673 σκώμματι
1375 2615 1444 2651 τόν
1485 2618 1696 2673 αἱμοβαφῆ.

885 2659 961 2696 ε’στι
983 2661 1051 2706 γὰρ
1075 2665 1291 2705 μιαίνεσθαι
1320 2675 1385 2703 μεν
1414 2662 1456 2698 τὸ
1482 2664 1694 2710 βάπτεσθαι

884 2715 949 2742 etc.
996 2710 1029 2742 K
1055 2709 1206 2743 conferri
1238 2709 1345 2753 jussit
1371 2711 1441 2746 289
1474 2716 1510 2744 et
1578 2712 1692 2752 ,329.

881 2765 977 2798 sequ.
1025 2755 1115 2789 idern
1139 2755 1319 2789 dicendum
1341 2763 1393 2789 est
1414 2757 1458 2790 de
1482 2725 1589 2791 verbs}
1607 2758 1694 2801 βρο-

881 2800 1050 2845 τολοιγὲ]
1092 2813 1203 2856 τειχ.
1227 2805 1306 2842 τοῖς
1330 2804 1461 2845 τείχεσι
1486 2802 1692 2846 προσπελά-

881 2848 964 2888 ζων,
990 2846 1177 2892 πορθητά.
1228 2846 1294 2883 εὀἑν
1320 2846 1360 2883 δε
1386 2847 1450 2883 δια
1468 2851 1534 2883 τοῦ
1559 2851 1582 2894 β
1603 2847 1692 2894 γρά-

882 2907 997 2937 φηται
1031 2894 1094 2938 (ld
1120 2896 1286 2939 quosdam
1320 2895 1445 2928 feclsse
1477 2896 1526 2928 ait
1551 2896 1594 2928 E.
1643 2896 1689 2929 cf.

880 2940 984 2973 Schn.
1011 2952 1046 2974 v.
1072 2952 1109 2975 τε
1113 2941 1386 2986 ιχεσιπλήτηςη)
1403 2939 1422 2974 ὁ
1443 2955 1489 2976 τα
1505 2943 1605 2986 τείχη
1625 2954 1690 2976 κα-

878 2984 1080 3032 ταβόλλων.

925 3034 982 3069 33.
1017 3033 1068 3067 E:
1093 3031 1256 3079 ὀρέξαι
1273 3032 1334 3068 καὶ
1352 3030 1520 3068 ἐνταῦθα
1537 3031 1578 3068 τὸ
1599 3033 1689 3069 δοῦ-
