1811 3269
104 163 185 205 162

158 273 241 316 840

732 162 768 202 0
798 162 857 203 M
879 163 926 205 H
952 164 992 205 P
1027 164 1065 206 Ο
1097 165 1135 206 Ῥ

351 270 591 322 Ἱππόθοος
620 268 662 315 δ’
695 270 772 343 ἄγε
803 276 922 342 φῦλα
954 277 1195 342 Πελασγῶν
1223 274 1538 330 ἐγχεσιμώρων,

270 331 382 382 τῶν,
415 332 458 372 οἱ
478 327 716 400 Λάρισσαν
743 328 990 386 ἐριβώλακα
1023 329 1335 374 ναιετάασκον·

271 389 360 428 τῶν
389 383 488 441 ἦρχ’
515 384 751 437 Ἱππόθοός
780 403 825 431 τε
857 387 1055 439 Πύλαιός
1084 385 1141 439 τ’,
1174 386 1275 441 ὄζος
1293 386 1464 444 Ἄρηος,

270 439 338 486 υἷε
367 442 459 485 δύω
489 441 664 497 Λήθοιο
695 446 926 516 Πελασγοῦ
959 445 1247 499 Τευταμίδαο.

350 497 502 552 Αὐτὰρ
535 498 728 555 Θρήϊκας
757 501 831 572 ἦγ’
856 499 1062 571 Ἀκάμας
1077 501 1151 544 καὶ
1186 502 1375 555 Πείροος
1403 499 1535 558 ἥρως,

156 556 240 601 845
271 553 430 606 ὅσσους
454 554 769 628 Ἑλλήσποντος
799 556 1017 613 ἆγαῤῥοος
1045 556 1169 608 ἐντος
1192 556 1348 629 ἐέργει.

347 612 564 669 Εὔφημος
593 611 634 657 δ’
669 613 802 671 ἀρχὸς
832 615 1041 659 Κικόνων
1070 618 1126 671 ἡν
1158 613 1416 670 αἰχμηταων,

97 716 161 750 hoc
185 714 322 770 quidem
347 715 494 750 Strabo.
519 714 584 751 τὸν
608 729 675 760 μεν
699 716 907 761 Σελλήεντα

98 758 268 844 qpyoligao
300 774 338 796 π.
363 759 458 807 πρὸς
486 762 531 809 τῇ
555 760 694 809 Ἀρίσβῃ
726 763 804 807 ρεῖν
838 770 907 798 etc.

97 821 116 843 c
171 811 192 843 6

142 854 222 891 840.
271 854 436 888 hactenus
472 865 609 896 omnes,
642 867 728 900 quos
762 855 907 890 hostium

96 900 315 941 memoravit,
342 900 505 944 Trojanis
525 880 609 936 sunt,
621 902 779 942 accensi3
805 913 907 947 prae-

95 952 260 992 tereaque
284 946 442 980 Priami'
434 948 577 1003 imperio
604 948 762 992 paruisse
786 949 908 982 viden-

95 998 153 1027 tur
179 994 326 1037 Leleges
352 994 403 1037 (ν.
425 992 470 1034 κ’,
503 993 595 1034 429,
663 995 763 1036 87,
788 994 905 1027 Strab.

97 1041 150 1075 13.
180 1052 212 1085 p.
238 1041 328 1079 902,
353 1041 442 1080 508,
469 1045 504 1072 et
534 1040 567 1072 H
593 1044 708 1073 annot.
736 1040 778 1073 ad
805 1040 906 1074 finem

94 1086 195 1130 hujus
220 1085 352 1129 libri.);
389 1086 529 1126 Cilices,
555 1097 695 1130 quorum
720 1085 778 1120 alii
803 1098 905 1131 pare-

94 1132 177 1166 bant
216 1131 374 1174 Eetioni,
415 1131 561 1165 Theben
598 1132 807 1174 incolentes,
845 1132 905 1165 alii

93 1177 251 1221 Myneti‚
294 1178 370 1221 regi
404 1178 684 1222 Lyrnessioruru3
733 1179 904 1211 Caucones

93 1225 155 1268 (κ’,
187 1224 278 1265 429,
303 1223 351 1265 ν’,
377 1225 508 1267 329),
543 1236 627 1269 quos
649 1224 905 1269 Paphlagoniae

94 1270 238 1304 attribui
263 1269 349 1303 dicit
381 1271 602 1315 geographus
626 1272 658 1304 7.
689 1283 722 1315 p.
747 1270 839 1311 496,
865 1272 903 1303 Α.

92 1317 166 1361 (cf.
196 1328 271 1349 ann.
298 1316 341 1348 ad
369 1317 494 1359 855.);
528 1317 678 1360 denique
716 1316 809 1350 Cetei
841 1316 905 1349 sub

92 1363 163 1396 filio
184 1361 344 1406 Telephi,
366 1362 547 1406 Eurypylo
561 1360 760 1407 (0(1)’55.λ.’,
783 1363 906 1405 520.);

94 1409 153 1452 qui
177 1410 278 1441 sedes
302 1408 464 1441 habuisse
495 1409 658 1441 videntur
687 1410 731 1442 ad
765 1408 906 1441 Caicum

93 1454 130 1488 fl.
156 1455 191 1487 in
218 1454 343 1498 Mysia.
387 1466 421 1487 v.
455 1455 572 1487 Strab.
609 1456 660 1489 13.
697 1466 728 1499 p.
751 1455 839 1494 915,
866 1453 907 1494 C,

93 1503 184 1542 921,
210 1501 260 1542 Β,
286 1501 374 1540 996,
400 1500 441 1532 Β.
477 1499 512 1533 1ιί
536 1511 651 1533 omnes
675 1512 793 1545 parum
820 1499 907 1532 vali-

94 1547 130 1581 di
153 1546 261 1580 fuisse
285 1546 428 1590 putandi
448 1551 540 1586 sunt,
567 1549 767 1590 praesert11n
786 1546 909 1586 Cetei3

94 1593 291 1627 Cauconum
316 1603 434 1625 nomen
460 1596 591 1625 mature
625 1592 771 1628 defecit;
806 1592 906 1625 Lele-

93 1651 171 1683 gum
201 1644 313 1672 autem
351 1643 455 1682 atque
489 1638 635 1671 Cilicum
668 1650 725 1671 res
751 1639 906 1671 Graeco-

94 1697 166 1719 rum
200 1683 395 1718 vastatione
431 1689 500 1717 tam
532 1684 666 1717 accisae
708 1689 826 1726 erant,
868 1688 906 1716 ut

93 1730 194 1777 pauci
217 1734 439 1774 superessent
461 1731 523 1763 sub
543 1731 704 1764 Hectore.
737 1742 759 1763 v
786 1730 905 1764 Strab.

94 1779 148 1814 13
175 1789 210 1822 p.
237 1778 316 1812 920.
345 1788 439 1820 sequ.
483 1776 553 1819 jam
588 1781 809 1810 recensentur
840 1776 904 1808 Pe

92 1825 203 1868 lasgi,
241 1823 412 1863 Thraces,
456 1823 619 1864 Cicones,
656 1824 828 1863 Paeones,
871 1822 904 1855 hi

91 1870 228 1915 quidem
274 1868 473 1912 Europaei,
521 1869 600 1902 dein
651 1869 904 1913 Paphlaaones,

92 1917 298 1955 Halizones,
346 1915 454 1957 Mysi,
502 1916 680 1959 Phryges,
731 1916 905 1955 Maeones,

93 1963 200 1995 Cares
233 1965 268 1995 et
301 1961 418 1994 ultimo
451 1960 526 1995 loco
560 1961 677 2005 Lycii,·
716 1962 839 2005 quibus
873 1960 903 1993 si

90 2007 238 2051 Trojani
274 2013 561 2047 annumerantur,
598 2009 640 2042 12
666 2006 766 2041 Asiae
800 2011 904 2051 atque

92 2055 255 2098 Europae
289 2061 410 2097 gentes
444 2052 596 2087 videmus
621 2054 770 2087 Graecis
795 2065 903 2097 oppo-

91 2101 188 2135 sitas.
213 2119 257 2124 —
282 2100 326 2132 de
351 2099 572 2143 Pelasgorum
596 2105 720 2144 gente,
740 2110 802 2144 per
826 2100 904 2133 loca

92 2146 237 2192 plurima
260 2147 441 2190 utriusque
460 2146 664 2179 continentis
683 2157 814 2190 sparsa,
840 2157 902 2178 nec

91 2193 210 2227 eodem
237 2192 362 2236 ubique
387 2191 519 2225 nomine
543 2193 734 2236 appellata,
760 2202 900 2235 quorum

91 2250 172 2318 pags
196 2238 299 2316 <itiam
325 2238 664 2325 ffroadisdtractum,
690 2239 817 2317 irhquta
829 2237 903 2315 Is‘lita

91 2296 130 2320 ur
157 2295 172 2317 5
229 2295 340 2317 ανιεεα
393 2295 468 2316 lnse
497 2291 595 2318 erant
652 2296 683 2318 v.
769 2296 787 2316 e
865 2295 902 2316 ο-

90 2330 175 2367 meri
199 2330 374 2375 interpp„
402 2330 443 2363 C.
464 2331 507 2364 Ο.
532 2331 667 2364 Miiller.
695 2331 829 2363 Hellen.
849 2331 901 2365 St.

94 2379 124 2411 1.
160 2386 193 2421 p.
229 2377 304 2410 125.
341 2387 462 2420 seqq-,
513 2378 749 2410 Wachsmuth.
785 2376 902 2409 Alter-

93 2423 312 2462 thumsk.1‚
347 2424 377 2455 1.
414 2433 446 2466 p.
480 2424 534 2457 25.
568 2434 663 2467 seqq.
679 2447 688 2464 ,
730 2424 774 2457 Η.
806 2422 902 2455 Hase

94 2469 202 2503 class.
230 2468 474 2502 Alterthumsk.
498 2471 527 2503 1.
554 2479 586 2512 p
612 2471 668 2524 29.
693 2480 814 2522 seqq„
838 2468 904 2501 ali-

92 2526 211 2559 osque.
248 2533 292 2538 —
329 2513 470 2558 ἐγχεσ
497 2515 580 2557 περὶ
604 2514 649 2549 τὰ
679 2513 819 2557 δόρατα
841 2526 903 2557 με·

91 2558 329 2613 μωρημένων.
353 2561 435 2593 Sch.
465 2560 553 2595 idem
580 2561 799 2606 significatur
823 2572 903 2595 ver-

91 2607 146 2640 bis
179 2605 359 2651 μεμάοτες
381 2604 569 2662 ἐγχείῃσιν
601 2611 701 2648 818.,
736 2607 903 2651 siquidem

90 2651 255 2697 μᾶορος,
288 2651 431 2698 μωρὸς,
467 2666 488 2687 a
511 2652 596 2697 μαάι
629 2654 828 2694 derivatur,
865 2659 904 2686 ut

91 2700 293 2754 τιμάορος,
319 2699 498 2744 τιμωρὸς,
524 2713 544 2734 a
569 2700 710 2743 τιμάω,
736 2705 904 2743 sonatque

92 2746 231 2791 proprie
255 2747 415 2790 cupidum
441 2754 476 2780 et
494 2752 726 2803 appetentem,
750 2745 824 2779 sive
843 2746 904 2778 bo-

92 2803 209 2827 narum
234 2803 370 2833 rerum,
390 2793 487 2826 velut
512 2794 544 2826 h.
569 2793 602 2834 l.,
628 2793 685 2826 ubi
711 2791 904 2837 ἐγχεσίμω-

92 2851 153 2881 ροι
176 2839 339 2872 dicuntur
364 2839 489 2872 fervidi
515 2840 713 2880 bellatores,
738 2838 812 2872 sive
833 2850 905 2871 ma-

91 2885 214 2926 larum,
240 2896 313 2919 cum
336 2896 377 2918 eo
402 2885 509 2919 verbo
529 2885 794 2931 intemperantia
817 2885 905 2918 stul-

91 2930 238 2975 titiaque
258 2930 441 2966 indicatur.

140 2977 219 3012 841.
267 2975 527 3021 Λάρισσαν.
570 2978 611 3012 11
636 2976 795 3010 Larissas
819 2986 903 3009 enu-

94 3027 203 3059 merat
237 3023 364 3069 Steph.
396 3024 504 3069 Byz.,
537 3022 811 3069 quandoquidem
835 3022 905 3056 Pe·

953 716 1042 762 lasgi
1081 716 1116 750 id
1159 728 1278 751 nomen
1319 715 1474 761 inprimis
1503 716 1764 770 frequentarunt

954 764 1050 797 novis
1075 763 1214 797 sedibus
1240 762 1464 808 appellandis.
1497 774 1539 795 ex
1564 762 1617 796 his
1634 762 1762 795 Strabo

955 811 1008 846 13.
1048 822 1082 854 p.
1115 811 1182 845 921
1213 809 1262 849 C,
1301 809 1357 850 D,
1401 813 1566 842 memorat
1591 807 1763 841 Larissam

954 855 1105 890 Troadis
1136 855 1204 900 ipsi
1235 835 1299 889 Ilio
1334 854 1592 896 subjacentem;
1623 854 1764 887 alteram

954 903 1016 935 sub
1041 902 1164 935 'lmolo
1190 901 1281 946 apud
1306 900 1502 946 Ephesum,
1528 899 1677 944 denique
1692 903 1765 932 ter-

954 947 1036 981 tiam
1069 947 1160 982 circa
1194 947 1324 991 Cymen
1357 946 1529 987 Aeolidis,
1564 957 1653 991 quae
1684 949 1764 989 post

952 993 1131 1027 Phriconis
1168 994 1342 1038 appellata
1375 993 1464 1034 fuit3
1495 1003 1594 1037 quam
1626 990 1765 1036 quidem

951 1038 1207 1083 intelligendam
1235 1051 1309 1073 esse
1334 1044 1455 1084 putat,
1489 1038 1647 1091 quoniam
1673 1036 1764 1092 Hip-

952 1086 1100 1142 pothous
1133 1084 1176 1129 ρ’,
1208 1086 1275 1122 301
1312 1084 1480 1119 cecidisse
1516 1083 1643 1118 dicitur
1678 1079 1764 1137 τῆλ’

951 1129 1025 1167 α’πὸ
1050 1134 1248 1177 Λαρίσσης.
1295 1134 1406 1187 χίλιοι
1429 1128 1500 1187 γάρ
1525 1143 1613 1171 που,
1637 1128 1763 1174 iuquit,

951 1178 1101 1213 στάδιοι
1123 1176 1281 1222 μεταξύ·
1308 1196 1352 1203 —
1386 1174 1408 1222 5
1437 1176 1476 1212 δὲ
1501 1173 1596 1212 καθ’
1616 1175 1763 1218 Αμαξι-

950 1223 1015 1260 τὸν
1040 1224 1078 1260 ἐν
1106 1224 1194 1270 ὄψει
1218 1223 1343 1264 τελέως
1368 1225 1419 1271 τῷ
1438 1221 1547 1269 Ἱλίω,
1573 1236 1636 1257 και
1658 1220 1765 1267 ἐγγύς

952 1270 1098 1315 σφόδρα
1123 1271 1161 1306 ἐν
1186 1273 1390 1311 διακοσίοις
1413 1283 1487 1305 που
1505 1270 1680 1309 σταδίοις.
1719 1268 1762 1300 il-

952 1318 1016 1350 lam
1042 1329 1123 1351 vero
1149 1318 1214 1350 sub
1230 1317 1350 1349 Tmolo
1377 1315 1491 1361 potius
1514 1315 1556 1348 ad
1569 1315 1762 1348 Maeoniam
1784 1323 1794 1325 “

952 1363 1027 1397 sive
1061 1363 1207 1407 Lydiam
1243 1363 1430 1407 pertinere.
1490 1361 1543 1395 cui
1576 1361 1763 1394 assentior:

953 1420 1063 1452 neque
1087 1409 1173 1443 enim
1200 1408 1243 1442 ad
1268 1408 1326 1441 viv
1331 1420 1384 1441 um
1407 1407 1615 1441 resecandus
1640 1413 1693 1440 est
1705 1417 1762 1451 ap.

956 1458 1089 1500 poetam
1115 1455 1218 1496 ordo,
1252 1466 1321 1498 quo
1344 1454 1430 1488 haec
1454 1455 1529 1488 loca
1554 1458 1590 1488 et
1611 1453 1764 1488 incolen-

954 1508 1007 1535 tes
1033 1513 1072 1534 ea
1097 1480 1218 1545 populi⁷
1238 1505 1552 1534 commemorantur.

1001 1547 1080 1581 842.
1132 1547 1365 1590 Hippothoum
1389 1547 1520 1580 occidit
1532 1546 1638 1590 Ajax.
1663 1558 1698 1580 v.
1716 1543 1762 1590 ρ’,

954 1594 1020 1627 289
1041 1604 1138 1637 seqq.
1189 1594 1311 1635 Pylaet'
1334 1604 1453 1626 nomen
1479 1592 1534 1626 hic
1559 1599 1688 1626 tantum
1711 1592 1763 1626 le-

953 1638 1047 1682 gitur
1071 1650 1125 1682 ap.
1144 1639 1242 1671 Hom.
1282 1638 1503 1672 vindicabant
1521 1650 1592 1672 eum
1610 1639 1676 1672 sibi
1694 1639 1764 1672 Le-

952 1684 1031 1724 sbii,
1057 1696 1166 1728 eoque
1191 1696 1228 1717 se
1248 1685 1335 1718 duce
1348 1685 1487 1728 Trojam
1513 1686 1690 1729 profectos
1708 1696 1764 1718 es-

951 1741 989 1764 se
1009 1730 1260 1774 gloriabantur,
1286 1736 1374 1765 teste
1392 1731 1512 1764 Strab.
1537 1742 1570 1775 p.
1592 1733 1673 1772 922,
1697 1730 1738 1764 C.

998 1778 1077 1812 843.
1125 1776 1169 1809 de
1195 1777 1303 1810 Lethe
1328 1778 1473 1810 obseura
1498 1777 1588 1810 fama
1613 1785 1675 1817 est,
1697 1789 1763 1811 nec
1808 1771 1811 1820 2¹

957 1823 1118 1855 'I'eutami
1141 1829 1324 1866 praeterea
1348 1823 1388 1856 fit
1417 1822 1566 1864 mentio,
1600 1830 1763 1867 quantum

951 1869 1077 1901 s‹iam·
1112 1880 1222 1912 neque
1257 1868 1344 1902 enim
1368 1869 1425 1901 hic
1436 1868 1631 1922 quidquam
1655 1881 1764 1914 nego-
1806 1863 1811 1907 l«,

950 1914 991 1947 tii
1017 1919 1070 1947 est
1100 1915 1293 1955 Teutamo,
1328 1916 1408 1959 Ass)
1409 1914 1548 1948 riorum
1575 1916 1672 1960 regi,
1706 1916 1763 1950 cui

951 1961 1141 2004 subjectum
1173 1960 1280 1993 fuisse
1312 1961 1481 1994 Priamum
1515 1967 1632 1995 narrat
1656 1961 1762 1999 Diod.

950 2051 1156 2095 ρυνόμενον
1178 2054 1228 2098 τῷ
1259 2053 1404 2109 πολέμῳ
1430 2074 1474 2079 -
1498 2054 1644 2098 πέμψαι
1667 2054 1763 2098 πρὸς

950 2097 1067 2134 αϋτόν
1091 2088 1326 2153 πρεσβευτὰς
1360 2113 1444 2143 περι
1468 2101 1670 2156 βοηθείας
1694 2099 1763 2137 τὸν

950 2144 989 2180 δὲ
1027 2143 1221 2187 Τεύταμον
1262 2159 1419 2189 μυριους
1459 2159 1526 2188 μεν
1559 2149 1761 2190 Αἰθίοπας,

951 2007 1023 2039 Sic.
1045 2008 1087 2046 2,
1113 2008 1194 2041 22.:
1220 2020 1280 2041 και
1306 2006 1372 2042 τὸν
1395 2005 1462 2051 μὲν
1491 2008 1665 2051 Πρίαμον
1690 2010 1762 2066 βα-
1802 2013 1803 2017 ’

950 2189 1084 2231 ἄλλους
1109 2190 1160 2226 δε
1197 2190 1399 2232 τοσούτους
1431 2193 1668 2234 Σουσιανους
1691 2206 1761 2229 συν
1808 2207 1811 2213 ²

947 2235 1085 2281 ἅρμασι
1109 2239 1314 2278 διακοσιοις
1345 2237 1618 2281 ἐξαποστεῖλαι,
1653 2252 1762 2283 στρα-

948 2283 1063 2328 τηγόν
1100 2283 1444 2330 ἐπικαταστήσαντα
1477 2286 1658 2330 Μέμνονα
1691 2288 1760 2324 τὸν

954 2332 1131 2366 Τιθωνοῦ
1156 2336 1221 2365 etc.

995 2377 1072 2411 844.
1120 2379 1151 2413 Θ
1163 2391 1183 2420 ρ
1195 2377 1213 2421 ἡ
1229 2381 1244 2411 ἰ
1252 2391 1272 2412 κ
1283 2391 1307 2411 α
1317 2391 1345 2418 ς.
1373 2378 1530 2412 Thraces
1543 2378 1759 2424 Europaeos,
1790 2387 1793 2417 j

948 2424 1164 2468 Hellesponti
1191 2424 1336 2458 accolas.
1393 2427 1542 2457 Acamas
1567 2425 1692 2459 Eusori
1710 2426 1758 2461 fil.

948 2470 1028 2510 fuit,
1053 2471 1150 2513 cujus
1174 2471 1322 2514 speciem
1343 2470 1438 2504 Mars
1457 2471 1605 2504 adscivit
1627 2470 1664 2512 ε’,
1676 2472 1759 2507 462.
1787 2490 1789 2505 ι

950 2517 995 2549 cf.
1020 2514 1059 2557 ζ’,
1085 2518 1118 2550 8.
1160 2517 1211 2548 Es
1238 2516 1283 2548 H.

951 2563 993 2595 ab
1020 2566 1111 2594 Aeno
1138 2562 1312 2595 Thraciae
1329 2562 1455 2606 oppido
1477 2562 1518 2595 ad
1542 2563 1651 2596 Hebri
1669 2564 1759 2598 ostia

949 2608 1016 2641 sito
1041 2609 1244 2647 advenerat,
1266 2609 1309 2641 de
1335 2620 1400 2650 quo
1426 2608 1471 2641 cf.
1497 2607 1540 2648 δ’,
1565 2610 1652 2651 520,
1676 2610 1758 2644 528.

952 2655 1004 2687 Ex
1038 2655 1173 2692 eodem,
1209 2665 1251 2687 ex
1279 2654 1378 2697 cujus
1409 2653 1631 2688 annotatione
1656 2655 1758 2690 etiam
1782 2668 1784 2685 1

950 2700 1127 2744 sequentia
1145 2700 1219 2733 fere
1245 2706 1420 2756 excerpta
1430 2705 1519 2734 sunt.

996 2747 1075 2781 845.
1126 2746 1368 2790 Hellespontus
1398 2744 1420 2780 οΞ
1432 2760 1451 2791 γ
1463 2745 1485 2779 οἱ
1499 2745 1551 2790 ῤῥ
1566 2758 1584 2780 ο
1599 2759 1620 2780 ο
1633 2758 1670 2787 ς,
1695 2758 1758 2780 ae·
1780 2766 1781 2769 =

949 2797 1101 2835 stuosus,
1132 2791 1258 2826 dicitur
1283 2798 1425 2837 propter
1449 2793 1552 2826 maris
1575 2792 1705 2836 Aegaei
1722 2796 1781 2827 eti

950 2839 1054 2872 Ponti
1086 2837 1213 2871 Euxini
1247 2838 1573 2883 reciprocationem,
1614 2850 1683 2884 qua
1713 2839 1779 2873 de

950 2896 989 2918 re
1014 2883 1102 2917 dixit
1126 2884 1304 2918 Woodius.

996 2931 1075 2966 846.
1128 2930 1277 2972 Cicones,
1303 2930 1476 2964 Thracum
1496 2929 1557 2964 et
1547 2929 1615 2974 ipsi
1633 2941 1776 2973 genus,

949 2987 1054 3021 supra
1072 2975 1269 3010 Maroneam
1293 2981 1329 3010 et
1347 2975 1510 3010 Ismarum
1535 2976 1774 3017 habitarunt,
1802 2987 1803 2999 ³

949 3033 1134 3068 quorum
1122 3021 1285 3067 :eliquias
1313 3023 1405 3057 inter
1440 3023 1593 3058 Hebrum
1624 3025 1660 3062 et
1682 3021 1773 3066 Lis-

1348 2517 1483 2558 Pirous,
1520 2517 1662 2550 Imbrasi
1697 2518 1788 2560 fil.„.
