1811 3269
598 162 1033 204 ΙΛΙΑΔΟΣ
1096 163 1148 204 Λ.

1655 167 1712 209 83

209 262 395 307 πεύθετο
426 261 510 318 γάρ
542 262 777 317 Κύπροιδε
807 261 917 317 μέγα
946 261 1092 313 κλέος,
1127 259 1279 305 οὕνεκ’
1310 260 1471 319 Ἀχαιοὶ

210 321 254 371 ἐς
289 320 451 374 Τροίην
480 320 656 374 νήεσσιν
686 318 1041 363 ἀναπλεύσεσθαι
1071 318 1273 374 ἔμελλον·

209 375 398 420 τοῦνεκά
429 376 472 418 οἷ
499 375 578 419 τόν
608 378 741 429 δῶκε,
775 373 1060 445 χαριζόμενος
1087 378 1276 443 βασιλῆϊ.

207 437 288 477 τοῦ
320 430 364 475 6’
395 426 492 488 ἦτοι
524 431 629 476 δέκα
658 438 779 490 οἰμοι
814 434 917 477 ἔσαν
944 432 1130 486 μέλανος
1160 430 1362 484 κυάνοιο,

123 495 177 535 25
209 489 379 534 δώδεκα
414 489 460 532 δὲ
489 495 698 545 χρυσοῖο,
729 491 802 534 καὶ
832 491 971 533 εἴκοσι
1000 489 1301 543 κασσιτέροιο·

206 545 388 591 κυάνεοι
419 546 465 589 δὲ
496 546 732 600 δράκοντες
762 546 1008 620 ὀρωρέχατο
1038 562 1166 616 προτι
1198 545 1350 600 δειρὴν

206 608 320 658 τρεῖς
350 602 568 655 ἑκάτερθ’,
599 606 762 657 ἴρισσιν
792 604 981 653 ἐοικότες
1021 636 1032 656 ,
1065 602 1166 645 ἅστε
1197 603 1406 654 Κρονίων

207 660 255 704 ἐν
283 659 409 715 νέφεϊ
438 659 630 717 στηριξε,
663 662 791 716 τέρας
819 660 1025 718 μερόπων
1057 657 1322 713 ἀνθρώπων.

35 799 148 830 μεῖον
180 791 246 820 etc.
307 785 471 829 ejusmodi
508 786 697 820 fabularum
736 788 849 821 sontes

35 834 176 866 suerunt
200 832 291 865 haud
322 832 425 865 dubie
458 834 742 874 Anteliomerica,
776 835 848 879 Cy-

38 879 148 924 prium
177 889 325 919 carmen,
354 877 509 918 Ndowz,
532 884 571 911 ut
596 879 627 911 H
654 884 847 914 annotavit.

36 944 82 949 ——
115 925 217 958 Sch.:
250 923 464 959 πεύθετο
495 923 765 968 Κύπρονδε.
806 924 846 970 ἧ-

35 968 168 1006 κουέτο
213 969 253 1005 δε
288 969 356 1011 ἕως
391 972 442 1011 εἰς
474 970 637 1013 Κύπρον.
697 973 846 1013 κλέος.

37 1017 156 1062 φήμη.
205 1030 257 1051 ov
273 1030 399 1052 νεκα
436 1020 506 1052 νῦν
533 1016 615 1053 αντὶ
641 1021 709 1054 τοῦ
736 1017 807 1054 ὅτι.

82 1085 148 1128 24,
171 1087 206 1121 5.
257 1084 409 1130 οἶμοι.
447 1085 554 1129 ὁδοὶ,
582 1089 714 1132 στί,χοι
741 1101 848 1131 μετα-

36 1134 238 1177 ληπτικῶς,
275 1132 357 1168 ἀντὶ
382 1134 453 1167 τοῦ
478 1133 623 1179 ῥάβδοι.
660 1136 850 1180 („virgae,

35 1181 166 1220 striae,
200 1190 306 1223 germ.
343 1181 497 1224 streis&
528 1180 646 1223 ζώνας
681 1181 770 1214 dixit
806 1181 837 1214 E

36 1237 122 1271 quas
155 1231 272 1259 rectas
305 1226 412 1260 fuisse
446 1232 564 1261 censet
598 1228 714 1260 Schol
753 1228 780 1260 B
815 1233 850 1261 et

35 1271 177 1306 alternis
210 1271 359 1315 positas,
393 1274 506 1307 stanni
540 1274 675 1318 quidem
712 1274 849 1318 plures3

35 1319 79 1352 ad
106 1317 275 1351 cervicem
302 1330 384 1352 vero
409 1319 508 1353 binas
533 1331 668 1354 aureas.
701 1322 744 1353 cf.
760 1320 788 1352 E
814 1326 849 1353 et

36 1364 210 1408 Bssttigeri
235 1364 368 1398 Pictur.
395 1377 470 1399 vas.
494 1366 532 1406 I,
557 1368 589 1401 2.
618 1379 649 1412 p.
675 1368 754 1408 77.‚
782 1377 848 1411 quo

35 1411 112 1444 loco
145 1410 323 1454 praeclare
339 1411 548 1467 disputavit
587 1412 630 1446 de
666 1413 848 1446 thorace.‘

38 1458 94 1490 Ex
122 1457 199 1500 H.)
256 1455 479 1494 κυάνοιο.
522 1458 687 1502 χρώματι
721 1460 848 1503 κυανῷ

34 1503 267 1546 εἰκασμέιᾞου
293 1504 372 1537 Sch.
400 1505 580 1560 Hesychio
600 1512 705 1560 atque
720 1506 848 1538 Eusta-

35 1550 110 1584 thio
135 1548 273 1590 κύανος
300 1556 354 1583 est
379 1549 479 1591 εἶδός
503 1565 538 1586 τι
566 1550 760 1595 χρώματος
786 1552 848 1594 με’-

35 1600 148 1637 λανος
171 1595 245 1630 sive
265 1593 515 1639 οὕρανοειδὲς
542 1600 633 1642 quod
653 1599 758 1632 habet
777 1599 847 1631 He-

35 1644 134 1688 Sych.
159 1641 301 1678 κύανον
326 1644 385 1677 alii
421 1644 568 1677 colorem
601 1656 661 1679 seu
694 1645 849 1688 pigmen-

34 1694 105 1724 tum
129 1689 297 1734 quoddam
323 1690 541 1734 intelligunt3
567 1691 624 1723 alii
642 1702 749 1734 genus
779 1703 848 1724 me-

34 1735 122 1770 tani.
171 1737 310 1770 ochram
330 1748 464 1770 aeream
484 1737 689 1777 caeruleam,
715 1737 769 1770 vel
787 1737 849 1770 mi-

34 1793 152 1816 neram
177 1782 294 1816 eadem
325 1783 488 1823 tinctam,
522 1783 587 1816 hoc
621 1783 753 1817 nomine
788 1795 850 1827 ap-

19 1827 161 1871 ‘pellari
193 1839 251 1872 ap.
286 1833 394 1870 vett.‚
430 1834 572 1862 auctore
603 1829 849 1873 Theophrasto

34 1874 124 1908 libro
143 1873 186 1907 ‹le
202 1875 270 1918 lap.
285 1875 379 1908 s.71.
392 1875 447 1909 90.
475 1874 621 1908 tradidit
639 1875 847 1908 Beckmann.

36 1932 116 1954 ann.
141 1921 185 1954 ad
210 1921 418 1956 Auscultatt.
443 1922 563 1957 mirab.
588 1933 621 1964 p.
650 1922 727 1956 123.
754 1927 790 1954 et
814 1921 848 1954 in

36 1966 208 2011 Reitrc'ige
236 1978 299 1999 zur
327 1968 448 2000 Gesch.
481 1969 542 2001 der
571 1968 707 2010 Erfind.
741 1967 774 2002 4.
805 1968 846 2001 B.

36 2013 70 2047 3.
89 2013 144 2046 St.
172 2024 205 2057 p.
228 2014 309 2048 356.
335 2013 392 2058 qui
414 2025 479 2047 non
499 2014 629 2047 alienus
649 2019 725 2047 erat
746 2014 788 2046 ab
807 2025 848 2047 ea

34 2060 230 2100 sententia,
256 2065 295 2093 ut
318 2060 445 2094 ferrum
471 2071 530 2093 seu
560 2060 738 2104 chalybem
767 2071 848 2093 cae-

32 2104 130 2138 ruleo
164 2105 338 2150 pigmento
374 2107 443 2150 jam
481 2111 549 2139 tum
581 2106 676 2139 indui
710 2106 848 2140 solitum

33 2161 110 2193 esse
134 2151 357 2185 existimaret.
406 2152 562 2197 chal3bis
594 2152 730 2196 quidem
755 2153 849 2186 noti-

34 2190 115 2230 tiam
147 2202 254 2242 atque
287 2209 381 2231 usum
416 2198 608 2253 abjudicari
646 2210 711 2232 non
747 2210 849 2243 posse

32 2243 79 2277 ab
113 2254 199 2278 aevo
234 2245 393 2286 heroico,
426 2246 517 2278 sicut
550 2256 692 2285 nomen,
730 2256 771 2278 ex
808 2257 848 2278 eo

34 2289 168 2333 colligit
198 2290 415 2325 doctissimus
447 2292 614 2336 Ksspkeus
648 2291 847 2336 (Kriegsw.

35 2335 70 2369 d.
92 2336 150 2369 Gr.
175 2348 209 2381 p.
231 2337 287 2371 86.
314 2338 433 2381 anm),
462 2338 554 2383 quod
584 2337 667 2381 igne
700 2342 736 2370 et
760 2349 850 2382 aqua

35 2379 194 2416 duratum
229 2383 355 2417 ferrum
394 2389 676 2418 commemoratur
710 2383 778 2416 Od.
814 2383 848 2425 ι’,

35 2429 102 2464 391
132 2439 230 2474 seqq.
241 2455 251 2471 ,
283 2429 465 2476 ipsumque
488 2431 617 2464 ferrum
643 2429 848 2471 violaceum,

36 2473 129 2514 ἰόεις
154 2476 326 2521 σίδηρος,
359 2482 506 2511 vocatur
530 2477 569 2509 Il.
595 2473 648 2519 ψ’,
675 2477 754 2511 850.
780 2476 848 2509 ita-

35 2531 103 2565 que
128 2523 252 2565 probat
270 2523 385 2556 Vossii
402 2523 736 2567 interpretationem,
756 2521 846 2556 κύα-

35 2579 103 2601 νον
126 2568 304 2602 reddentis
336 2570 458 2611 stam,
490 2575 664 2613 negatque
700 2581 783 2613 repe
787 2569 849 2602 riri

36 2613 132 2647 aliud
170 2615 340 2649 metallum
383 2616 579 2649 caeruleum
616 2615 848 2659 („schwarz-

36 2658 156 2692 blaues
179 2661 334 2695 Metau“
337 2663 368 2706 ),
392 2663 465 2695 sive
484 2662 642 2695 naturale
680 2662 753 2694 sive
774 2667 849 2696 arte

35 2705 186 2748 factum,
210 2718 310 2751 quam
335 2709 524 2752 chalybem.
572 2709 616 2742 cf.
642 2709 847 2741 Beckmann.

36 2750 60 2784 l.
85 2762 116 2784 c.
150 2752 182 2786 5.
217 2763 251 2797 p.
284 2755 364 2796 77.‚
404 2754 597 2788 Donndorf.
639 2754 761 2787 Gesch.
788 2755 850 2787 der

39 2797 172 2840 Ftrfind.
195 2796 230 2832 4.
256 2810 291 2843 p.
319 2780 396 2836 160.
446 2801 489 2835 ad
515 2800 688 2834 recentius
714 2799 848 2844 quidem

37 2848 172 2888 tempus
208 2844 384 2888 pertinent
419 2847 611 2891 Chalybum
642 2846 790 2880 ferraria
815 2851 851 2880 et

37 2898 159 2923 nomen
182 2889 262 2924 inde
285 2892 421 2927 ductum
457 2893 608 2936 metalli,
643 2893 742 2947 quod
769 2896 850 2926 ante

37 2935 247 2980 appellatum
298 2938 407 2972 fuerit
463 2951 483 2973 a
531 2940 647 2972 colore
693 2936 847 2978 κύανος,

37 2982 264 3025 ‚‚Blauerz“‚
288 2986 326 3017 ut
350 2985 502 3019 reddidit
526 2986 706 3030 Kfipkeus
755 2984 847 3029 quod

35 3027 72 3062 in
108 3033 253 3063 mentem
286 3030 382 3064 venit
412 3031 546 3066 Millino
580 3032 848 3077 (Mine'ralogie

896 785 1131 827 d'Homere),
1171 785 1357 818 Homerum
1398 787 1435 818 et
1470 784 1639 838 plumbum
1676 791 1711 820 et

895 839 1050 865 stannum
1077 831 1209 865 dixisse
1243 829 1407 872 πύανον,
1442 831 1551 864 minus
1583 833 1710 877 proba—

896 879 965 912 bile
1001 882 1073 918 est,
1110 878 1313 922 praesertim
1348 877 1392 911 ‹le
1425 876 1582 921 plumbo,
1619 879 1710 923 quod

895 924 1038 970 proprio
1064 924 1197 958 nomine
1222 923 1374 969 μόλιβος
1397 929 1544 956 vocatur
1568 924 1711 959 inferius

893 972 997 1011 2373
1023 970 1129 1003 movit
1153 975 1266 1004 tamen
1292 970 1363 1014 He)
1363 981 1492 1010 neum,
1525 975 1562 1002 ut
1586 971 1710 1005 fascias

893 1017 968 1050 illas
994 1016 1171 1049 caeruleas
1195 1016 1230 1049 in
1255 983 1398 1050 thorajoe
1424 1027 1465 1048 ex
1493 1015 1628 1060 plumbo
1655 1018 1710 1050 ni—

896 1075 959 1106 gro
990 1062 1107 1106 (Blei)
1144 1063 1257 1096 factas
1281 1074 1356 1096 esse
1381 1062 1445 1096 sibi
1470 1063 1709 1106 persuaderet,

897 1115 933 1143 et
957 1107 1084 1152 κυάνῳ
1108 1108 1239 1152 μέλαιι
1262 1109 1389 1154 opponi
1422 1114 1561 1152 putaret
1593 1122 1710 1145 κασ-

896 1155 1092 1198 σίτερον
1116 1154 1304 1193 λευκόν,
1327 1156 1505 1199 plumbum
1523 1157 1710 1190 candidum

841 1207 848 1213 '
894 1201 1003 1245 (Plin.
1031 1199 1098 1244 34,
1127 1203 1182 1236 16.
1208 1212 1236 1234 5.
1262 1201 1357 1245 47.),
1387 1202 1419 1234 h.
1446 1213 1475 1234 e.
1502 1201 1584 1234 illud
1602 1215 1710 1247 genus

896 1247 1026 1281 metalli
1051 1259 1092 1281 ex
1119 1253 1263 1292 argento
1290 1252 1326 1280 et
1351 1248 1487 1292 plumbo
1509 1259 1628 1291 parum
1648 1250 1711 1283 eli-

897 1300 1023 1338 quato,
1054 1294 1163 1327 variis
1196 1295 1315 1327 horum
1350 1294 1582 1338 portionibus,
1619 1308 1711 1330 com-

896 1340 1022 1383 positi,
1058 1341 1150 1384 quod
1183 1339 1347 1373 Germani
1382 1340 1559 1384 appellant
1589 1342 1708 1377 lVerk.

895 1386 930 1419 id
948 1398 1023 1420 esse
1041 1388 1091 1419 ait
1109 1391 1271 1419 stannum
1290 1391 1454 1428 veterum,
1478 1398 1591 1431 neque
1608 1389 1710 1423 alium

894 1432 1002 1466 fuisse
1027 1433 1241 1466 Graecorum
1266 1434 1578 1477 κασσίτερον,
1614 1436 1710 1479 cujus

895 1490 955 1512 seu
990 1479 1227 1523 praestantius
1261 1490 1322 1512 seu
1354 1480 1571 1524 frequentius
1599 1493 1709 1524 genus

896 1537 914 1558 e
938 1524 1211 1558 Cassiteridibus
1234 1525 1355 1558 insulis
1380 1526 1628 1569 advehebatur,
1646 1528 1708 1561 do-

895 1582 960 1604 nec
994 1571 1126 1605 seriore
1156 1576 1309 1616 tempore
1349 1572 1518 1615 prolatum
1550 1579 1708 1609 stannum

895 1629 1013 1650 verum
1049 1624 1196 1671 propter
1229 1618 1487 1651 similitudinem
1521 1618 1610 1653 idem
1644 1633 1708 1655 no-

896 1675 971 1696 men
1005 1663 1194 1708 antiquitus
1230 1665 1395 1698 usitatum
1435 1664 1624 1709 acciperet.
1672 1679 1707 1702 v.

896 1710 1105 1743 Beckmann.
1140 1709 1162 1742 l.
1198 1722 1228 1742 c.
1255 1710 1298 1751 4,
1324 1711 1356 1744 3.
1400 1716 1548 1744 ceterum
1585 1724 1708 1757 magno

896 1756 1026 1789 honore
1051 1755 1159 1788 fuisse
1181 1759 1418 1798 κασσίτερον,
1453 1769 1493 1789 ex
1526 1757 1611 1791 locis
1635 1760 1708 1793 Ho-

897 1801 1004 1844 meri,
1034 1802 1069 1835 in
1107 1801 1231 1846 quibus
1267 1807 1449 1847 praeterea
1476 1804 1605 1838 metalli
1634 1806 1708 1849 ejus

895 1848 1024 1881 mentio
1050 1849 1131 1888 fiat,
1158 1848 1323 1894 intelligi,
1349 1848 1390 1891 σ’,
1415 1848 1496 1894 564,
1523 1851 1604 1893 574,
1627 1854 1708 1895 612,

895 1907 948 1938 φ,
973 1895 1066 1934 592,
1090 1893 1146 1937 ψ’,
1171 1897 1252 1930 561.

939 1964 987 1997 25
1010 1981 1050 1986 —-
1071 1963 1126 1996 31.
1179 1960 1318 2006 ὄρωρ.
1351 1961 1428 2006 (π,
1455 1963 1708 2021 8311111ῖόρὲ-

893 2009 983 2052 γω.)
1025 2007 1258 2052 ἐξετέταντο,
1295 2010 1569 2068 διεγηγερμένοι
1603 2005 1709 2055 ἦσαν.

895 2055 1010 2088 Schol.
1041 2060 1080 2088 A
1116 2075 1160 2080 —
1196 2056 1385 2099 ἴρισσιν
1410 2055 1520 2091 ἐοικ.
1561 2060 1710 2093 arcubus

896 2101 1104 2135 coelestibus
1128 2102 1254 2136 similes
1279 2102 1448 2137 dracones
1466 2103 1550 2137 dicit
1566 2110 1711 2149 propter

895 2148 1027 2181 varium
1057 2148 1215 2182 colorem.
1276 2149 1373 2193 Virg.
1364 2174 1394 2190 .‚
1428 2156 1620 2184 annotante
1650 2152 1709 2194 Κ,

896 2196 979 2228 Aen.
1007 2196 1038 2232 5,
1058 2196 1113 2228 87.
1127 2207 1135 2228 τ
1157 2162 1359 2229 caeruleae&
1361 2197 1417 2229 cui
1439 2196 1581 2240 (angui)
1604 2203 1710 2242 terga

894 2246 1021 2281 notae,
1048 2243 1241 2275 maculosus
1268 2247 1302 2275 et
1328 2254 1413 2275 auro
1437 2246 1626 2287 squamam
1654 2245 1710 2277 in-

895 2288 1065 2320 cendebat
1077 2289 1225 2333 fulgor,
1251 2300 1312 2321 ceu
1327 2290 1474 2322 nubibus
1493 2301 1595 2323 arcus
1612 2291 1710 2325 Mille

896 2334 1006 2367 trahit
1045 2335 1162 2368 varios
1201 2335 1345 2368 adverso
1380 2336 1451 2368 sole
1489 2336 1628 2372 colores.
1662 2356 1708 2361 —

898 2379 1108 2436 στήριξε,
1144 2382 1310 2414 collocare
1337 2383 1435 2415 solet.
1485 2383 1630 2424 „Schol.
1662 2386 1708 2416 Α·

896 2425 1011 2461 &ovs
1037 2429 1112 2469 Κρ
1139 2427 1187 2462 ἐν
1213 2426 1357 2471 νέφει
1391 2440 1451 2463 στ.
1500 2442 1620 2469 ουτως
1641 2426 1709 2464 Ἰα-

894 2475 969 2513 unis
992 2472 1034 2508 td
1058 2472 1214 2531 στήριξε
1250 2475 1324 2509 scil.
1352 2475 1450 2508 fuere
1482 2475 1543 2520 qui
1576 2475 1709 2509 scribe-

895 2527 973 2554 rent
997 2519 1036 2555 ἐν
1061 2520 1166 2564 νέφει
1191 2518 1395 2566 ἕστήριξε“
1424 2522 1476 2554 Fx
1505 2523 1552 2555 H.
1605 2523 1709 2556 semel

896 2566 988 2600 dixit
1011 2566 1140 2610 νέφεϊ,
1164 2579 1327 2612 nusquam
1352 2567 1540 2611 1έφει.-
1569 2567 1710 2613 τέρας

895 2626 933 2657 μ.
962 2612 1098 2656 ἀνθρ
1136 2619 1307 2647 ostentum
1327 2614 1513 2656 hominum,
1540 2615 1573 2647 h.
1593 2628 1624 2649 e.
1645 2616 1710 2649 ho-

896 2659 1042 2695 minibus
1066 2661 1208 2693 factum.
1257 2661 1301 2694 de
1327 2661 1392 2693 hoc
1418 2672 1482 2694 usu
1506 2660 1653 2703 genitivi
1671 2673 1708 2695 v.

897 2708 1026 2741 Matth.
1050 2708 1083 2748 ἓ.
1109 2708 1189 2741 313.
1214 2726 1259 2730 —
1283 2706 1468 2740 infaustum
1493 2707 1624 2762 signum
1647 2719 1709 2740 ve-

896 2752 1028 2786 teribus
1044 2753 1193 2786 Graecis
1217 2752 1313 2786 visus
1329 2758 1384 2786 est
1401 2764 1514 2786 arcus.
1553 2751 1596 2796 ρ’,
1613 2751 1706 2788 547..

896 2795 986 2842 η’ὗτε
1009 2798 1238 2857 πορφυρέην
1256 2797 1329 2843 ἶριν
1352 2801 1527 2844 θνητοῖσι
1545 2797 1708 2844 τανύσσῃ

900 2845 993 2886 Ζεύς
1027 2844 1064 2888 ἐξ
1099 2843 1331 2902 οὐρανόθεν,
1367 2845 1474 2889 τέρας
1507 2845 1660 2888 ἔμμεναι
1684 2845 1707 2890 ἢ

894 2891 1085 2936 πολέμοιο,
1100 2889 1154 2926 Η
1172 2905 1234 2926 και
1262 2892 1442 2936 χειμῶνος
1461 2892 1708 2936 δυσθαλπέος,

895 2950 984 2984 quae
1008 2939 1041 2972 K
1067 2938 1263 2984 adscripsit.
1312 2944 1434 2972 contra
1457 2938 1542 2971 deus
1559 2950 1613 2983 ap
1628 2938 1709 2973 Mo·-

895 2996 954 3019 sen
981 2985 1111 3018 Genes.
1135 2986 1180 3026 9,
1203 2985 1278 3020 13..
1303 2995 1422 3017 arcum
1448 2996 1561 3018 meum
1591 2985 1708 3029 dispo-

893 3031 948 3066 sui
971 3031 1008 3065 in
1031 3031 1143 3072 nube,
1167 3031 1227 3075 qui
1245 3031 1291 3065 sit
1312 3031 1452 3075 signum
1471 3031 1629 3074 foederis
1651 3031 1708 3065 in-

1362 3077 1429 3119 6.
