1811 3269
620 178 1049 220 ΙΛΙΑΔΟΣ
1103 178 1150 218 Β.

1664 179 1720 218 99

116 301 200 341 210
230 295 413 350 αἰγιαλῷ
441 287 614 348 μεγάλῳ
646 289 868 346 βρέμεται,
897 292 1115 344 σμαραγεῖ
1142 287 1188 332 δέ
1222 302 1267 331 τε
1293 286 1466 340 πόντος

279 372 486 413 Thersiten,
520 376 656 416 turpem
691 375 726 404 et
759 367 956 402 maledicum
992 368 1178 411 hominem,
1213 367 1274 413 qui
1298 367 1481 403 discessum
1506 379 1630 415 urgere
1653 381 1719 405 non

196 419 338 460 desinit,
361 418 406 453 ad
429 423 595 452 terrorem
619 421 809 450 ceterorum
832 414 973 459 gravius
998 414 1159 458 castigat.

274 485 424 529 ”Αλλοι
453 486 531 557 μέν
561 483 603 540 ῥ’
635 484 805 537 ἕζοντο,
836 480 1069 552 ἐρήτυθεν
1081 481 1127 525 δὲ
1156 480 1264 526 καθ’
1296 481 1447 536 ἕδρας

229 545 438 616 Θερσίτης
467 541 514 586 δ’
544 542 606 585 ἔτι
633 545 804 614 μοῦνος
833 537 1098 593 ἀμετροεπὴς
1128 538 1310 609 ἐκολῴα,

228 602 278 653 ὅς
309 599 354 656 ῥ’
386 601 490 671 ἔπεα
516 600 675 670 φρεσὶν
699 600 808 668 ᾑσιν
840 595 1013 651 ἄκοσμά
1043 611 1087 638 τε
1116 584 1258 639 πολλόέ
1286 611 1331 639 τε
1361 594 1460 654 ἤδη,

226 659 341 713 μαψ,
373 654 485 714 ἀταρ
517 674 572 701 ου
603 655 714 700 κατὰ
742 653 933 710 κόσμον,
963 652 1200 724 ἐριζέμεναι
1228 655 1496 710 βασιλεῦσιν,

113 723 195 763 215
225 714 321 760 αλλ’
356 715 380 759 ὅ
406 733 448 759 τι
479 716 523 759 οἵ
553 716 716 758 εἴσαιτο
746 711 939 769 γελοίϊον
965 707 1220 766 Ἀργείοισιν

101 846 182 880 210.
230 855 326 888 μεγ.
359 843 425 888 βρ.
477 839 569 875 haud
603 841 690 875 male
727 839 861 874 Bentl..

55 891 194 935 μεγάλα
218 892 274 936 βρ.
311 890 450 934 poterat
481 888 585 921 etiam
612 887 720 921 scribi
747 886 861 932 μεγά-

55 941 145 979 λως,
186 937 242 971 vel
273 932 600 980 μεγαλοβρέμεται,
634 940 672 967 ut
706 937 863 979 μεγαλο-

56 987 229 1029 φρονεῖν,
255 994 329 1016 cum
361 981 564 1026 praesertim
589 980 864 1027 μεγαλοβρόμος

55 1032 194 1076 legatur
222 1041 288 1085 ap
311 1029 490 1073 Orpheum
516 1032 746 1071 personatum.
800 1027 863 1062 sed

55 1082 153 1113 recte
176 1077 242 1110 Ea
266 1071 336 1119 όρα
352 1074 451 1116 ὅπως
469 1072 536 1130 τήν
554 1073 626 1118 πρὸ
641 1075 776 1118 μικροῦ
798 1074 862 1120 ρη-

55 1128 190 1161 θεῖσαν
212 1123 427 1180 παραβολὴν
451 1120 520 1165 τήν
541 1123 614 1156 τῶν
629 1122 782 1176 μακρῶν
799 1135 862 1156 κυ-

55 1169 182 1216 μάτων
206 1169 245 1205 ἐν
269 1171 321 1214 τῷ
346 1167 488 1214 Ἰκαρίω
517 1166 639 1224 πόντῳ
665 1164 781 1208 ἄλλως
805 1167 862 1204 ἐν-

54 1219 185 1254 ταῦθα
204 1216 441 1261 προήνεγκεν.
477 1213 552 1250 ἐκεῖ
565 1212 632 1259 μὲν
650 1215 718 1259 γάρ
739 1214 862 1256 ἁπλως

55 1263 224 1310 ἐμνήσθη
252 1264 425 1306 κυμάτων
453 1261 682 1305 κινουμένων
704 1260 742 1297 ἐν
765 1262 860 1308 μέσῳ

54 1311 222 1356 πελάγει,
246 1309 416 1344 ἐνταῦθα
437 1307 477 1343 δε
499 1308 560 1343 καὶ
587 1311 861 1367 προσρησσομέ-

55 1372 131 1394 νων
155 1358 310 1414 αἰγιαλῷ
330 1354 473 1412 μεγάλῳ
490 1356 553 1390 καὶ
569 1354 633 1389 δια
654 1357 766 1390 τοῦτο
782 1360 860 1399 μεῖ-

55 1409 119 1449 ζον
142 1403 316 1460 βοώντων
335 1402 399 1438 δια
420 1400 462 1437 τὸ
479 1403 549 1436 τοῦ
568 1400 662 1458 ἤχου
691 1403 861 1444 διπλοῦν,

55 1451 99 1488 τό
121 1464 158 1487 τε
179 1451 218 1486 ἐν
237 1452 287 1496 τῷ
306 1449 433 1493 πόντω
455 1448 517 1482 καὶ
535 1446 576 1482 τὸ
596 1448 634 1483 ἐν
654 1450 705 1491 τῷ
734 1450 795 1494 aly
799 1463 858 1483 ια-

53 1500 117 1545 λῷ.
166 1497 373 1533 ἐπαινεῖται
392 1495 433 1531 δε
455 1493 476 1538 ἡ
500 1484 699 1550 παραβολὴ
711 1464 795 1530 διαγ
795 1495 861 1535 τὰς

52 1546 222 1591 τραχείας
245 1540 556 1596 ὀνοματοποιίας,
599 1540 640 1576 τὸ
677 1538 783 1587 ηχῇ,
816 1542 859 1577 τό

52 1590 449 1647 πολυφλοίσβου,
474 1585 515 1623 τὸ
540 1586 856 1642 βρέμεται,τὸ

53 1640 308 1697 σμαραγεῖ,
333 1634 384 1672 δι’
407 1637 459 1671 ὡν
476 1631 499 1679 ἡ
523 1632 660 1679 φράσις
674 1636 727 1679 τῷ
747 1647 859 1671 νοου-

52 1686 150 1732 μένῳ
172 1681 507 1729 συνεκτραχύνεται.
556 1683 656 1726 (sunt
679 1681 780 1715 etiam
806 1683 859 1716 ef-

54 1735 180 1769 ficaces
215 1730 458 1776 anapaesticae
491 1740 595 1762 voces
630 1728 652 1762 3
678 1728 859 1780 continuae

51 1792 127 1825 μεν·
147 1776 250 1833 βρέμ;
266 1778 393 1822 σμαρ)
411 1796 453 1801 -
481 1775 583 1809 θοὴ-τ
610 1786 742 1833 offae
767 1774 858 1819 ήκεῖ

53 1828 139 1872 Apa
178 1837 323 1868 σμαρα)
327 1837 376 1863 ος.
441 1821 593 1877 ψόφος,
633 1817 655 1865 ἢ
697 1823 856 1867 κίνησις·

52 1875 293 1918 σμαραγεῖ
316 1870 364 1906 δέ
387 1881 436 1904 τε
459 1867 649 1907 πόντος.

95 1934 177 1968 211.
225 1932 351 1967 (11299.

95 1981 176 2015 212.
223 1978 266 2012 de
290 1975 456 2011 Thersite
485 1974 581 2008 multi
606 1975 720 2008 multa.
769 1987 858 2019 quae

49 2024 251 2069 Lessingius
270 2029 306 2057 et
323 2024 503 2056 Her-(ierus
523 2021 753 2065 disputarunt,
778 2023 857 2055 bre-

50 2072 142 2105 viter
166 2070 360 2114 complexus
383 2068 519 2102 Jacobs.
548 2068 658 2110 (Bibl.
684 2068 745 2100 der
762 2069 857 2101 alten

51 2116 136 2151 Litt.
163 2130 198 2151 u.
223 2117 356 2157 Kunst,
381 2116 414 2149 5.
435 2114 487 2148 St.
513 2114 548 2147 S.
572 2115 625 2148 10.
653 2115 727 2157 11)
754 2125 856 2158 prae-

49 2168 148 2199 terea
171 2161 325 2208 exoptati
351 2173 371 2195 a
395 2160 543 2194 Graecis
572 2160 705 2193 reditus
730 2161 763 2194 in
794 2172 856 2205 pa-

49 2210 151 2244 triam
176 2207 497 2244 commendationem
523 2207 565 2240 ab
588 2206 700 2240 inviso
720 2207 855 2241 homine

48 2256 125 2291 fieri
152 2261 253 2310 putat
277 2266 317 2288 eo
341 2253 501 2294 consilio,
540 2257 580 2286 ut
613 2258 755 2298 propter
780 2265 853 2287 eum

47 2314 104 2337 res
128 2303 205 2357 ipsa
228 2301 262 2335 in
286 2301 449 2335 invidiam
474 2281 683 2340 adducatur3
709 2311 797 2344 quae
819 2303 855 2334 et

48 2348 160 2393 Diony
163 2348 205 2382 sii
230 2348 308 2382 Hal.
335 2346 508 2381 sententia
531 2351 584 2379 est
602 2347 678 2379 Art.
705 2357 736 2379 c.
753 2349 806 2382 11
819 2347 854 2380 9.

49 2395 95 2429 cf.
121 2395 165 2431 H.
189 2395 290 2428 Sch.:
320 2394 438 2451 Οἰνεῖ
461 2391 690 2448 ἀμελήσαντι
697 2393 769 2448 τῆς
777 2389 853 2436 Ἀρ-

47 2440 212 2485 τέμιδος,
245 2441 392 2475 θυσιῶν
425 2438 531 2475 ἕνεκα
569 2435 591 2485 ἦ
623 2437 714 2479 θεὸς
749 2435 852 2482 ὀργι-

49 2489 182 2523 σθεῖσα
207 2486 353 2544 έπεμψε
385 2487 432 2532 τῇ
464 2485 572 2521 πόλει
606 2489 674 2520 σῦν
707 2481 852 2531 ἄγριον.

46 2531 115 2590 ἔφ’
135 2531 178 2570 ὃν
197 2528 290 2579 ἦλθε
318 2545 472 2576 στρατια
494 2534 570 2567 τῶν
597 2530 767 2588 ἀρίστων
786 2532 854 2576 τῆς

46 2576 228 2623 Ἑλλάδος,
252 2579 380 2637 ἐπειδὴ
398 2579 612 2635 ἐλυμαίνετο
630 2578 699 2634 τήν
717 2577 852 2636 χώραν,

49 2639 99 2685 ως
127 2639 241 2673 φησιν
264 2625 382 2667 αυτὸς
411 2623 430 2662 ὁ
461 2639 499 2660 π.
525 2624 565 2661 ἐν
597 2627 641 2681 τῇ
672 2624 708 2660 ι’
755 2623 852 2670 μεθ’

48 2669 100 2708 ὧν
124 2672 172 2718 ἦν
203 2673 266 2709 καὶ.
293 2670 312 2709 ὁ
346 2673 534 2717 Θερσίτης.
594 2667 635 2712 ὃς
660 2671 852 2719 δειλωθεις

0 2744 2 2751 >
47 2721 233 2776 κατέλειψε
264 2718 333 2764 τὴν
370 2717 662 2774 παραφυλακὴν,
702 2716 768 2762 ἐφ’
808 2719 850 2762 ἦς

48 2759 118 2809 ἦν,
140 2767 201 2802 καὶ
221 2767 391 2811 ἀπῆλθεν
415 2766 478 2801 ἐπί
503 2778 587 2801 τινα
613 2764 729 2801 τόπον
747 2762 847 2808 ’ὑψη-

47 2811 133 2853 λόν,
157 2810 224 2858 τὴν
254 2816 438 2870 σωτηρίαν
461 2810 693 2869 θηρωμενος.
750 2809 844 2846 ‹iva-

47 2856 237 2901 διζόμενος
257 2857 296 2894 δὲ
322 2858 397 2895 υπὸ
418 2858 636 2904 Μελεάγρου
662 2855 846 2900 ἐδιώκετο,

45 2905 108 2940 καὶ
126 2904 220 2940 κατὰ
247 2908 417 2964 κρημνῶν
440 2917 564 2941 πεσων
585 2917 756 2944 τοιουτος
773 2903 848 2948 ἐγέ-

43 2962 149 2994 νετο,
184 2950 291 2987 οἷον*
290 2951 447 3010 Όμηρος
470 2950 588 2987 αὐτὸν
617 2952 849 2995 παρίστησιν.

42 2997 182 3043 ἱστορεῖ
190 2995 391 3055 Εὐφορίων
414 3000 465 3055 (et
477 2998 709 3054 Pherecydes.
726 3009 759 3032 v,
771 2998 804 3031 H
807 2997 848 3053 .).

44 3044 179 3087 Οἰνεύς
198 3045 260 3081 καὶ
268 3043 409 3090 Ἀγριος
428 3043 606 3091 ἀδελφοὶ,
635 3041 684 3087 ὡς
705 3042 797 3089 λέγει
827 3039 847 3079 ὁ

908 849 946 871 π.
972 834 1011 872 ἐν
1035 836 1080 881 τῇ
1103 834 1134 879 ξ
1159 836 1290 881 (117.)
1339 834 1422 872 αλλ’
1448 833 1467 872 ὁ
1480 849 1560 893 μεν
1585 834 1718 877 Οἰνεύς

908 879 956 929 ἧν
973 882 1096 928 πατὴρ
1114 882 1354 927 Μελεάγρου,
1375 881 1394 918 ὁ
1419 880 1481 918 δε’
1480 880 1615 928 Ἀγριος
1626 884 1717 927 Θερ-

910 931 1014 965 σίτου
1034 935 1098 964 etc.
1132 930 1176 964 cf.
1194 931 1349 975 Hesych.
1373 942 1407 966 v.
1423 928 1574 974 Ἄγρων.
1604 930 1717 964 Ther-

909 975 998 1011 sitae
1027 988 1148 1010 nomen
1177 988 1240 1021 pro
1268 976 1458 1021 Thersippi
1488 977 1533 1010 H.
1564 975 1718 1010 restituit

908 1022 1117 1068 Apollodoro
1145 1025 1185 1063 1,
1209 1023 1252 1063 8,
1279 1024 1312 1057 6.
1358 1022 1498 1057 ridiculi
1533 1022 1717 1057 Thersites

909 1069 1028 1113 (215.)
1053 1074 1089 1103 et
1112 1069 1220 1114 primo
1244 1068 1331 1102 libro
1356 1069 1548 1110 Vulcanus3
1584 1081 1655 1114 qua
1677 1081 1716 1104 re

911 1116 989 1160 quis
1022 1126 1125 1149 sanus
1159 1115 1384 1149 offendatur?
1423 1115 1548 1150 Horat.
1586 1118 1662 1149 Sat.
1687 1116 1716 1158 Ι,

910 1164 974 1202 10,
1001 1161 1077 1196 14.;
1103 1162 1288 1195 ridiculum
1312 1162 1388 1195 acri
1421 1162 1562 1196 Fortius
1587 1167 1621 1196 et
1644 1174 1717 1196 me-

908 1209 975 1241 lius
991 1219 1144 1252 magnas
1161 1209 1362 1252 plerumque
1379 1213 1470 1242 secat
1486 1220 1550 1242 reS.
1597 1207 1717 1254 inepte

907 1254 1016 1299 igitur
1040 1253 1199 1288 Klotzius
1215 1254 1328 1299 Epist.
1344 1254 1445 1288 Hom.
1464 1267 1500 1309 p.
1515 1253 1573 1290 44.
1598 1255 1716 1290 Ther-

907 1302 996 1334 siten
1030 1300 1156 1334 dimitti
1180 1301 1304 1344 jubet,
1336 1305 1414 1343 aut,
1453 1312 1483 1335 51
1514 1301 1714 1344 reluctetur,

906 1348 1043 1381 obtorto
1068 1347 1154 1381 collo
1179 1347 1281 1388 ejici3
1306 1347 1427 1382 merito
1450 1352 1564 1382 tamen
1590 1347 1716 1382 similia

907 1397 1079 1427 tentantes
1108 1394 1275 1437 quosdam
1308 1394 1537 1427 recentiorum
1562 1393 1714 1448 castiga-

908 1439 968 1473 vit.
1017 1439 1197 1484 oppositus
1228 1443 1343 1474 autem
1376 1444 1429 1473 est
1460 1439 1641 1474 Thersites
1664 1443 1712 1476 A·

909 1485 1014 1526 chilli,
1040 1492 1077 1519 ut
1097 1485 1325 1530 pulcherrimo
1342 1485 1579 1530 turpissimus;
1606 1486 1715 1532 Ulys-

907 1531 959 1572 si,
985 1535 1024 1565 ut
1044 1531 1206 1576 prudenti
1225 1531 1353 1565 oratori
1377 1532 1514 1577 ineptus
1533 1537 1568 1567 et
1586 1545 1713 1578 garru-

907 1577 972 1610 lus.
1021 1577 1056 1610 in
1082 1577 1348 1611 Posthomericis
1374 1590 1514 1623 quoque
1537 1585 1656 1624 partes
1677 1580 1710 1614 ei

907 1623 1010 1657 datae
1041 1623 1157 1664 fuere,
1191 1628 1231 1657 ut
1256 1625 1291 1658 H
1323 1625 1523 1666 annotavit3
1554 1625 1648 1659 velut
1676 1626 1710 1660 in

905 1668 1114 1714 Aethiopide
1135 1670 1267 1703 Arctini
1298 1682 1353 1726 ap.
1376 1671 1553 1711 Proclum‚
1579 1683 1612 1716 p.
1631 1671 1710 1707 478.

904 1716 1095 1771 Hephaest.
1116 1716 1294 1750 Gaisford.
1306 1715 1509 1762 ,Αχιλλευς
1533 1719 1711 1775 Θερσίτην

904 1759 1070 1805 ἀναιρεῖ,
1097 1763 1368 1822 λοιδορηθεὶς
1377 1763 1469 1806 πρὸς
1497 1762 1618 1800 αὐτοῦ
1648 1767 1711 1802 καὶ

903 1806 1127 1848 όνειδισθεις
1149 1808 1215 1844 τὸν
1235 1809 1291 1845 ε’πι
1321 1810 1368 1855 τῇ
1388 1813 1634 1857 Πενθεσιλείᾳ
1655 1816 1712 1848 λε-

900 1854 1061 1901 γόμενον
1086 1855 1216 1899 ε’ρωτα.
1257 1858 1300 1891 cf.
1327 1850 1706 1900 Quintum1‚7Qo-

901 1904 1002 1944 778,
1027 1902 1108 1936 Sch.
1133 1903 1176 1936 ad
1200 1905 1281 1944 219,
1307 1903 1423 1937 Schol.
1445 1905 1538 1939 Aad
1561 1905 1641 1942 220.
1675 1906 1710 1940 in

902 1949 1020 1983 tabula
1043 1948 1150 1982 Iliaca
1169 1948 1352 1984 Thersites
1371 1950 1415 1983 ad
1446 1962 1540 1984 aram
1567 1963 1633 1996 pro
1656 1953 1710 1986 vi-

903 1996 1005 2029 ctima
1035 1994 1191 2029 caeditur
1223 1997 1265 2029 ab
1291 1995 1435 2030 Achille.
1481 1997 1560 2031 add.
1587 1998 1710 2033 Tzetz.

904 2042 1076 2075 Posthom.
1106 2043 1182 2076 199.
1210 2053 1331 2087 sequ,
1365 2043 1423 2077 ubi
1450 2043 1587 2078 Jacobs..
1618 2057 1710 2079 com-

903 2088 1102 2122 memoravit
1120 2088 1396 2144 Chaerephontis
1420 2091 1664 2143 tragoediam
1654 2103 1709 2126 111-

901 2134 1070 2214 ἓξὲἷὲξῖῗ..
1089 2132 1591 2217 ssssssssssfiiffifissssffffifi
1621 2137 1707 2221 2³¹1.

901 2239 934 2281 p
959 2228 1013 2262 80.
1056 2227 1233 2270 ejusdem
1224 2228 1373 2272 imagine
1396 2240 1417 2262 a
1436 2229 1548 2274 perito
1573 2230 1707 2265 artifice

900 2272 995 2318 picta
1033 2273 1135 2307 valde
1168 2274 1358 2308 delectatus
1390 2280 1443 2308 est
1475 2276 1707 2321 Belmgerius,

898 2324 988 2354 teste
1016 2319 1096 2353 Nic.
1126 2320 1323 2363 Erythraeo
1349 2321 1531 2356 Pinacoth.
1556 2334 1590 2368 p.
1613 2325 1707 2365 205„

899 2370 938 2399 ut
962 2370 1081 2400 narrat
1102 2366 1218 2400 Klotz.
1246 2367 1267 2400 l.
1286 2368 1307 2401 l.
1336 2379 1370 2412 p.
1391 2369 1446 2402 27.
1474 2372 1625 2403 ceterum
1648 2382 1705 2415 ap.

898 2412 998 2446 Hom.
1025 2412 1120 2446 miles
1135 2413 1317 2458 gregarius
1334 2419 1388 2447 est
1404 2414 1605 2448 Thersites.
1628 2427 1707 2451 nam

899 2459 1019 2492 ducem
1054 2470 1121 2492 non
1153 2460 1283 2493 talibus
1325 2459 1424 2493 minis
1464 2459 1707 2517 insequeretur

898 2504 1056 2550 Ulysses‚
1070 2503 1215 2558 quales]
1207 2506 1404 2541 ‘actat26L
1414 2517 1511 2562 seqq.
1548 2519 1704 2565 αμετρ.

898 2551 984 2594 (vox
1005 2551 1140 2585 nonnisi
1158 2551 1192 2586 h.
1201 2518 1237 2585 JL
1257 2552 1381 2596 lecta.)
1407 2549 1564 2610 ἄμετρος
1587 2552 1628 2590 ἐν
1653 2557 1706 2602 τῷ

898 2596 1025 2642 λέγειν,
1051 2595 1231 2641 φλύαρος
1278 2597 1400 2634 ἐκολ.
1425 2597 1611 2646 ἐθορύβει.
1637 2591 1703 2645 (α’,

897 2644 976 2679 575
1015 2656 1036 2679 a
1062 2642 1171 2679 κέλλω
1206 2644 1304 2679 ducit
1331 2644 1541 2680 Doderlinus
1565 2647 1704 2684 Lectio-

896 2701 972 2724 num
993 2691 1093 2725 Hom.
1116 2690 1252 2736 specim.
1274 2690 1329 2735 1.)
1351 2691 1433 2725 Sch.

941 2750 1022 2785 213.
1071 2746 1254 2792 ἄκοσμα
1286 2760 1336 2783 τε
1359 2748 1516 2784 πολλοὶ
1539 2761 1599 2785 τε.
1632 2750 1704 2784 usi-

893 2795 1021 2830 tatiore
1046 2796 1155 2830 forma
1177 2793 1341 2840 loquendi
1366 2794 1511 2830 dixisset
1530 2795 1648 2832 πολλοὶ
1665 2809 1704 2833 τε

893 2841 955 2877 και
979 2839 1136 2886 ἄκοσμα.
1167 2853 1202 2875 v.
1227 2841 1355 2875 Matth.
1379 2843 1412 2883 S
1440 2841 1530 2884 444,
1554 2841 1588 2876 4.

939 2899 1019 2934 214.
1068 2897 1194 2943 μοὶψ,
1235 2902 1386 2939 temere,
1431 2899 1546 2932 stulte.
1593 2897 1702 2935 intell.

894 2942 998 2981 ω’στε.
1045 2946 1153 2980 Sch.:
1185 2942 1238 2980 οὗ
1263 2942 1386 2980 κατοὶ
1410 2942 1611 2986 κόσμον.
1653 2943 1702 2980 ου’

893 2991 989 3027 κατὰ
1009 2991 1052 3028 τὸ
1080 2990 1243 3049 πρέπον,
1276 2988 1453 3030 ἀτάκτως.
1500 2989 1701 3036 τουτέστιν,

895 3051 940 3074 ου
961 3039 1115 3081 δικαίως
1137 3037 1356 3082 ἐφιλονείκει
1376 3039 1455 3077 τοῖς
1476 3037 1699 3082 βασιλεῦσιν.

1356 3082 1424 3125 7*
