1811 3269
616 158 1044 202 ΙΛΙΑΛΟΣ
1098 162 1153 201 Α.

1657 164 1717 204 79

220 272 320 327 ῥίψε
347 269 484 340 ποδρς
517 267 710 324 τεταγιὸν
749 266 835 313 ἇπὸ
841 269 1007 341 βηλοῦ
1044 269 1325 314 θεσπεσίοιο·

219 331 310 370 πᾶν
340 324 382 369 δ’
420 327 539 397 ἦμαρ
570 325 810 397 φερόμην,
835 324 925 382 ἅμα
956 325 997 369 δ’
1039 326 1169 399 ἠελίῳ
1196 324 1437 370 καταδύντι

219 382 447 427 κάππεσον
476 381 525 426 ἐν
553 382 744 453 Λήμνῳ·
787 380 935 437 ὀλίγος
963 381 1010 426 δ’

1048 383 1111 427 ε’τι
1147 382 1293 439 θυμὸς
1321 382 1463 438 ἐνῆεν·

221 439 332 484 ἔνθα
370 455 422 496 με
455 440 633 491 Σίντιες
663 427 820 494 ἄνδρες
848 438 984 508 ἄφοῖρ
1014 441 1253 508 κομίσαντο
1282 441 1514 484 πεσόντα.“

98 499 181 543 595

283 495 368 547 Ὼς
398 494 538 551 φάτο·
582 498 786 552 μείδησεν
826 495 872 540 δὲ
900 495 987 539 θεοὶ
1017 495 1286 548 λευκώλενος
1302 496 1435 554 Ἡρη,

220 552 460 624 μειδήσασα
491 553 537 596 δὲ
567 554 725 604 παιδὸς
754 552 927 604 ἐδέξατο
954 553 1063 608 χειρὶ
1091 554 1324 597 κύπελλον.

221 608 360 663 αὐτὰρ
404 608 428 653 6
466 615 560 661 τοῖς
589 608 759 654 άλλοισι
785 615 910 661 θεοῖς
948 609 1117 662 ἐνδέξια
1145 614 1282 653 πᾶσιν

219 665 426 738 ᾠνοχόει,
465 666 614 739 γλυκὺ
638 667 798 720 νέκταρ
837 666 922 710 ἀπὸ
960 671 1179 736 κρητῆρος
1209 665 1436 722 άφύσσων.

222 723 440 794 α’σβεστος
462 721 506 767 δ’
540 721 614 778 ἄρ’
653 724 819 778 ἐνῶρτο
847 723 983 779 γέλως
1008 725 1250 792 μακάρεσσι
1278 729 1465 772 θεοῖσιν,

104 786 187 826 600
218 779 278 832 ὥς
306 781 406 824 ι’δον
427 779 677 851 Ήφαιστον
718 781 791 824 διὰ
832 780 1045 852 δώματα
1038 772 1328 824 πῦιπνύοντα.

281 835 363 888 Ὠς
392 836 486 882 τότε
514 838 595 893 μὲν
624 836 803 893 πρόπαν
842 840 960 894 ἦμαρ
992 837 1034 889 ἐς
1069 837 1213 894 ἠέλιον
1242 836 1492 881 καταδύντα

47 962 153 1004 σθεὶς
194 961 233 998 ἒν
266 963 418 1007 δεσμοῖς
449 960 614 1019 κατέσχε
631 961 700 1007 τὴν
722 959 856 1008 ‘'Hpav.

47 1007 94 1054 ἣν
135 1008 306 1055 ἐπειρᾶτο
348 1011 555 1065 τηνικαῦτα
599 1007 618 1045 6
644 1008 857 1053 Ἥφαιστος

48 1055 171 1096 λύειν,
202 1055 265 1091 καὶ
298 1056 492 1100 φωραθεις
522 1053 598 1091 vind
632 1059 702 1092 τοῦ
723 1055 856 1101 Ὀλύμ-

47 1116 122 1138 που
146 1101 334 1148 ἐξεῤῥίφη,
359 1103 513 1147 (pariter
537 1114 578 1135 ac
603 1103 768 1146 Somnus,
797 1103 857 1159 qui

47 1150 168 1184 Jovem
202 1150 391 1208 deceperat
421 1149 566 1183 Junonis
593 1149 711 1192 jussu.
746 1162 779 1183 v.
812 1148 855 1192 ξ’,

48 1195 127 1231 249.
163 1195 281 1240 seqq.)
315 1195 377 1231 καὶ
414 1196 466 1234 εἰς
496 1197 651 1239 Λῆμνον
684 1194 755 1238 πρὸ
789 1199 856 1254 τῆς

51 1240 201 1297 Θράκης
233 1243 350 1285 νῆσον
383 1241 602 1277 καταπεσών
633 1242 751 1286 χωλός
781 1241 856 1287 ἐγέ-

47 1301 145 1329 veto,
171 1285 221 1328 οἷς
245 1299 359 1332 φησιν
383 1285 402 1323 6
429 1301 468 1323 π
511 1287 571 1323 διὸ
597 1288 677 1333 ιεροὶ
703 1291 754 1336 τῷ
777 1290 857 1335 θεῷ

47 1333 72 1379 ἡ
98 1336 261 1378 Λῆμνος.
286 1334 367 1368 Sch.
394 1335 439 1368 cf.
465 1332 507 1377 o',
536 1336 578 1370 16
603 1347 663 1380 seq
712 1325 857 1378 ,Apol-

46 1380 115 1415 lod.
145 1383 183 1422 1,
208 1382 243 1421 3,
267 1381 324 1420 5.;
349 1382 392 1422 2,
416 1382 458 1420 7,
486 1362 518 1415 1’.
543 1383 658 1422 etl-l,
667 1348 858 1426 qquiVul-

47 1438 168 1461 canum
192 1438 355 1471 puerum,
378 1425 462 1470 quia
485 1432 585 1460 natus
606 1432 682 1461 erat
701 1428 856 1469 claudus,

47 1473 92 1507 ab
115 1472 194 1517 ipsa
218 1477 326 1506 matre
350 1473 539 1516 projectum
564 1484 640 1507 esse
665 1485 725 1507 na1
730 1480 784 1508 rat
801 1486 857 1508 se-

0 1534 1 1546 *
47 1519 193 1552 cundum
227 1519 412 1552 Homerum
445 1517 487 1558 σ’,
520 1520 608 1560 395,
642 1520 771 1564 odyss,
802 1518 855 1561 θ’,

45 1566 115 1600 308
145 1575 242 1609 seqq.
278 1563 370 1608 quod
403 1563 439 1597 in
474 1565 636 1598 Lemnum
683 1565 855 1599 decidisse

46 1609 196 1652 dicitur,
238 1621 278 1644 eo
315 1609 487 1654 pertinet,
529 1612 623 1655 quod
653 1611 711 1645 illa
741 1611 855 1645 insula

46 1657 125 1691 olim
149 1656 236 1690 arsit
259 1656 396 1700 ignibus
420 1657 676 1690 subterraneis.
702 1670 736 1691 v.
755 1658 854 1691 Mus-

46 1714 147 1758 grav.
170 1708 206 1736 et
230 1701 382 1760 interpp.
408 1703 451 1736 ad
476 1703 584 1749 Soph.
609 1703 753 1738 Philoct.
774 1706 853 1740 761.

45 1769 92 1774 -—-
124 1744 249 1791 αλεξ.
280 1746 511 1793 ἐπιβοηθεῖν.
567 1761 671 1794 μεμ..
706 1753 855 1795 προθυ-

45 1793 246 1840 μούμενον.
279 1794 361 1829 Sch.
478 1828 493 1838 .

90 1843 171 1898 591.
195 1853 284 1876 τετ.
319 1841 446 1887 partic.
472 1853 542 1876 aor.
562 1843 595 1877 2.
621 1853 695 1876 cum
721 1842 852 1887 redupl.

46 1899 68 1922 a
91 1887 181 1931 τάω,
204 1885 320 1930 τάγω,
346 1889 512 1932 corripio,
537 1888 627 1921 unde
651 1894 761 1933 tango
786 1889 854 1923 La-

45 1933 204 1968 tinorum.
239 1935 285 1967 cf.
310 1936 376 1975 W,
403 1935 450 1975 U,
476 1940 512 1968 et
535 1935 604 1968 'Ih.
642 1946 676 1979 p.
702 1934 781 1970 346.
807 1954 853 1960 —

45 1980 216 2037 βηλου.
251 1980 337 2036 Ap.·
362 1959 484 2026 βηλὲς.
509 1976 528 2016 6
550 1982 616 2024 τῆς
635 1979 762 2022 θύρας
786 1982 853 2027 βα-

45 2024 167 2071 θμός·
193 2023 283 2061 aad
310 2026 462 2073 βηλοῦ
485 2029 614 2062 θεσπ.
641 2026 774 2072 οβάω.
794 2028 853 2068 cf„

45 2072 76 2107 si
97 2072 186 2107 tanti
209 2076 284 2115 est,
317 2073 401 2107 Sch.
425 2078 462 2107 et
487 2072 620 2107 Villois.
646 2074 689 2107 ad
714 2076 780 2118 Ap
806 2093 846 2098 -—

44 2121 177 2155 θεσπ.
201 2098 326 2154 θείίιυ.
348 2138 394 2144 —-
421 2119 504 2154 Sch.
530 2131 553 2152 a
576 2121 696 2154 limine
720 2121 849 2162 divino,

44 2165 78 2199 h.
102 2177 133 2199 e.
159 2164 257 2199 coeli.

89 2212 170 2248 593.
195 2210 338 2246 κάππ.
365 2211 410 2247 cf.
434 2211 515 2247 606.

90 2268 170 2305 594.
197 2270 408 2309 Σίντιες.
443 2270 573 2305 Σίντοι
596 2272 768 2303 vocantur
793 2281 849 2314 ap.

45 2315 159 2349 Thuc.
180 2317 214 2359 2,
235 2317 293 2351 98.
318 2315 463 2361 populus
480 2316 668 2351 Thraciae.
696 2315 754 2360 qui
772 2315 851 2350 olim

44 2361 205 2395 Lemnum
225 2361 368 2396 insulam
387 2363 581 2406 occupavit.
609 2374 641 2396 V.
661 2362 705 2402 H,
724 2361 851 2396 Strabo

44 2408 79 2442 7.
106 2419 139 2452 p.
159 2410 241 2444 511.
265 2413 301 2442 et
326 2409 380 2442 12.
407 2419 441 2452 p.
469 2410 568 2450 826,
605 2408 732 2441 Cellar.
760 2410 789 2442 1.
814 2420 850 2453 p.

46 2454 171 2495 1047„
208 2454 391 2488 Gattereri
422 2454 625 2488 Commentt.
659 2455 741 2487 Soc.
776 2465 851 2498 reg.

45 2500 169 2534 scient.
193 2499 355 2544 Gotting.
389 2500 457 2534 vol.
483 2503 516 2535 6.
551 2513 585 2546 p.
610 2501 688 2541 53.
723 2500 851 2535 Ukert.

44 2546 129 2579 aber
154 2547 298 2579 Lemnos
320 2559 355 2580 u.
380 2547 448 2580 den
472 2547 571 2592 Bcrg
588 2547 790 2590 Mosychlos,
814 2547 851 2579 in

45 2592 113 2625 den
143 2593 242 2648 allg.
271 2604 393 2648 geogr.
430 2593 523 2637 Eph.
560 2595 660 2628 1812.
706 2595 758 2626 St.
794 2594 849 2628 12.

44 2639 199 2678 Σίντιας
221 2636 483 2683 ἀγριοφώνους
507 2640 549 2673 ab
569 2638 760 2693 asperitate
783 2638 851 2671 lin—-

46 2693 136 2726 guae
170 2685 259 2719 dixit
293 2685 351 2718 hic
383 2691 501 2719 noster
532 2685 607 2730 od>
608 2696 662 2718 55.
693 2682 745 2726 θ’,
768 2684 849 2719 294.

46 2728 139 2770 Scin„
163 2730 328 2765 incertum
353 2743 423 2776 qua
447 2732 535 2774 fide,
570 2733 704 2777 piratas
735 2709 850 2764 ’fuisse

44 2782 229 2831 memorat,
268 2788 337 2821 qua
370 2789 413 2810 ex
446 2789 485 2811 re
521 2789 642 2812 nomen
677 2776 850 2818 duxerint,

44 2818 120 2857 ἀπὸ
161 2823 229 2858 τοῦ
269 2824 439 2858 σίνεσθαι
477 2823 541 2859 καὶ
581 2823 768 2880 βλάπτειν.
802 2841 849 2847 -

43 2865 189 2912 ἄφαρ.
213 2865 373 2913 εὐθέως,
399 2869 548 2914 ταχέως.
597 2883 694 2914 κομ.
721 2867 850 2913 ἐπιμε-

40 2915 141 2953 λείας
163 2913 325 2960 η’ξίωσαν
348 2916 410 2952 και
438 2916 640 2952 ἀνείλοντο.
672 2916 756 2950 Sch-

87 2962 167 2996 595.
202 2961 450 3007 μείδησεν.
492 2963 647 2998 Atticum
680 2965 734 2996 est
765 2973 848 3005 μει-

35 3005 146 3054 argiv,
180 3004 412 3057 ἕπιμειδιᾷν.
456 3022 492 3046 v.
521 3010 614 3048 Plat.
645 3008 780 3044 Phaed.
812 3019 847 3054 p.

390 3108 521 3198 κθ

902 964 970 999 388
996 964 1041 1005 Ε,
1072 963 1194 1009 Xenop
1197 964 1231 997 h.
1251 963 1382 1009 Cy.rop
1401 964 1437 1002 2,
1456 964 1490 1003 2,
1511 964 1580 1002 16.,
1602 961 1709 998 Bahr.

903 1010 948 1043 ad
973 1011 1066 1044 Plut.
1101 1011 1271 1055 Pyrrhum
1305 1021 1340 1054 p.
1372 1007 1454 1044 204.
1489 1009 1597 1043 forma
1631 1019 1711 1052 μει-

903 1057 990 1102 διᾷν
1014 1056 1124 1089 utitur
1149 1056 1252 1090 etiam
1287 1056 1387 1089 Hom.

951 1104 1031 1138 596.
1057 1101 1240 1144 παιδός.
1277 1102 1396 1136 eodem
1429 1111 1531 1134 sensu
1565 1098 1711 1133 dixisset

903 1162 1008 1192 παρα
1050 1148 1208 1189 παιδὸςτ
1253 1159 1364 1193 neque
1406 1147 1494 1180 enim
1534 1147 1712 1191 jungenda

903 1200 982 1229 sunt
1019 1197 1127 1229 verba
1159 1194 1295 1236 παιδὸς
1329 1197 1364 1228 et
1395 1191 1590 1228 κύπελλον.
1632 1192 1713 1227 vide

903 1242 1031 1278 Mamm
1055 1244 1087 1283 ὃ.
1115 1241 1196 1282 374,
1222 1241 1292 1275 Th.
1319 1252 1350 1285 p.
1371 1241 1450 1275 370.

949 1289 1029 1322 597.
1056 1286 1147 1322 ἐνδ.
1182 1288 1310 1343 (idem
1317 1286 1441 1319 dicitur
1466 1283 1632 1329 ἐπιδέξια
1657 1282 1710 1330 φ’,

904 1333 1002 1389 141.)
1028 1332 1111 1369 ἀντὶ
1130 1347 1211 1375 του,
1236 1330 1313 1368 ἀπὸ
1340 1334 1415 1366 τῶν
1435 1333 1566 1374 δεξιων
1589 1334 1711 1376 μερῶν

905 1377 1123 1423 οἷρξάμενος.
1167 1381 1250 1414 sch.
1304 1380 1383 1412 bom·
1417 1380 1540 1412 ominis
1584 1391 1710 1412 causa·

905 1427 1064 1471 quoniam
1087 1427 1122 1460 in
1148 1424 1304 1471 auguriis
1327 1425 1469 1459 dextrae
1493 1429 1608 1470 partes
1632 1426 1711 1458 fau-

904 1478 979 1506 stae
1013 1477 1093 1506 sunt
1126 1473 1263 1506 habitae
1298 1482 1318 1504 3.
1351 1471 1510 1505 Graecis.
1543 1483 1574 1505 v.
1607 1472 1641 1504 U
1674 1475 1711 1504 et

903 1519 1020 1552 Feith.
1055 1531 1088 1564 p.
1116 1519 1193 1553 128.
1223 1519 1273 1552 sic
1297 1515 1344 1560 v',
1371 1519 1448 1552 184.
1471 1529 1598 1574 praeco
1623 1518 1711 1550 dex-

902 1568 1048 1597 trorsum
1075 1565 1273 1598 circumfert
1296 1568 1445 1604 so1tem,
1479 1561 1573 1606 δεῖξ’
1608 1562 1710 1598 §2231-

902 1612 962 1653 ξια
980 1612 1104 1653 πᾶσιν,
1130 1611 1260 1654 Οό)55.
1280 1607 1322 1653 ρ’,
1341 1611 1420 1644 365.
1446 1609 1514 1655 Uly
1509 1621 1592 1644 sses
1615 1621 1710 1644 men-

902 1657 1022 1691 dicans
1050 1659 1098 1702 βῆ
1124 1657 1206 1701 ἴμεν
1231 1655 1396 1699 αἰτήσων
1429 1624 1574 1699 ἐνδέξια
1600 1658 1710 1699 φῶτα

902 1702 1075 1745 ἕκαστον,
1102 1711 1138 1737 et
1164 1715 1220 1748 ap.
1246 1702 1335 1736 Plat.
1362 1702 1546 1756 Ξ)ιιιρο5ἰο
1571 1703 1710 1748 aliquo-

900 1750 966 1784 ties
1000 1762 1021 1784 a
1053 1730 1176 1783 dextra
1209 1748 1402 1794 procedunt
1434 1748 1529 1783 vices
1568 1749 1749 1784 bibendi*

901 1803 938 1831 et
961 1796 1142 1850 loquendi,
1168 1799 1208 1829 ut
1231 1796 1276 1828 H.
1302 1794 1491 1830 annotavit.
1525 1796 1626 1829 valde
1650 1807 1709 1829 su-

901 1842 1090 1888 perstitiosi
1124 1843 1263 1875 fuerunt
1298 1841 1450 1883 Graeci,
1485 1853 1555 1886 qua
1595 1842 1638 1876 de
1669 1854 1709 1875 re

901 1891 946 1922 W
981 1888 1136 1934 inprimis
1181 1887 1294 1922 evolvi
1333 1888 1440 1931 jussit
1474 1888 1620 1922 Hesiodi
1661 1889 1708 1924 O.

901 1940 936 1969 et
960 1936 1001 1968 D.
1027 1936 1107 1970 765.
1141 1945 1249 1978 usque
1282 1934 1325 1967 ad
1350 1934 1462 1967 finem.

947 1983 1014 2016 598
1051 1978 1124 2027 ᾠν.
1149 1981 1277 2014 dictum
1295 1991 1604 2025 καταχρηστικως,
1625 1980 1708 2026 quia

899 2038 965 2060 non
990 2027 1103 2061 vinum
1127 2026 1350 2068 infundebat,
1375 2028 1436 2061 sed
1460 2032 1591 2068 nectar,
1616 2027 1707 2072 quod

898 2078 1010 2107 tamen
1033 2073 1153 2128 ipsum
1189 2070 1354 2116 ἐρυθρὸν
1388 2078 1554 2115 vocatur,
1588 2077 1628 2106 ut
1652 2073 1707 2107 vi-

897 2131 990 2161 num,
1014 2117 1055 2161 τ’,
1081 2122 1138 2155 38.
1174 2120 1219 2152 cf.
1245 2119 1280 2152 H
1304 2124 1340 2153 et
1363 2119 1467 2153 Schn.
1500 2131 1534 2155 v.
1560 2119 1704 2162 νέκταρ,

898 2177 988 2210 quae
1011 2177 1090 2206 vox,
1114 2177 1134 2199 a
1159 2164 1270 2209 νήχω,
1294 2165 1363 2200 νέω
1390 2165 1598 2208 derivanda,
1622 2166 1706 2200 nihil

897 2212 990 2247 aliud
1014 2216 1110 2246 notat
1135 2224 1234 2256 quam
1250 2213 1413 2256 fluidum.

944 2259 1024 2295 599.
1051 2256 1293 2315 ἄσβεστος.
1320 2256 1616 2300 ἄκατάπαυστος,
1636 2271 1707 2294 πο-

898 2303 972 2345 λύς.
988 2302 1019 2360 ἡ
1045 2304 1241 2349 μεταφορὰ
1265 2304 1342 2340 απὸ
1368 2306 1438 2339 τοῦ
1462 2304 1588 2349 πυρός.
1622 2306 1703 2339 Sch.

898 2353 942 2385 cf.
969 2351 1012 2393 λ’,
1038 2353 1118 2393 50.
1148 2352 1277 2410 Οᾱ)55.
1302 2351 1354 2393 θ’,
1378 2353 1459 2392 326,
1483 2365 1530 2393 v,
1554 2350 1634 2387 346.

943 2399 1022 2433 600.
1047 2411 1206 2433 ποιπν.
1233 2396 1464 2443 ἐνεργοῦντα,
1486 2400 1706 2434 διακονοῦν-

897 2457 955 2478 τα.
991 2444 1074 2478 Sch.
1124 2446 1288 2478 anhelavi:
1292 2457 1367 2488 em,
1402 2446 1569 2489 gnaviter
1600 2450 1706 2489 atque

898 2491 1063 2524 alacriter
1080 2502 1163 2535 opus
1176 2493 1380 2535 facientem.
1406 2492 1458 2534 (v.
1472 2492 1575 2525 Schn.
1596 2491 1630 2524 h.
1649 2492 1705 2535 v.)

898 2537 1008 2570 effuse
1031 2537 1147 2571 rident
1180 2538 1230 2572 dii
1255 2538 1464 2578 Vulcanum,
1499 2542 1619 2571 nectar
1643 2537 1705 2571 mi·-

897 2583 1120 2625 nistrantem,
1158 2585 1240 2628 quia
1273 2584 1444 2618 claudicat
1480 2583 1542 2627 (σ’,
1579 2582 1704 2626 411.);

898 2629 1027 2674 alioqui
1045 2641 1111 2664 non
1130 2630 1297 2664 riderent.
1322 2631 1368 2664 cf.
1389 2629 1435 2670 δ’,
1451 2631 1529 2664 2-
1539 2628 1573 2664 4.
1599 2631 1703 2664 EW.

943 2687 1022 2721 601.
1049 2686 1144 2721 locus
1170 2688 1338 2721 notandus
1363 2691 1506 2733 propter
1531 2686 1704 2722 notionem

895 2732 991 2765 vitae
1032 2732 1172 2767 deorum
1213 2734 1338 2767 beatae
1384 2734 1593 2767 declaratam
1641 2745 1703 2778 per

896 2778 1013 2823 epulas
1029 2783 1104 2812 toto
1124 2779 1180 2813 die
1201 2779 1439 2820 continuatas,
1470 2779 1610 2812 heroum
1630 2791 1702 2812 mo-

894 2836 957 2865 re,
996 2825 1091 2859 velut
1116 2837 1298 2870 procorum
1320 2826 1365 2859 in
1391 2825 1552 2878 Odyssea
1576 2828 1611 2858 et
1639 2824 1701 2857 Αι-

894 2870 999 2905 cinoi.
1034 2882 1139 2916 porro
1164 2876 1203 2905 ut
1228 2871 1318 2905 inter
1342 2873 1404 2905 hos
1430 2870 1526 2904 bonis
1551 2869 1700 2924 dapibus

895 2917 1077 2961 adjunctus
1101 2920 1155 2951 est
1186 2921 1307 2951 cantus
1330 2917 1501 2957 citharae,
1533 2915 1585 2949 sic
1608 2915 1700 2950 inter

895 2963 978 2997 deos
1003 2963 1124 3007 Apollo
1150 2963 1224 3007 agit
1247 2963 1429 2997 fidicinem.
1464 2973 1588 2995 novum
1612 2973 1697 2996 vero

895 3013 960 3052 est,
984 3008 1078 3054 quod
1102 3009 1227 3045 Musae
1249 3009 1430 3045 accinunt.
1453 3018 1529 3042 nam
1553 3019 1611 3054 ap.
1633 3007 1696 3042 he-
