1811 3269
615 193 1046 235 ΙΛΙΑΔΟΣ
1105 196 1151 234 ss.

1632 198 1711 238 131

103 313 187 353 560
212 308 468 379 Ερμιόνην,
494 305 672 378 Ἀσίνην
701 322 768 356 τε,
800 304 952 361 βαθύν
981 304 1092 349 κατὰ
1120 303 1289 347 κόλπον
1323 303 1518 359 ἐχούσας,

221 363 442 420 Τροιζῆν’,
471 363 648 415 Ἠϊόνας
676 380 721 407 τε
751 364 825 406 καὶ
856 360 1113 432 ἄμπελόεντ’
1146 362 1425 444 Έιπίδαυρον,

214 423 261 465 οἴ
285 421 325 464 τ’
355 423 454 478 ἕχον
484 423 671 478 Αἴγιναν
699 419 894 477 Μάσητά
923 435 969 462 τε
998 423 1159 474 κοῦροι
1186 417 1384 475 Ἀχαιῶν,

43 560 137 584 seum
162 552 365 589 tenuerant,
401 551 580 593 postquam
614 548 656 583 ad
693 549 766 592 ejus
791 549 850 583 ab·

43 599 201 640 nepotem
226 595 409 628 Adrastum
441 595 626 636 rediisset,
658 607 756 639 quem
790 607 852 629 ex-

43 641 136 686 cepit
160 641 251 674 filius
275 641 480 684 Aegialeus,
516 642 583 675 hoc
611 647 741 675 mortuo
765 642 853 675 Dio-

42 687 180 729 medes,
215 688 287 731 ejus
319 698 359 719 ex
385 699 505 722 sorore
530 699 653 732 nepos,
678 688 852 732 regnavit.

41 733 173 768 interea
211 733 455 778 Pelopidarum
496 745 636 778 regnum
682 735 852 778 Mycenis,

42 792 146 824 quas,
192 779 393 823 Eurystheo
437 781 473 813 in
525 791 641 825 pugna
684 781 853 814 adversus

41 827 185 860 Atheun.
213 837 331 867 caeso,
358 829 481 860 Atreus
506 825 706 871 occupavit,
731 827 854 872 opibus

40 872 222 916 insiguiter
245 877 379 905 auctum
397 872 604 916 Argivorum
627 873 771 916 gloriam
790 875 853 907 ob-

41 923 265 960 scuraverat,
288 917 339 951 ita
363 926 401 952 ut
420 919 491 962 jam
515 919 624 952 altero
650 931 670 952 a
695 920 852 963 Mycenis

42 969 78 998 et
110 965 365 998 Lacedaemone
397 965 474 999 loco
505 966 692 998 haberetur
725 968 850 1010 Argos.

40 1010 167 1044 Junoni
184 1011 270 1044 haec
283 1011 366 1043 urbs
386 1010 502 1045 dicata
519 1011 598 1052 fuit,
617 1023 717 1056 quam
733 1024 851 1045 caram

40 1057 101 1090 illa
133 1061 237 1090 vocat
270 1068 326 1100 ap.
354 1056 452 1101 Virg.
477 1059 564 1091 Aen.
591 1060 631 1101 1,
658 1059 736 1092 24:
762 1059 853 1092 unde

42 1105 139 1137 HPA
164 1105 365 1144 ΑΡΓΕΙΑ,
389 1105 478 1137 Juno
498 1105 654 1148 Argiva,
680 1105 714 1137 in
737 1117 852 1139 monu-

40 1149 174 1183 mentis,
221 1150 265 1183 de
298 1149 436 1183 Heraco
469 1150 603 1184 dicetur
636 1151 679 1184 ad
703 1151 782 1187 569.
807 1170 853 1175 -

42 1196 243 1239 Tirynthem
266 1195 492 1239 τειχιόεσσαν
516 1197 604 1231 dixit
617 1204 762 1242 propter
782 1209 853 1231 mu-

41 1253 98 1275 ros
119 1253 140 1276 a
162 1243 376 1288 Cyclopibus
400 1244 578 1278 conditos:
613 1256 646 1278 v.
674 1245 790 1278 strab.
816 1256 850 1301 p.

40 1289 142 1330 572,
175 1290 278 1323 Pans
303 1290 853 1334 2,25.8ε1ι.ιτειχ.τὴυ

40 1335 159 1374 καλῶς
192 1336 470 1380 τετειχισμένην.
531 1336 609 1372 ἐπεὶ
642 1339 748 1371 δοκεῖ
776 1335 852 1372 vn6

40 1379 255 1417 Κυκλωπων
279 1385 515 1425 τετειχίσθαι.
561 1383 687 1416 iterum
711 1395 779 1416 vox
805 1384 854 1417 le-

41 1428 134 1472 gitur
158 1428 302 1463 inferius
326 1429 407 1465 646.
440 1449 483 1454 —-
515 1427 700 1470 '‘szvsg
732 1430 855 1473 Mjce—

40 1486 200 1508 naeorum
223 1476 349 1509 navale
372 1475 451 1515 fuit,
479 1476 660 1509 Strabonis
684 1488 770 1510 aevo
793 1477 855 1509 de-

38 1521 166 1562 letum3
201 1522 340 1563 Mases,
374 1522 535 1565 oppidum
561 1521 637 1555 olim
664 1521 852 1565 Argolidis,

39 1567 357 1608 Hermionensium,
389 1573 480 1601 teste
510 1568 614 1601 Paus.
631 1569 675 1608 2,
698 1570 755 1603 36
791 1567 852 1600 mi-

38 1624 111 1647 rum
139 1613 303 1647 Straboni
327 1625 465 1659 quoque
496 1612 604 1647 visum
632 1621 687 1648 est
712 1626 746 1658 p.
771 1615 851 1650 577.

38 1659 78 1692 Β.
105 1659 158 1701 0.,
182 1660 318 1694 insulae
335 1660 499 1705 subjungi
521 1660 681 1705 oppidum
706 1660 740 1693 in
765 1671 849 1694 con-

36 1705 180 1740 tinente.
216 1707 416 1750 Tirynthem
441 1714 476 1740 et
498 1708 668 1751 Aeginam
695 1712 764 1740 tum
784 1708 852 1740 Ar-

36 1752 152 1832 givisil
169 1753 346 1799 paruisse,
392 1765 435 1787 ex
479 1753 631 1788 Homero
675 1753 852 1788 discimus.

36 1800 90 1832 Ex
152 1822 162 1833 .

82 1856 162 1892 560
205 1855 329 1901 Ἑρμ.
375 1862 521 1891 vocatur
562 1857 664 1890 etiam
692 1853 854 1900 Ἑρμιών

36 1914 96 1948 ap.
121 1903 302 1946 Scylacem
327 1913 362 1947 Ρ.
387 1905 465 1944 2οῚ
505 1903 684 1948 Polybium
717 1910 754 1937 et
779 1904 852 1936 Eu-

37 1950 103 1994 rip.
136 1949 245 1985 Herc.
284 1949 354 1982 fur.
387 1950 468 1984 579.
530 1949 663 1983 Herod.
698 1950 740 1990 8,
773 1951 852 1984 73.-

38 1995 228 2052 Δρυόπων
259 1994 300 2030 δὲ
333 1992 560 2040 Ερμιόνη
591 2008 629 2030 τε
652 1996 715 2030 καὶ
734 1994 852 2030 Ἀσί-

38 2056 93 2088 νη
131 2038 154 2086 ἡ
183 2040 277 2085 πρὸς
310 2041 542 2099 Καρδαμύλῃ
559 2043 616 2098 τῇ
644 2043 851 2088 Λακωνικῇ.

38 2094 74 2124 et
96 2088 144 2123 ib.
168 2087 242 2146 43.τ
272 2088 308 2123 οἱ
333 2087 374 2123 δὲ
395 2087 602 2134 Ερμιονέες
625 2089 694 2123 εἰσὶ
723 2089 851 2133 Δρύο-

36 2149 102 2177 πες
133 2131 207 2171 ’ὑπὸ
229 2131 427 2180 Ηρακλέος
458 2149 498 2171 τε
524 2150 584 2171 και
611 2135 787 2179 ΛῙηλιέων
812 2134 851 2170 ἐκ

35 2185 103 2227 τῆς
141 2183 213 2217 νῦν
251 2184 424 2229 Δωρίδος
466 2182 689 2240 καλεομένης
731 2182 852 2226 χώρης

36 2227 315 2272 ἐξαναστάντες.
367 2229 496 2264 Strabo
529 2232 569 2270 8,
601 2231 642 2264 6:
674 2227 850 2277 Ἑρμιόνη

36 2275 72 2312 6'
106 2274 180 2312 ἐστὶ
217 2277 294 2310 τῶν
326 2288 395 2312 ουκ
428 2274 583 2333 ἀσήμων
613 2274 776 2317 πόλεων,
807 2278 852 2321 ἠς

35 2322 105 2369 τὴν
128 2324 317 2365 παραλίαν
341 2321 489 2380 ἔχουσιν
508 2321 631 2364 Αλιεῖς
664 2322 853 2380 λεγόμενοι

35 2371 315 2413 θαλαττουργοί
335 2383 434 2411 τινες
465 2368 608 2414 ἀνδρες.
655 2369 748 2414 παρ’
769 2367 851 2424 Ϊ·Ερ

35 2417 205 2474 μιονεῦσι
229 2415 271 2452 δε
294 2415 558 2473 τεθρύλληται,
584 2415 651 2462 τὴν
676 2418 728 2457 εἰς
753 2413 851 2462 ιιιίδου

37 2461 248 2523 κατάβασιν
269 2475 456 2508 συντομον
480 2469 597 2499 εἶναι·
631 2463 761 2509 διόπερ
793 2462 851 2498 ἐν-

36 2509 207 2546 τιθέασιν
231 2509 403 2547 ενταῦθα
425 2514 504 2551 τοῖς
526 2513 671 2554 νεκροῖς
699 2511 851 2545 ναῦλον.

34 2555 225 2614 Δρυόπων
257 2556 296 2593 δ’
331 2556 545 2603 οἰκητήριόν
578 2569 672 2600 φασι
695 2558 757 2592 καὶ
781 2556 851 2601 τήν

34 2601 188 2648 Ἀσίνην.
218 2621 266 2629 —-
295 2604 438 2638 fuerunt
474 2610 588 2638 autem
625 2603 716 2637 duae
747 2605 850 2637 urbes

38 2650 171 2684 nomine
196 2650 410 2684 Hermiones.
458 2656 632 2690 veterem,
656 2650 747 2683 fanis
775 2649 851 2694 qui-

37 2694 204 2738 busdam,
226 2697 264 2730 in
288 2697 340 2730 his
364 2697 541 2741 Neptuni,
568 2697 759 2738 Minervae,
784 2698 852 2730 So-

40 2741 104 2783 lis,
130 2741 291 2785 Cereris,
324 2748 361 2776 et
384 2743 460 2776 luco
486 2743 712 2783 Gratiarum,
748 2754 851 2776 exce-

41 2787 133 2832 ptis,
165 2798 318 2822 eversam
351 2789 460 2823 tradit
484 2790 588 2824 Paus.
650 2787 765 2831 ‚34.;
790 2799 851 2822 no-

0 2849 1 2857 *
39 2845 116 2868 vam
146 2845 227 2867 vero
258 2833 282 2867 4
304 2835 426 2868 stadiis
460 2847 481 2868 a
523 2835 782 2880 promontorio,
815 2835 852 2867 in

0 2890 2 2896 ·
39 2891 106 2924 quo
149 2879 307 2924 Neptuni
347 2882 462 2915 fanum
499 2888 597 2923 erat,
641 2881 752 2915 sitam.
802 2881 850 2914 cf.

41 2925 169 2960 Cellar.
206 2929 237 2961 1.
273 2936 306 2970 Ρ
332 2928 433 2963 1211.
445 2953 456 2969 ,
497 2932 533 2961 et
570 2939 656 2973 quos
690 2926 850 2960 adhiberi

36 2971 142 3015 jussit
169 2971 226 3011 U,
259 2972 302 3006 C.
334 2973 379 3008 O.
413 2973 550 3008 Mulier.
583 2974 777 3017 Aeginetic.
814 2984 850 3017 p.

0 3053 9 3061 ,
38 3017 96 3054 33.
123 3021 160 3052 et
184 3017 419 3054 Wachsmuth.
443 3021 568 3055 hellen.
593 3021 741 3053 Alterth.
760 3021 795 3060 2,
814 3021 849 3054 2.

39 3073 72 3108 p.
103 3065 182 3100 183.
242 3065 362 3099 Asines
394 3067 512 3100 ruinas
542 3066 578 3100 in
617 3066 733 3100 littore
757 3065 850 3100 vidit

900 545 1004 580 Faus.
1027 546 1067 586 2,
1094 547 1149 580 36.
1178 543 1359 578 diruerant
1382 543 1451 589 ipsi
1471 541 1594 587 Argivi
1624 544 1712 579 bello

899 591 1006 626 civili.

945 639 1024 673 561.
1073 636 1117 669 de
1154 637 1324 669 Troezene
1360 634 1581 679 geographus
1614 635 1636 669 1.
1662 647 1691 669 c

904 682 1064 728 Τροιζὴν
1090 679 1126 717 δ’
1154 681 1236 726 ἱερά
1264 682 1340 717 ἐστι
1369 681 1620 722 Ποσειδῶνος,
1647 682 1713 726 οἷφ

900 731 945 766 οὗ
971 731 1033 766 καὶ
1055 730 1290 765 Ποσειδωνία
1314 727 1405 762 ποτὲ
1429 726 1579 772 ἐλέγετο,
1600 725 1712 773 ὑπέρ-

900 791 1017 813 κειται
1053 775 1092 811 δε
1119 778 1185 820 τῆς
1216 775 1408 818 θαλάττης
1427 776 1493 830 εἰς
1523 778 1711 810 πεντεκαί-

901 826 939 859 δε
944 839 989 859 κα
1015 825 1203 862 σταδίους
1229 819 1319 857 οὐδ’
1341 816 1435 864 αὕτη
1469 819 1611 866 α’σημος
1644 822 1712 858 πό-

900 875 965 912 λις.
1000 872 1075 914 (cf.
1106 870 1280 903 Maunert.
1308 870 1342 904 8.
1376 881 1416 914 p:
1442 869 1522 903 660.
1552 868 1642 912 etc.)
1667 889 1712 893 —

895 917 1081 957 Ἦῑόνες
1109 915 1150 951 ὁὲ
1180 913 1286 961 κώμη
1308 927 1367 954 τις
1389 915 1459 959 ἠν,
1496 910 1544 958 ’ἠν
1568 913 1710 973 ἐρημώ-

900 977 1027 1004 σαντες
1051 966 1271 1005 Μυκηναῖοι
1301 960 1547 1004 ναύσταθμον
1582 961 1713 1005 ἐποίη-

899 1022 988 1047 σαν·
1007 1010 1260 1054 αφανισθεῐσα
1280 1008 1321 1045 6
1338 1005 1495 1051 ὕστερον
1515 1005 1603 1042 ου’ὅε
1622 1008 1712 1043 ναύ-

899 1057 1070 1101 σταθμόν
1094 1055 1202 1092 ἐστιν.
1227 1076 1271 1080 ——-
1306 1052 1328 1101 ἠ
1353 1052 1649 1111 Ἐπίδαυρος
1672 1051 1712 1090 δ’

899 1105 1060 1140 ἐκαλεῖτο
1082 1103 1302 1147 Επίκαρος·
1338 1101 1428 1146 φησὶ
1460 1098 1530 1145 γάρ
1551 1099 1712 1144 Αριστο-

897 1155 1010 1207 τέλης
1024 1154 1217 1194 κατασχεῖν
1255 1148 1373 1193 αὐτὴν
1407 1149 1556 1192 Κᾶρας,
1591 1145 1713 1193 ω’σπερ

897 1200 960 1234 καὶ
1002 1195 1223 1241 Ερμιόνην,
1273 1197 1347 1230 τῶν
1392 1193 1434 1228 δ’
1464 1196 1714 1239 “Ηρακλειδων

897 1245 1156 1281 κατελθόντων
1174 1243 1306 1283 Ἴωνας
1330 1240 1460 1282 αὐτοῖς
1482 1244 1712 1287 συνοικῆσαι,

897 1304 986 1331 τους
1017 1290 1055 1327 ἐκ
1079 1292 1146 1336 τῆς
1165 1287 1326 1334 Ἀττικῆς
1348 1288 1614 1348 τετραπόλεως
1622 1301 1713 1324 συν-

899 1337 1102 1382 επομένους
1125 1338 1178 1377 εἰς
1192 1336 1330 1395 Ἄργος.
1363 1337 1426 1371 καὶ
1452 1333 1548 1381 αὕτη
1576 1332 1614 1369 δ’
1642 1349 1713 1371 ουκ

898 1398 1040 1440 ασημος
1064 1384 1086 1428 ἡ
1111 1383 1236 1424 πόλις,
1270 1383 1331 1418 καὶ
1363 1380 1522 1426 μάλιστα
1556 1381 1621 1417 δια
1644 1396 1712 1427 την

898 1430 1122 1486 ἐπιφάνειαν
1146 1431 1215 1465 τοῦ
1238 1426 1451 1473 Ἀσκληπιόυ
1484 1428 1712 1490 θεραπεύειν

898 1478 1033 1517 νόσους
1055 1477 1302 1517 παντοδαπᾶς
1323 1476 1625 1519 πεπιστευμένου
1648 1477 1712 1512 καὶ

898 1524 941 1560 τὸ
982 1523 1084 1568 ιερὸν
1117 1525 1251 1582 πλῆρες
1286 1522 1435 1567 ἔχοντος
1466 1520 1524 1556 οἷεὶ
1559 1524 1632 1557 τῶν
1673 1535 1713 1558 τε

896 1571 1127 1615 καμνόντων,
1149 1571 1212 1605 καὶ
1236 1583 1310 1603 των
1337 1568 1587 1612 ἀνακειμένων
1602 1570 1710 1604 πινά-

897 1631 984 1660 κων,
1012 1631 1050 1653 εν
1075 1630 1131 1657 οις
1155 1615 1478 1661 ἀναγεγραμμέναι
1501 1628 1710 1660 τυγχανου-

899 1677 957 1700 σιν
982 1665 1022 1699 αὶ
1057 1666 1278 1707 θεραπεῖαι,
1310 1662 1484 1705 καθάπερ
1519 1663 1557 1696 ἐν
1583 1665 1649 1721 Κῷ
1671 1677 1711 1700 τε

897 1726 958 1747 και
990 1713 1137 1756 Τρίκκῃ.
1183 1713 1303 1745 κεῖται
1326 1709 1366 1744 δ’
1392 1707 1414 1754 ἡ
1439 1709 1546 1749 πόλις
1580 1722 1618 1745 εν
1642 1723 1712 1753 μυ-

897 1761 947 1804 χῷ
972 1761 1040 1793 τοῦ
1065 1758 1288 1803 Σαρωνικοῦ
1311 1755 1469 1798 κόλπου,
1494 1753 1559 1790 τὸν
1584 1756 1709 1798 παρά-

898 1809 1016 1841 πλουν
1051 1816 1186 1849 εχουσα
1232 1804 1395 1838 σταδίων
1438 1805 1710 1858 πεντεκαίδεκα,

898 1853 1086 1899 βλέπουσα
1110 1851 1204 1909 πρὸς
1227 1848 1413 1890 ανατολάς
1442 1849 1614 1894 θερινάς·
1647 1864 1712 1886 πε-

898 1901 1091 1944 ρικλείεται
1115 1897 1151 1933 δ’
1178 1896 1300 1949 ὄρεσιν
1316 1895 1484 1952 ὑψηλοῖς
1494 1896 1601 1941 μέχρι
1618 1897 1713 1941 πρὸς

898 1947 966 1990 τήν
989 1945 1203 1987 θάλατταν,
1231 1941 1318 1978 ὥστ’
1345 1940 1486 1990 ἐρυμνὴ
1509 1944 1713 1980 κατασκεύ-

898 2005 1006 2027 ασται
1031 2003 1198 2035 φυσικως
1220 1991 1472 2035 πανταχόθεν.
1517 1990 1598 2024 inde
1617 1992 1712 2035 prius

897 2051 961 2084 per
986 2039 1169 2072 Graeciam
1194 2048 1348 2082 sparsum
1364 2035 1560 2081 Aesculapii
1584 2039 1711 2072 cultum

897 2085 1042 2118 Romani
1087 2085 1362 2125 arcessiverunt‚
1417 2083 1574 2126 Simllae
1615 2083 1712 2118 libris

897 2131 1027 2165 moniti.
1076 2130 1157 2164 Liv.
1184 2134 1237 2164 10.
1271 2137 1434 2163 extremo.
1485 2128 1589 2173 ἱεράν
1607 2127 1710 2166 Ἐπί-

898 2180 994 2220 δαυρ
999 2190 1042 2213 ον
1071 2177 1160 2210 dixit
1181 2176 1272 2210 Plut
1300 2176 1436 2210 Pericle
1461 2187 1493 2220 p.
1520 2177 1599 2213 171.

942 2226 1024 2261 562.
1073 2223 1117 2257 de
1148 2222 1260 2256 insula
1289 2223 1427 2269 Aegina
1451 2222 1579 2256 Strabo
1604 2224 1646 2265 8,
1674 2225 1707 2258 6.

898 2281 934 2317 Ρ.
957 2272 1059 2306 576.ε
1087 2267 1144 2305 ὅτι
1167 2268 1234 2313 μὲν
1259 2269 1329 2304 οὖν
1352 2282 1428 2304 των
1453 2268 1602 2314 σφόδρα
1620 2283 1709 2314 γνω-

897 2319 1016 2360 ρίμων
1051 2315 1151 2351 ἐστιν
1186 2314 1209 2361 ἡ
1243 2317 1376 2359 νῆσος,
1411 2316 1449 2350 τί
1484 2318 1543 2351 δεῖ
1573 2318 1709 2361 λέγεινς

897 2363 1074 2399 εντεῦθεν
1110 2376 1181 2407 γαρ
1213 2361 1350 2403 Αἰακός
1383 2375 1420 2397 τε
1454 2362 1613 2419 λέγεται,
1648 2364 1711 2398 καὶ

898 2411 934 2446 οι
967 2408 1039 2446 ὑπ’
1075 2409 1215 2444 αυτόν·
1250 2422 1348 2454 αυτη
1382 2407 1424 2443 6'
1454 2407 1552 2444 εστὶν
1589 2408 1612 2454 ἡ
1648 2410 1710 2445 καὶ

896 2456 1282 2501 θαλασσοκρατήσασοι
1315 2470 1379 2492 και
1410 2456 1502 2512 περι
1518 2458 1711 2501 πρωτείων

898 2502 1212 2563 ἄμφισβητήσασά
1242 2515 1334 2538 ποτε
1365 2501 1460 2547 πρὸς
1495 2499 1712 2548 Ἀθηναίους

896 2549 935 2586 ἐν
967 2552 1011 2595 τῇ
1046 2550 1131 2594 περὶ
1163 2552 1361 2595 Σαλαμῖνα
1395 2551 1585 2607 ναυμαχία
1615 2563 1711 2585 κατα

896 2595 942 2631 τὰ
977 2595 1152 2642 Περσικοὶ.
1193 2616 1235 2620 -
1281 2596 1476 2655 ἐπῴκησαν
1515 2593 1555 2631 6³
1592 2596 1711 2641 αὐτην

894 2641 1063 2688 Ἀργεῖοι,
1097 2643 1159 2678 καὶ
1184 2633 1344 2688 Κρῆτες,
1376 2643 1439 2677 καὶ
1460 2642 1710 2687 Επιδαύριοι,

896 2691 959 2725 καὶ
975 2693 1148 2735 Δωριεῖς·
1172 2689 1330 2733 ὕστερον
1355 2687 1396 2724 δε
1420 2690 1709 2746 κατεκληρούχη-

898 2748 964 2771 σαν
997 2737 1066 2782 τήν
1095 2738 1209 2791 νῆσον
1237 2735 1452 2793 Αθηναῖοι·
1486 2733 1711 2792 αφελόμενοι

897 2781 938 2819 δε
959 2782 1251 2827 Λακεδαιμόνιοι
1279 2782 1368 2824 τούς
1394 2781 1615 2838 Ἀθηναίους
1641 2781 1710 2836 τὴν

896 2832 1013 2875 νῆσον
1055 2829 1244 2866 ἀπέδοσαν
1284 2833 1365 2871 τοῖς
1405 2827 1576 2874 α’ρχαιοις
1609 2826 1708 2873 οἰκή-

895 2888 1034 2922 τορσιν.
1091 2875 1274 2918 ἀποίκους
1300 2875 1336 2912 δ’
1374 2874 1536 2911 ἔστειλαν
1554 2876 1709 2930 Αἰγινῆ-

894 2936 957 2959 ται
981 2925 1034 2966 εἴς
1056 2936 1095 2959 τε
1121 2924 1322 2959 Κυδωνίαν
1339 2919 1408 2967 τὴν
1425 2922 1464 2958 ἐν
1484 2920 1622 2967 Κρήτῃ,
1647 2923 1709 2957 καὶ

896 2972 950 3011 εἰς
966 2968 1203 3017 Ὀμβρικούς.
1242 2968 1414 3027 Ἔφορος
1435 2967 1476 3004 δ’
1498 2970 1624 3025 Αἰγίνῃ
1644 2966 1708 3013 ἄρ-

895 3030 1010 3063 γυρον
1030 3019 1179 3062 πρῶτον
1194 3018 1360 3059 κοπῆναί
1385 3027 1497 3060 φησιν
1526 3012 1599 3049 υπὸ
1624 3017 1709 3050 Φεί-

897 3066 1036 3104 δωνος·
1072 3063 1194 3107 (regis
1229 3063 1455 3107 Argivorum,
1488 3062 1546 3106 qui
1584 3062 1710 3096 vixisse

1353 3108 1429 3150 9*
