<?xml version="1.0" encoding="UTF-8"?>
<!DOCTYPE html PUBLIC "-//W3C//DTD XHTML 1.0 Transitional//EN"
    "http://www.w3.org/TR/xhtml1/DTD/xhtml1-transitional.dtd">
<html xmlns="http://www.w3.org/1999/xhtml" xml:lang="en" lang="en">
 <head>
  <title>
</title>
<meta http-equiv="Content-Type" content="text/html;charset=utf-8" />
  <meta name='ocr-system' content='tesseract 3.04.00' />
  <meta name='ocr-capabilities' content='ocr_page ocr_carea ocr_par ocr_line ocrx_word'/>
</head>
<body>
  <div class='ocr_page' id='page_1' title='image "./carmina01home/carmina01home_0081.png"; bbox 0 0 1811 3269; ppageno 0'>
   <div class='ocr_carea' id='block_1_1' title="bbox 612 183 1146 226">
    <p class='ocr_par' dir='ltr' id='par_1_1' title="bbox 612 183 1146 226">
     <span class='ocr_line' id='line_1_1' title="bbox 612 183 1146 226; baseline 0.004 -2"><span class='ocrx_word' id='word_1_1' title='bbox 612 183 1042 225; x_wconf 81' lang='grc' dir='ltr'><em>ΙΛΙΑΔΟΣ</em></span> <span class='ocrx_word' id='word_1_2' title='bbox 1090 186 1146 226; x_wconf 87' lang='grc' dir='ltr'><em>Α.</em></span> 
     </span>
    </p>
   </div>
   <div class='ocr_carea' id='block_1_2' title="bbox 1653 190 1710 233">
    <p class='ocr_par' dir='ltr' id='par_1_2' title="bbox 1653 190 1710 233">
     <span class='ocr_line' id='line_1_2' title="bbox 1653 190 1710 233; baseline -0.053 0"><span class='ocrx_word' id='word_1_3' title='bbox 1653 190 1710 233; x_wconf 73' lang='lat'><em>67</em></span> 
     </span>
    </p>
   </div>
   <div class='ocr_carea' id='block_1_3' title="bbox 215 289 1367 364">
    <p class='ocr_par' dir='ltr' id='par_1_3' title="bbox 215 289 1367 364">
     <span class='ocr_line' id='line_1_3' title="bbox 215 289 1367 364; baseline 0 -28"><span class='ocrx_word' id='word_1_4' title='bbox 215 289 360 337; x_wconf 80' lang='grc' dir='ltr'><em>ἴστία“</em></span> <span class='ocrx_word' id='word_1_5' title='bbox 358 292 438 364; x_wconf 76' lang='grc' dir='ltr'><em>μὲν</em></span> <span class='ocrx_word' id='word_1_6' title='bbox 466 292 712 347; x_wconf 78' lang='grc' dir='ltr'><strong><em>στείλαντο,</em></strong></span> <span class='ocrx_word' id='word_1_7' title='bbox 741 293 882 344; x_wconf 80' lang='grc' dir='ltr'>θέσαν</span> <span class='ocrx_word' id='word_1_8' title='bbox 912 290 956 336; x_wconf 88' lang='grc' dir='ltr'><em>δ’</em></span> <span class='ocrx_word' id='word_1_9' title='bbox 984 293 1033 337; x_wconf 78' lang='grc' dir='ltr'><em>ἐν</em></span> <span class='ocrx_word' id='word_1_10' title='bbox 1061 293 1139 349; x_wconf 73' lang='grc' dir='ltr'><em>νηῒ</em></span> <span class='ocrx_word' id='word_1_11' title='bbox 1163 293 1367 364; x_wconf 81' lang='grc' dir='ltr'><em>μελαίνῃ·</em></span> 
     </span>
    </p>
   </div>
   <div class='ocr_carea' id='block_1_4' title="bbox 67 347 1667 1259">
    <p class='ocr_par' dir='ltr' id='par_1_4' title="bbox 218 347 1406 421">
     <span class='ocr_line' id='line_1_4' title="bbox 218 347 1406 421; baseline 0 -28"><span class='ocrx_word' id='word_1_12' title='bbox 218 349 340 393; x_wconf 86' lang='grc' dir='ltr'><em>ἱστόν</em></span> <span class='ocrx_word' id='word_1_13' title='bbox 370 347 415 393; x_wconf 89' lang='grc' dir='ltr'><em>δ’</em></span> <span class='ocrx_word' id='word_1_14' title='bbox 448 349 654 421; x_wconf 82' lang='grc' dir='ltr'><em>ἱστοδόκῃ</em></span> <span class='ocrx_word' id='word_1_15' title='bbox 683 348 877 395; x_wconf 80' lang='grc' dir='ltr'><em>πέλασαν</em></span> <span class='ocrx_word' id='word_1_16' title='bbox 906 350 1190 402; x_wconf 78' lang='grc' dir='ltr'><em>προτόνοισιν</em></span> <span class='ocrx_word' id='word_1_17' title='bbox 1219 349 1406 405; x_wconf 81' lang='grc' dir='ltr'><em>υφέντες</em></span> 
     </span>
    </p>

    <p class='ocr_par' dir='ltr' id='par_1_5' title="bbox 110 406 1538 691">
     <span class='ocr_line' id='line_1_5' title="bbox 110 406 1538 476; baseline -0.001 -23"><span class='ocrx_word' id='word_1_18' title='bbox 110 409 192 453; x_wconf 88' lang='grc'><em>435</em></span> <span class='ocrx_word' id='word_1_19' title='bbox 222 407 525 476; x_wconf 81' lang='grc' dir='ltr'><strong><em>καρπαλίμως·</em></strong></span> <span class='ocrx_word' id='word_1_20' title='bbox 555 407 634 463; x_wconf 84' lang='grc' dir='ltr'><em>τὴν</em></span> <span class='ocrx_word' id='word_1_21' title='bbox 668 407 713 452; x_wconf 83' lang='grc' dir='ltr'><em>δ’</em></span> <span class='ocrx_word' id='word_1_22' title='bbox 745 410 806 459; x_wconf 84' lang='grc' dir='ltr'><em>εἰς</em></span> <span class='ocrx_word' id='word_1_23' title='bbox 837 407 978 462; x_wconf 84' lang='grc' dir='ltr'><em>ὅρμον</em></span> <span class='ocrx_word' id='word_1_24' title='bbox 1007 407 1305 461; x_wconf 77' lang='grc' dir='ltr'><em>προέρυσσαν</em></span> <span class='ocrx_word' id='word_1_25' title='bbox 1308 406 1538 462; x_wconf 86' lang='grc' dir='ltr'><em>ερετμοῖς·</em></span> 
     </span>
     <span class='ocr_line' id='line_1_6' title="bbox 215 461 1431 534; baseline 0 -27"><span class='ocrx_word' id='word_1_26' title='bbox 215 463 263 507; x_wconf 77' lang='grc' dir='ltr'><em>ἐκ</em></span> <span class='ocrx_word' id='word_1_27' title='bbox 294 463 336 507; x_wconf 85' lang='grc' dir='ltr'><em>δ’</em></span> <span class='ocrx_word' id='word_1_28' title='bbox 369 461 501 514; x_wconf 72' lang='grc' dir='ltr'><em>εὐνάς</em></span> <span class='ocrx_word' id='word_1_29' title='bbox 519 464 712 534; x_wconf 87' lang='grc' dir='ltr'><em>ε’βαλον,</em></span> <span class='ocrx_word' id='word_1_30' title='bbox 752 464 863 509; x_wconf 84' lang='grc' dir='ltr'><em>κατὰ</em></span> <span class='ocrx_word' id='word_1_31' title='bbox 895 463 941 506; x_wconf 72' lang='grc' dir='ltr'><em>δὲ</em></span> <span class='ocrx_word' id='word_1_32' title='bbox 970 462 1209 518; x_wconf 78' lang='grc' dir='ltr'><em>πρυμνήσι’</em></span> <span class='ocrx_word' id='word_1_33' title='bbox 1250 463 1431 519; x_wconf 87' lang='grc' dir='ltr'><em>ε’δησαν·</em></span> 
     </span>
     <span class='ocr_line' id='line_1_7' title="bbox 216 519 1403 590; baseline 0.001 -27"><span class='ocrx_word' id='word_1_34' title='bbox 216 520 264 563; x_wconf 82' lang='grc' dir='ltr'><em>ἐκ</em></span> <span class='ocrx_word' id='word_1_35' title='bbox 294 520 340 563; x_wconf 79' lang='grc' dir='ltr'><em>δὲ</em></span> <span class='ocrx_word' id='word_1_36' title='bbox 370 520 444 563; x_wconf 77' lang='grc' dir='ltr'><em>καὶ</em></span> <span class='ocrx_word' id='word_1_37' title='bbox 474 519 602 564; x_wconf 79' lang='grc' dir='ltr'><em>αὐτοὶ</em></span> <span class='ocrx_word' id='word_1_38' title='bbox 630 525 790 578; x_wconf 85' lang='grc' dir='ltr'><em>βαῖνον</em></span> <span class='ocrx_word' id='word_1_39' title='bbox 824 521 894 565; x_wconf 78' lang='grc' dir='ltr'><em>ἐπὶ</em></span> <span class='ocrx_word' id='word_1_40' title='bbox 936 520 1113 590; x_wconf 50' lang='grc' dir='ltr'><em>ῥ’ῃγμῖνι</em></span> <span class='ocrx_word' id='word_1_41' title='bbox 1150 520 1403 588; x_wconf 77' lang='grc' dir='ltr'><strong><em>θαλάσσης·</em></strong></span> 
     </span>
     <span class='ocr_line' id='line_1_8' title="bbox 214 573 1317 646; baseline 0.002 -27"><span class='ocrx_word' id='word_1_42' title='bbox 214 576 262 620; x_wconf 79' lang='grc' dir='ltr'><em>ἐκ</em></span> <span class='ocrx_word' id='word_1_43' title='bbox 295 575 341 620; x_wconf 85' lang='grc' dir='ltr'><em>δ’</em></span> <span class='ocrx_word' id='word_1_44' title='bbox 371 575 618 635; x_wconf 78' lang='grc' dir='ltr'><em>ἑκατόμβην</em></span> <span class='ocrx_word' id='word_1_45' title='bbox 655 582 796 634; x_wconf 84' lang='grc' dir='ltr'><em>βῆσαν</em></span> <span class='ocrx_word' id='word_1_46' title='bbox 831 573 1028 646; x_wconf 75' lang='grc' dir='ltr'><em>ἑκηβόλῳ</em></span> <span class='ocrx_word' id='word_1_47' title='bbox 1056 573 1317 621; x_wconf 86' lang='grc' dir='ltr'><em>Ἀπόλλωνι</em></span> 
     </span>
     <span class='ocr_line' id='line_1_9' title="bbox 216 633 1130 706; baseline -0.001 -30"><span class='ocrx_word' id='word_1_48' title='bbox 216 633 264 676; x_wconf 78' lang='grc' dir='ltr'><em>ἐκ</em></span> <span class='ocrx_word' id='word_1_49' title='bbox 294 633 341 677; x_wconf 80' lang='grc' dir='ltr'><em>δὲ</em></span> <span class='ocrx_word' id='word_1_50' title='bbox 368 636 572 706; x_wconf 84' lang='grc' dir='ltr'><em>Χρυσηῒς</em></span> <span class='ocrx_word' id='word_1_51' title='bbox 593 635 700 691; x_wconf 84' lang='grc' dir='ltr'><em>νηὸς</em></span> <span class='ocrx_word' id='word_1_52' title='bbox 730 638 787 691; x_wconf 88' lang='grc' dir='ltr'><em>βῆ</em></span> <span class='ocrx_word' id='word_1_53' title='bbox 819 633 1130 687; x_wconf 78' lang='grc' dir='ltr'><em>ποντοπόροιο.</em></span> 
     </span>
    </p>

    <p class='ocr_par' dir='ltr' id='par_1_6' title="bbox 67 681 1567 804">
     <span class='ocr_line' id='line_1_10' title="bbox 67 681 1567 763; baseline -0.002 -27.926"><span class='ocrx_word' id='word_1_54' title='bbox 67 681 186 735; x_wconf 90' lang='lat'><em>440</em></span> <span class='ocrx_word' id='word_1_55' title='bbox 215 689 296 746; x_wconf 80' lang='grc' dir='ltr'><em>τὴν</em></span> <span class='ocrx_word' id='word_1_56' title='bbox 333 691 413 763; x_wconf 80' lang='grc' dir='ltr'><em>μὲν</em></span> <span class='ocrx_word' id='word_1_57' title='bbox 443 689 572 735; x_wconf 68' lang='grc' dir='ltr'><em>ἔπειτ’</em></span> <span class='ocrx_word' id='word_1_58' title='bbox 612 692 682 735; x_wconf 81' lang='grc' dir='ltr'><em>ἐπὶ</em></span> <span class='ocrx_word' id='word_1_59' title='bbox 711 690 862 747; x_wconf 83' lang='grc' dir='ltr'><em>βωμὸν</em></span> <span class='ocrx_word' id='word_1_60' title='bbox 891 690 1012 747; x_wconf 78' lang='grc' dir='ltr'><em>ἄγων</em></span> <span class='ocrx_word' id='word_1_61' title='bbox 1040 686 1283 745; x_wconf 82' lang='grc' dir='ltr'><em>πολύμητις</em></span> <span class='ocrx_word' id='word_1_62' title='bbox 1312 687 1567 741; x_wconf 76' lang='grc' dir='ltr'><em>Ὀδυσσεύς,</em></span> 
     </span>
     <span class='ocr_line' id='line_1_11' title="bbox 215 746 1431 817; baseline -0.003 -27"><span class='ocrx_word' id='word_1_63' title='bbox 215 748 347 805; x_wconf 85' lang='grc' dir='ltr'><em>πατρὶ</em></span> <span class='ocrx_word' id='word_1_64' title='bbox 377 748 502 816; x_wconf 80' lang='grc' dir='ltr'><em>φίλῳ</em></span> <span class='ocrx_word' id='word_1_65' title='bbox 528 748 577 791; x_wconf 80' lang='grc' dir='ltr'><em>ἐν</em></span> <span class='ocrx_word' id='word_1_66' title='bbox 617 749 736 817; x_wconf 83' lang='grc' dir='ltr'><em>χερσὶ</em></span> <span class='ocrx_word' id='word_1_67' title='bbox 764 751 879 791; x_wconf 81' lang='grc' dir='ltr'><em>τίθει</em></span> <span class='ocrx_word' id='word_1_68' title='bbox 947 748 1023 790; x_wconf 89' lang='grc' dir='ltr'><em>καί</em></span> <span class='ocrx_word' id='word_1_69' title='bbox 1051 762 1127 798; x_wconf 91' lang='grc' dir='ltr'><em>μιν</em></span> <span class='ocrx_word' id='word_1_70' title='bbox 1156 746 1431 799; x_wconf 75' lang='grc' dir='ltr'><em>προσέειπεν</em></span> 
     </span>
    </p>

    <p class='ocr_par' dir='ltr' id='par_1_7' title="bbox 295 800 1667 876">
     <span class='ocr_line' id='line_1_12' title="bbox 295 800 1667 876; baseline 0 -30"><span class='ocrx_word' id='word_1_71' title='bbox 295 806 375 856; x_wconf 72' lang='grc' dir='ltr'><em>,,’.Ω</em></span> <span class='ocrx_word' id='word_1_72' title='bbox 405 803 580 876; x_wconf 81' lang='grc' dir='ltr'><em>Χρύση,</em></span> <span class='ocrx_word' id='word_1_73' title='bbox 616 803 701 860; x_wconf 92' lang='grc' dir='ltr'><em>πρό</em></span> <span class='ocrx_word' id='word_1_74' title='bbox 730 823 760 861; x_wconf 88' lang='grc' dir='ltr'><em>μ</em></span> <span class='ocrx_word' id='word_1_75' title='bbox 788 811 1002 874; x_wconf 78' lang='grc' dir='ltr'><em>επεμψεν</em></span> <span class='ocrx_word' id='word_1_76' title='bbox 1032 802 1142 855; x_wconf 74' lang='grc' dir='ltr'><em>ἄναξ</em></span> <span class='ocrx_word' id='word_1_77' title='bbox 1172 802 1350 854; x_wconf 77' lang='grc' dir='ltr'><em>ανδρῶν</em></span> <span class='ocrx_word' id='word_1_78' title='bbox 1374 800 1667 859; x_wconf 77' lang='grc' dir='ltr'><em>Ἀγαμέμνων,</em></span> 
     </span>
    </p>

    <p class='ocr_par' dir='ltr' id='par_1_8' title="bbox 213 837 1433 974">
     <span class='ocr_line' id='line_1_13' title="bbox 213 837 1433 917; baseline -0.001 -14"><span class='ocrx_word' id='word_1_79' title='bbox 213 837 350 904; x_wconf 79' lang='grc' dir='ltr'><em>παῖδα</em></span> <span class='ocrx_word' id='word_1_80' title='bbox 379 877 423 903; x_wconf 89' lang='grc' dir='ltr'><em>τε</em></span> <span class='ocrx_word' id='word_1_81' title='bbox 455 861 526 904; x_wconf 85' lang='grc' dir='ltr'><em>σοὶ</em></span> <span class='ocrx_word' id='word_1_82' title='bbox 555 859 735 916; x_wconf 78' lang='grc' dir='ltr'><em>αγὲμεν,</em></span> <span class='ocrx_word' id='word_1_83' title='bbox 767 864 920 917; x_wconf 85' lang='grc' dir='ltr'><em>Φοίβῳ</em></span> <span class='ocrx_word' id='word_1_84' title='bbox 952 858 1001 904; x_wconf 81' lang='grc' dir='ltr'><em>θ’</em></span> <span class='ocrx_word' id='word_1_85' title='bbox 1035 860 1156 915; x_wconf 79' lang='grc' dir='ltr'><em>ἱερὴν</em></span> <span class='ocrx_word' id='word_1_86' title='bbox 1186 858 1433 914; x_wconf 80' lang='grc' dir='ltr'><em>ἑκατόμβην</em></span> 
     </span>
     <span class='ocr_line' id='line_1_14' title="bbox 216 915 1402 988; baseline -0.003 -27"><span class='ocrx_word' id='word_1_87' title='bbox 216 919 332 970; x_wconf 82' lang='grc' dir='ltr'><em>ῥέξαι</em></span> <span class='ocrx_word' id='word_1_88' title='bbox 363 916 474 971; x_wconf 79' lang='grc' dir='ltr'><em>ὑπερ</em></span> <span class='ocrx_word' id='word_1_89' title='bbox 506 922 725 971; x_wconf 79' lang='grc' dir='ltr'><em>Δαναῶν,</em></span> <span class='ocrx_word' id='word_1_90' title='bbox 769 918 876 974; x_wconf 80' lang='grc' dir='ltr'><em>ὄφρ’</em></span> <span class='ocrx_word' id='word_1_91' title='bbox 918 916 1201 988; x_wconf 79' lang='grc' dir='ltr'><em>ἱλασόμεσθα</em></span> <span class='ocrx_word' id='word_1_92' title='bbox 1219 915 1402 969; x_wconf 79' lang='grc' dir='ltr'><em>ἄνακτα,</em></span> 
     </span>
    </p>

    <p class='ocr_par' dir='ltr' id='par_1_9' title="bbox 103 968 1321 1045">
     <span class='ocr_line' id='line_1_15' title="bbox 103 968 1321 1045; baseline -0.003 -26"><span class='ocrx_word' id='word_1_93' title='bbox 103 976 186 1020; x_wconf 88' lang='lat'><em>445</em></span> <span class='ocrx_word' id='word_1_94' title='bbox 218 974 266 1027; x_wconf 87' lang='lat'><em>69</em></span> <span class='ocrx_word' id='word_1_95' title='bbox 294 977 381 1017; x_wconf 83' lang='grc' dir='ltr'><em>νῦν</em></span> <span class='ocrx_word' id='word_1_96' title='bbox 402 974 635 1030; x_wconf 83' lang='grc' dir='ltr'><em>Ἀργείοισι</em></span> <span class='ocrx_word' id='word_1_97' title='bbox 665 975 919 1019; x_wconf 89' lang='grc' dir='ltr'><em>πολύστονα</em></span> <span class='ocrx_word' id='word_1_98' title='bbox 955 992 1009 1045; x_wconf 85' lang='grc' dir='ltr'><em>κη</em></span> <span class='ocrx_word' id='word_1_99' title='bbox 1002 968 1078 1017; x_wconf 90' lang='grc' dir='ltr'><em>’δε</em></span> <span class='ocrx_word' id='word_1_100' title='bbox 1098 973 1321 1045; x_wconf 48' lang='lat' dir='ltr'><strong>{qg-ng‘</strong></span> 
     </span>
    </p>

    <p class='ocr_par' dir='ltr' id='par_1_10' title="bbox 211 993 1460 1259">
     <span class='ocr_line' id='line_1_16' title="bbox 289 993 1460 1104; baseline 0.002 -30.028"><span class='ocrx_word' id='word_1_101' title='bbox 289 1029 373 1083; x_wconf 75' lang='grc' dir='ltr'><em>Ὡς</em></span> <span class='ocrx_word' id='word_1_102' title='bbox 403 1031 535 1076; x_wconf 79' lang='grc' dir='ltr'><em>εἰπών</em></span> <span class='ocrx_word' id='word_1_103' title='bbox 564 1032 613 1076; x_wconf 80' lang='grc' dir='ltr'><em>ἐν</em></span> <span class='ocrx_word' id='word_1_104' title='bbox 621 1033 774 1104; x_wconf 82' lang='grc' dir='ltr'><em>χερσὶ</em></span> <span class='ocrx_word' id='word_1_105' title='bbox 790 1034 930 1084; x_wconf 82' lang='grc' dir='ltr'><em>τίθει,</em></span> <span class='ocrx_word' id='word_1_106' title='bbox 963 1031 986 1076; x_wconf 97' lang='lat'><em>6</em></span> <span class='ocrx_word' id='word_1_107' title='bbox 985 993 1066 1074; x_wconf 81' lang='grc' dir='ltr'><em>η’δ</em></span> <span class='ocrx_word' id='word_1_108' title='bbox 1093 1029 1265 1082; x_wconf 77' lang='grc' dir='ltr'><em>ἑδεξατο</em></span> <span class='ocrx_word' id='word_1_109' title='bbox 1295 1030 1460 1085; x_wconf 71' lang='grc' dir='ltr'><em>χαίρων</em></span> 
     </span>
     <span class='ocr_line' id='line_1_17' title="bbox 211 1086 1430 1146; baseline -0.001 -16"><span class='ocrx_word' id='word_1_110' title='bbox 211 1090 348 1131; x_wconf 90' lang='grc' dir='ltr'><em>παῖδα</em></span> <span class='ocrx_word' id='word_1_111' title='bbox 378 1090 533 1144; x_wconf 88' lang='grc' dir='ltr'><em>φίλην</em></span> <span class='ocrx_word' id='word_1_112' title='bbox 568 1090 633 1132; x_wconf 84' lang='grc' dir='ltr'><em>τοὶ</em></span> <span class='ocrx_word' id='word_1_113' title='bbox 666 1089 709 1133; x_wconf 85' lang='grc' dir='ltr'><em>δ’</em></span> <span class='ocrx_word' id='word_1_114' title='bbox 740 1092 831 1133; x_wconf 80' lang='grc' dir='ltr'><em>ὡκα</em></span> <span class='ocrx_word' id='word_1_115' title='bbox 860 1092 950 1146; x_wconf 83' lang='grc' dir='ltr'><em>θεῳ</em></span> <span class='ocrx_word' id='word_1_116' title='bbox 979 1087 1152 1143; x_wconf 75' lang='grc' dir='ltr'><em>κλειτήν</em></span> <span class='ocrx_word' id='word_1_117' title='bbox 1182 1086 1430 1144; x_wconf 80' lang='grc' dir='ltr'><em>ἑκατόμβην</em></span> 
     </span>
     <span class='ocr_line' id='line_1_18' title="bbox 213 1144 1134 1218; baseline -0.001 -30"><span class='ocrx_word' id='word_1_118' title='bbox 213 1144 346 1200; x_wconf 78' lang='grc' dir='ltr'><em>ἑξείης</em></span> <span class='ocrx_word' id='word_1_119' title='bbox 375 1146 559 1218; x_wconf 77' lang='grc' dir='ltr'><em>ἔστησαν</em></span> <span class='ocrx_word' id='word_1_120' title='bbox 590 1145 808 1203; x_wconf 78' lang='grc' dir='ltr'><em>ἐΰδμητον</em></span> <span class='ocrx_word' id='word_1_121' title='bbox 837 1147 933 1201; x_wconf 85' lang='grc' dir='ltr'><em>περὶ</em></span> <span class='ocrx_word' id='word_1_122' title='bbox 961 1144 1134 1214; x_wconf 89' lang='grc' dir='ltr'><em>βωμόν·</em></span> 
     </span>
     <span class='ocr_line' id='line_1_19' title="bbox 213 1197 1400 1259; baseline -0.003 -14"><span class='ocrx_word' id='word_1_123' title='bbox 213 1203 475 1258; x_wconf 82' lang='grc' dir='ltr'><em>χερνίψαντο</em></span> <span class='ocrx_word' id='word_1_124' title='bbox 507 1202 550 1247; x_wconf 82' lang='grc' dir='ltr'><em>δ’</em></span> <span class='ocrx_word' id='word_1_125' title='bbox 593 1204 763 1254; x_wconf 74' lang='grc' dir='ltr'><em>ἔπειτα,</em></span> <span class='ocrx_word' id='word_1_126' title='bbox 803 1204 877 1248; x_wconf 89' lang='grc' dir='ltr'><em>καὶ</em></span> <span class='ocrx_word' id='word_1_127' title='bbox 908 1200 1151 1259; x_wconf 84' lang='grc' dir='ltr'><em>οὐλοχύτας</em></span> <span class='ocrx_word' id='word_1_128' title='bbox 1178 1197 1400 1243; x_wconf 79' lang='grc' dir='ltr'><em>ανὲλοντο</em></span> 
     </span>
    </p>
   </div>
   <div class='ocr_carea' id='block_1_5' title="bbox 260 1261 359 1280">
    <p class='ocr_par' dir='ltr' id='par_1_11' title="bbox 260 1261 359 1280">
     <span class='ocr_line' id='line_1_20' title="bbox 260 1261 359 1280; baseline 0 -8"><span class='ocrx_word' id='word_1_129' title='bbox 260 1261 359 1280; x_wconf 47' lang='lat' dir='ltr'><em>fd·—</em></span> 
     </span>
    </p>
   </div>
   <div class='ocr_carea' id='block_1_6' title="bbox 0 1315 854 2304">
    <p class='ocr_par' dir='ltr' id='par_1_12' title="bbox 40 1315 854 1547">
     <span class='ocr_line' id='line_1_21' title="bbox 89 1315 854 1363; baseline 0 -11"><span class='ocrx_word' id='word_1_130' title='bbox 89 1315 168 1353; x_wconf 84' lang='grc'><em>433.</em></span> <span class='ocrx_word' id='word_1_131' title='bbox 197 1315 332 1362; x_wconf 93' lang='grc' dir='ltr'><em>ἱστία</em></span> <span class='ocrx_word' id='word_1_132' title='bbox 356 1318 628 1360; x_wconf 83' lang='grc' dir='ltr'><em>στείλαντο,</em></span> <span class='ocrx_word' id='word_1_133' title='bbox 653 1320 733 1353; x_wconf 83' lang='lat' dir='ltr'><em>vela</em></span> <span class='ocrx_word' id='word_1_134' title='bbox 758 1319 854 1363; x_wconf 81' lang='lat' dir='ltr'><strong>lege-</strong></span> 
     </span>
     <span class='ocr_line' id='line_1_22' title="bbox 42 1366 852 1410; baseline 0.002 -14"><span class='ocrx_word' id='word_1_135' title='bbox 42 1368 125 1397; x_wconf 78' lang='lat' dir='ltr'><strong><em>runt</em></strong></span> <span class='ocrx_word' id='word_1_136' title='bbox 148 1373 208 1396; x_wconf 90' lang='lat' dir='ltr'><em>seu</em></span> <span class='ocrx_word' id='word_1_137' title='bbox 233 1370 503 1407; x_wconf 77' lang='lat' dir='ltr'><em>composuerunt</em></span> <span class='ocrx_word' id='word_1_138' title='bbox 526 1366 666 1398; x_wconf 80' lang='lat' dir='ltr'><strong>verbum</strong></span> <span class='ocrx_word' id='word_1_139' title='bbox 690 1366 743 1399; x_wconf 81' lang='lat' dir='ltr'><em>rei</em></span> <span class='ocrx_word' id='word_1_140' title='bbox 768 1377 852 1410; x_wconf 81' lang='lat' dir='ltr'><em>pro-</em></span> 
     </span>
     <span class='ocr_line' id='line_1_23' title="bbox 42 1409 853 1454; baseline 0.001 -12"><span class='ocrx_word' id='word_1_141' title='bbox 42 1410 165 1454; x_wconf 82' lang='lat' dir='ltr'>prium.</span> <span class='ocrx_word' id='word_1_142' title='bbox 201 1409 363 1444; x_wconf 78' lang='lat' dir='ltr'>Germani</span> <span class='ocrx_word' id='word_1_143' title='bbox 398 1411 517 1444; x_wconf 80' lang='lat' dir='ltr'><strong>dicunt</strong></span> <span class='ocrx_word' id='word_1_144' title='bbox 550 1412 606 1444; x_wconf 77' lang='lat' dir='ltr'><em>die</em></span> <span class='ocrx_word' id='word_1_145' title='bbox 641 1413 747 1454; x_wconf 76' lang='lat' dir='ltr'><strong>Segel</strong></span> <span class='ocrx_word' id='word_1_146' title='bbox 779 1411 853 1444; x_wconf 84' lang='lat' dir='ltr'><em>cin-</em></span> 
     </span>
     <span class='ocr_line' id='line_1_24' title="bbox 41 1454 851 1493; baseline 0.005 -5"><span class='ocrx_word' id='word_1_147' title='bbox 41 1456 173 1489; x_wconf 79' lang='lat' dir='ltr'><em>stellen.</em></span> <span class='ocrx_word' id='word_1_148' title='bbox 204 1456 259 1489; x_wconf 80' lang='lat' dir='ltr'><em>E:</em></span> <span class='ocrx_word' id='word_1_149' title='bbox 303 1458 556 1493; x_wconf 83' lang='grc' dir='ltr'><em>στείλαντο</em></span> <span class='ocrx_word' id='word_1_150' title='bbox 595 1457 726 1492; x_wconf 88' lang='grc' dir='ltr'><em>ἱστία</em></span> <span class='ocrx_word' id='word_1_151' title='bbox 768 1454 851 1492; x_wconf 83' lang='grc' dir='ltr'><em>α’ντὶ</em></span> 
     </span>
     <span class='ocr_line' id='line_1_25' title="bbox 40 1501 852 1557; baseline 0 -21"><span class='ocrx_word' id='word_1_152' title='bbox 40 1502 112 1536; x_wconf 76' lang='grc' dir='ltr'><em>τοῦ</em></span> <span class='ocrx_word' id='word_1_153' title='bbox 134 1501 365 1537; x_wconf 83' lang='grc' dir='ltr'><em>συνέστειλαν</em></span> <span class='ocrx_word' id='word_1_154' title='bbox 385 1503 476 1546; x_wconf 83' lang='lat' dir='ltr'><strong>(sive</strong></span> <span class='ocrx_word' id='word_1_155' title='bbox 501 1501 679 1557; x_wconf 89' lang='grc' dir='ltr'><em>ε’στειλαν)</em></span> <span class='ocrx_word' id='word_1_156' title='bbox 698 1504 852 1557; x_wconf 82' lang='grc' dir='ltr'><em>εἴρηται.</em></span> 
     </span>
    </p>

    <p class='ocr_par' dir='ltr' id='par_1_13' title="bbox 0 1546 851 2293">
     <span class='ocr_line' id='line_1_26' title="bbox 87 1546 851 1604; baseline 0.003 -22"><span class='ocrx_word' id='word_1_157' title='bbox 87 1546 168 1582; x_wconf 88' lang='grc'><em>434.</em></span> <span class='ocrx_word' id='word_1_158' title='bbox 209 1546 448 1604; x_wconf 85' lang='grc' dir='ltr'><em>ἱστοδόκη</em></span> <span class='ocrx_word' id='word_1_159' title='bbox 481 1547 594 1590; x_wconf 79' lang='grc' dir='ltr'><em>ξύλον</em></span> <span class='ocrx_word' id='word_1_160' title='bbox 625 1563 720 1584; x_wconf 85' lang='grc' dir='ltr'><em>κατα</em></span> <span class='ocrx_word' id='word_1_161' title='bbox 754 1546 851 1591; x_wconf 84' lang='grc' dir='ltr'><em>πρύ-</em></span> 
     </span>
     <span class='ocr_line' id='line_1_27' title="bbox 39 1590 850 1650; baseline 0.003 -22"><span class='ocrx_word' id='word_1_162' title='bbox 39 1606 136 1650; x_wconf 91' lang='grc' dir='ltr'><em>μναν</em></span> <span class='ocrx_word' id='word_1_163' title='bbox 159 1593 296 1638; x_wconf 76' lang='grc' dir='ltr'><em>ἐξέχον,</em></span> <span class='ocrx_word' id='word_1_164' title='bbox 322 1590 419 1630; x_wconf 76' lang='grc' dir='ltr'><em>καθ’</em></span> <span class='ocrx_word' id='word_1_165' title='bbox 439 1597 483 1630; x_wconf 82' lang='grc' dir='ltr'><em>οὐ</em></span> <span class='ocrx_word' id='word_1_166' title='bbox 508 1597 669 1631; x_wconf 82' lang='grc' dir='ltr'><em>κλίνεται</em></span> <span class='ocrx_word' id='word_1_167' title='bbox 694 1592 713 1631; x_wconf 90' lang='lat'><em>6</em></span> <span class='ocrx_word' id='word_1_168' title='bbox 739 1594 850 1637; x_wconf 83' lang='grc' dir='ltr'><em>ἱστός.</em></span> 
     </span>
     <span class='ocr_line' id='line_1_28' title="bbox 39 1639 851 1686; baseline 0 -10"><span class='ocrx_word' id='word_1_169' title='bbox 39 1639 221 1686; x_wconf 73' lang='grc' dir='ltr'><em>γράφεται</em></span> <span class='ocrx_word' id='word_1_170' title='bbox 247 1640 286 1677; x_wconf 88' lang='grc' dir='ltr'><em>δε</em></span> <span class='ocrx_word' id='word_1_171' title='bbox 315 1640 380 1677; x_wconf 85' lang='grc' dir='ltr'><em>δια</em></span> <span class='ocrx_word' id='word_1_172' title='bbox 405 1644 474 1677; x_wconf 80' lang='grc' dir='ltr'><em>τοῦ</em></span> <span class='ocrx_word' id='word_1_173' title='bbox 497 1656 530 1682; x_wconf 82' lang='lat' dir='ltr'><em>n,</em></span> <span class='ocrx_word' id='word_1_174' title='bbox 555 1641 653 1678; x_wconf 84' lang='grc' dir='ltr'><em>διότι</em></span> <span class='ocrx_word' id='word_1_175' title='bbox 675 1656 722 1678; x_wconf 87' lang='grc' dir='ltr'><em>τα</em></span> <span class='ocrx_word' id='word_1_176' title='bbox 747 1655 851 1686; x_wconf 86' lang='grc' dir='ltr'><em>παρα</em></span> 
     </span>
     <span class='ocr_line' id='line_1_29' title="bbox 39 1686 851 1733; baseline 0 -10"><span class='ocrx_word' id='word_1_177' title='bbox 39 1686 83 1723; x_wconf 88' lang='grc' dir='ltr'><em>τὸ</em></span> <span class='ocrx_word' id='word_1_178' title='bbox 118 1687 210 1732; x_wconf 83' lang='grc' dir='ltr'><em>δέχω</em></span> <span class='ocrx_word' id='word_1_179' title='bbox 236 1686 443 1733; x_wconf 83' lang='grc' dir='ltr'><em>(δέχομαι)</em></span> <span class='ocrx_word' id='word_1_180' title='bbox 489 1688 588 1724; x_wconf 84' lang='grc' dir='ltr'><em>ου’τω</em></span> <span class='ocrx_word' id='word_1_181' title='bbox 620 1687 851 1733; x_wconf 79' lang='grc' dir='ltr'><em>προάγονται</em></span> 
     </span>
     <span class='ocr_line' id='line_1_30' title="bbox 38 1731 849 1780; baseline 0.003 -12.02"><span class='ocrx_word' id='word_1_182' title='bbox 38 1731 226 1777; x_wconf 79' lang='grc' dir='ltr'><em>Ἰωνικῶς,</em></span> <span class='ocrx_word' id='word_1_183' title='bbox 267 1734 350 1770; x_wconf 78' lang='grc' dir='ltr'><em>οἷον</em></span> <span class='ocrx_word' id='word_1_184' title='bbox 384 1735 616 1777; x_wconf 76' lang='grc' dir='ltr'><em>ξεινοδόκος,</em></span> <span class='ocrx_word' id='word_1_185' title='bbox 652 1734 849 1780; x_wconf 89' lang='grc' dir='ltr'><em>δοροδόκη,</em></span> 
     </span>
     <span class='ocr_line' id='line_1_31' title="bbox 41 1779 851 1837; baseline 0.001 -21"><span class='ocrx_word' id='word_1_186' title='bbox 41 1779 235 1837; x_wconf 75' lang='grc' dir='ltr'><em>ἱστοδόκῃ·</em></span> <span class='ocrx_word' id='word_1_187' title='bbox 261 1780 337 1828; x_wconf 84' lang='grc' dir='ltr'><em>ἤδη</em></span> <span class='ocrx_word' id='word_1_188' title='bbox 361 1781 401 1817; x_wconf 78' lang='grc' dir='ltr'><em>δὲ</em></span> <span class='ocrx_word' id='word_1_189' title='bbox 425 1783 489 1817; x_wconf 80' lang='grc' dir='ltr'><em>καὶ</em></span> <span class='ocrx_word' id='word_1_190' title='bbox 508 1779 685 1822; x_wconf 85' lang='grc' dir='ltr'><em>Ἀττικως.</em></span> <span class='ocrx_word' id='word_1_191' title='bbox 710 1784 851 1817; x_wconf 80' lang='grc' dir='ltr'><em>πανδο-</em></span> 
     </span>
     <span class='ocr_line' id='line_1_32' title="bbox 38 1825 851 1875; baseline 0 -13"><span class='ocrx_word' id='word_1_192' title='bbox 38 1826 212 1872; x_wconf 78' lang='grc' dir='ltr'><em>κεύτριαν</em></span> <span class='ocrx_word' id='word_1_193' title='bbox 242 1831 336 1874; x_wconf 74' lang='grc' dir='ltr'><em>γοῦν</em></span> <span class='ocrx_word' id='word_1_194' title='bbox 379 1825 399 1864; x_wconf 87' lang='lat'><em>6</em></span> <span class='ocrx_word' id='word_1_195' title='bbox 432 1830 609 1873; x_wconf 86' lang='grc' dir='ltr'><em>Κωμικός</em></span> <span class='ocrx_word' id='word_1_196' title='bbox 642 1841 755 1875; x_wconf 86' lang='grc' dir='ltr'><em>φησι,</em></span> <span class='ocrx_word' id='word_1_197' title='bbox 788 1827 851 1863; x_wconf 78' lang='grc' dir='ltr'><em>καὶ</em></span> 
     </span>
     <span class='ocr_line' id='line_1_33' title="bbox 38 1873 851 1934; baseline 0 -25"><span class='ocrx_word' id='word_1_198' title='bbox 38 1873 264 1920; x_wconf 82' lang='grc' dir='ltr'><em>ξυροδόκην,</em></span> <span class='ocrx_word' id='word_1_199' title='bbox 304 1876 543 1934; x_wconf 86' lang='grc' dir='ltr'><em>καπνοδόκην</em></span> <span class='ocrx_word' id='word_1_200' title='bbox 584 1876 646 1911; x_wconf 84' lang='grc' dir='ltr'><em>καὶ</em></span> <span class='ocrx_word' id='word_1_201' title='bbox 689 1874 851 1911; x_wconf 69' lang='grc' dir='ltr'><em>τοιαῦτα</em></span> 
     </span>
     <span class='ocr_line' id='line_1_34' title="bbox 38 1921 850 1978; baseline 0.001 -23"><span class='ocrx_word' id='word_1_202' title='bbox 38 1934 135 1956; x_wconf 88' lang='grc' dir='ltr'><em>τινα.</em></span> <span class='ocrx_word' id='word_1_203' title='bbox 158 1923 274 1978; x_wconf 88' lang='grc' dir='ltr'><em>δῆλον</em></span> <span class='ocrx_word' id='word_1_204' title='bbox 299 1921 339 1958; x_wconf 79' lang='grc' dir='ltr'><em>δὲ</em></span> <span class='ocrx_word' id='word_1_205' title='bbox 372 1921 430 1959; x_wconf 84' lang='grc' dir='ltr'><em>ὅτι</em></span> <span class='ocrx_word' id='word_1_206' title='bbox 451 1925 632 1958; x_wconf 87' lang='grc' dir='ltr'><em>κοινωνία</em></span> <span class='ocrx_word' id='word_1_207' title='bbox 655 1935 710 1962; x_wconf 89' lang='grc' dir='ltr'><em>τις</em></span> <span class='ocrx_word' id='word_1_208' title='bbox 734 1922 780 1967; x_wconf 81' lang='grc' dir='ltr'><em>ἡν</em></span> <span class='ocrx_word' id='word_1_209' title='bbox 803 1923 850 1968; x_wconf 88' lang='grc' dir='ltr'><em>τῇ</em></span> 
     </span>
     <span class='ocr_line' id='line_1_35' title="bbox 38 1965 849 2025; baseline 0.001 -24"><span class='ocrx_word' id='word_1_210' title='bbox 38 1969 181 2014; x_wconf 78' lang='grc' dir='ltr'><em>παλαιᾷ</em></span> <span class='ocrx_word' id='word_1_211' title='bbox 211 1965 301 2003; x_wconf 82' lang='grc' dir='ltr'><em>Ἰοὶδι</em></span> <span class='ocrx_word' id='word_1_212' title='bbox 340 1968 402 2004; x_wconf 83' lang='grc' dir='ltr'><em>καὶ</em></span> <span class='ocrx_word' id='word_1_213' title='bbox 438 1966 589 2004; x_wconf 77' lang='grc' dir='ltr'><em>Ἀτθίδι.</em></span> <span class='ocrx_word' id='word_1_214' title='bbox 622 1968 849 2025; x_wconf 84' lang='grc' dir='ltr'><em>πρότονοι</em></span> 
     </span>
     <span class='ocr_line' id='line_1_36' title="bbox 38 2012 848 2060; baseline 0 -11"><span class='ocrx_word' id='word_1_215' title='bbox 38 2012 81 2049; x_wconf 78' lang='grc' dir='ltr'><em>δὲ</em></span> <span class='ocrx_word' id='word_1_216' title='bbox 103 2027 199 2050; x_wconf 88' lang='grc' dir='ltr'><em>κατα</em></span> <span class='ocrx_word' id='word_1_217' title='bbox 219 2028 323 2056; x_wconf 89' lang='grc' dir='ltr'><em>τινας</em></span> <span class='ocrx_word' id='word_1_218' title='bbox 354 2028 422 2059; x_wconf 85' lang='grc' dir='ltr'><em>μεν</em></span> <span class='ocrx_word' id='word_1_219' title='bbox 446 2017 607 2060; x_wconf 80' lang='grc' dir='ltr'><em>σχοινία,</em></span> <span class='ocrx_word' id='word_1_220' title='bbox 641 2012 694 2050; x_wconf 76' lang='grc' dir='ltr'><em>δι’</em></span> <span class='ocrx_word' id='word_1_221' title='bbox 721 2015 774 2048; x_wconf 80' lang='grc' dir='ltr'><em>ὠν</em></span> <span class='ocrx_word' id='word_1_222' title='bbox 801 2028 848 2049; x_wconf 88' lang='grc' dir='ltr'><em>τα</em></span> 
     </span>
     <span class='ocr_line' id='line_1_37' title="bbox 40 2059 849 2118; baseline -0.001 -22"><span class='ocrx_word' id='word_1_223' title='bbox 40 2060 138 2096; x_wconf 81' lang='grc' dir='ltr'><em>ἱστία</em></span> <span class='ocrx_word' id='word_1_224' title='bbox 161 2061 214 2106; x_wconf 86' lang='grc' dir='ltr'><em>πῇ</em></span> <span class='ocrx_word' id='word_1_225' title='bbox 237 2075 304 2105; x_wconf 89' lang='grc' dir='ltr'><em>μεν</em></span> <span class='ocrx_word' id='word_1_226' title='bbox 323 2060 600 2105; x_wconf 76' lang='grc' dir='ltr'><em>οἶνέλκονται,π</em></span> <span class='ocrx_word' id='word_1_227' title='bbox 573 2062 626 2106; x_wconf 85' lang='grc' dir='ltr'><em>πῇ</em></span> <span class='ocrx_word' id='word_1_228' title='bbox 646 2059 686 2096; x_wconf 87' lang='grc' dir='ltr'><em>δε</em></span> <span class='ocrx_word' id='word_1_229' title='bbox 710 2062 849 2118; x_wconf 75' lang='grc' dir='ltr'><em>χαλῶν-</em></span> 
     </span>
     <span class='ocr_line' id='line_1_38' title="bbox 37 2106 848 2166; baseline 0 -24"><span class='ocrx_word' id='word_1_230' title='bbox 37 2120 120 2150; x_wconf 89' lang='grc' dir='ltr'><em>ται,</em></span> <span class='ocrx_word' id='word_1_231' title='bbox 153 2107 312 2166; x_wconf 65' lang='grc' dir='ltr'><em>μαλιστα</em></span> <span class='ocrx_word' id='word_1_232' title='bbox 349 2107 389 2143; x_wconf 89' lang='grc' dir='ltr'><em>δε</em></span> <span class='ocrx_word' id='word_1_233' title='bbox 419 2122 465 2144; x_wconf 93' lang='grc' dir='ltr'><em>τα</em></span> <span class='ocrx_word' id='word_1_234' title='bbox 492 2109 696 2144; x_wconf 76' lang='grc' dir='ltr'><em>συνδέοντα</em></span> <span class='ocrx_word' id='word_1_235' title='bbox 719 2107 764 2142; x_wconf 86' lang='grc' dir='ltr'><em>τὸ</em></span> <span class='ocrx_word' id='word_1_236' title='bbox 788 2106 848 2143; x_wconf 82' lang='grc' dir='ltr'><em>κε’-</em></span> 
     </span>
     <span class='ocr_line' id='line_1_39' title="bbox 0 2151 847 2200; baseline -0.001 -11"><span class='ocrx_word' id='word_1_237' title='bbox 0 2192 1 2198; x_wconf 21' lang='grc'><em>,</em></span> <span class='ocrx_word' id='word_1_238' title='bbox 37 2167 105 2198; x_wconf 88' lang='grc' dir='ltr'><em>ρας</em></span> <span class='ocrx_word' id='word_1_239' title='bbox 127 2153 221 2198; x_wconf 79' lang='grc' dir='ltr'><em>πρὸς</em></span> <span class='ocrx_word' id='word_1_240' title='bbox 244 2155 310 2191; x_wconf 88' lang='grc' dir='ltr'><em>τόν</em></span> <span class='ocrx_word' id='word_1_241' title='bbox 334 2153 448 2190; x_wconf 90' lang='grc' dir='ltr'><em>ἱστόν.</em></span> <span class='ocrx_word' id='word_1_242' title='bbox 476 2156 533 2200; x_wconf 71' lang='lat'><em>(2)</em></span> <span class='ocrx_word' id='word_1_243' title='bbox 559 2174 604 2180; x_wconf 94' lang='lat'><em>-—-</em></span> <span class='ocrx_word' id='word_1_244' title='bbox 629 2151 781 2199; x_wconf 75' lang='grc' dir='ltr'><em>εὕρηται</em></span> <span class='ocrx_word' id='word_1_245' title='bbox 806 2151 847 2189; x_wconf 87' lang='grc' dir='ltr'><em>δε</em></span> 
     </span>
     <span class='ocr_line' id='line_1_40' title="bbox 0 2199 845 2245; baseline -0.001 -10"><span class='ocrx_word' id='word_1_246' title='bbox 0 2215 1 2234; x_wconf 61' lang='grc' dir='ltr'><em>ι</em></span> <span class='ocrx_word' id='word_1_247' title='bbox 37 2201 101 2236; x_wconf 84' lang='grc' dir='ltr'><em>καὶ</em></span> <span class='ocrx_word' id='word_1_248' title='bbox 131 2199 331 2244; x_wconf 77' lang='grc' dir='ltr'><em>ἀρσενικως</em></span> <span class='ocrx_word' id='word_1_249' title='bbox 369 2199 388 2238; x_wconf 97' lang='lat'><em>6</em></span> <span class='ocrx_word' id='word_1_250' title='bbox 415 2201 610 2245; x_wconf 87' lang='grc' dir='ltr'><em>πρότονος.</em></span> <span class='ocrx_word' id='word_1_251' title='bbox 643 2202 695 2244; x_wconf 89' lang='lat' dir='ltr'><em>(v.</em></span> <span class='ocrx_word' id='word_1_252' title='bbox 716 2201 771 2236; x_wconf 93' lang='lat' dir='ltr'><em>Od</em></span> <span class='ocrx_word' id='word_1_253' title='bbox 776 2211 845 2245; x_wconf 83' lang='lat' dir='ltr'><em>yss.</em></span> 
     </span>
     <span class='ocr_line' id='line_1_41' title="bbox 0 2246 847 2304; baseline -0.005 -21"><span class='ocrx_word' id='word_1_254' title='bbox 0 2256 1 2264; x_wconf 66' lang='lat'>¹</span> <span class='ocrx_word' id='word_1_255' title='bbox 37 2247 88 2292; x_wconf 87' lang='grc' dir='ltr'><em>μ’,</em></span> <span class='ocrx_word' id='word_1_256' title='bbox 107 2246 203 2289; x_wconf 85' lang='grc'><em>409.,</em></span> <span class='ocrx_word' id='word_1_257' title='bbox 227 2253 263 2283; x_wconf 82' lang='lat' dir='ltr'><em>et</em></span> <span class='ocrx_word' id='word_1_258' title='bbox 289 2250 334 2283; x_wconf 89' lang='lat' dir='ltr'><em>de</em></span> <span class='ocrx_word' id='word_1_259' title='bbox 364 2259 404 2282; x_wconf 87' lang='lat' dir='ltr'><em>re</em></span> <span class='ocrx_word' id='word_1_260' title='bbox 437 2249 515 2293; x_wconf 83' lang='lat' dir='ltr'><em>ipsa</em></span> <span class='ocrx_word' id='word_1_261' title='bbox 547 2249 674 2304; x_wconf 68' lang='lat' dir='ltr'><em>Kiipke</em></span> <span class='ocrx_word' id='word_1_262' title='bbox 698 2249 847 2291; x_wconf 75' lang='lat' dir='ltr'><em>Kriegs-</em></span> 
     </span>
    </p>
   </div>
   <div class='ocr_carea' id='block_1_7' title="bbox 0 2273 886 2351">
    <p class='ocr_par' dir='ltr' id='par_1_14' title="bbox 0 2273 886 2351">
     <span class='ocr_line' id='line_1_42' title="bbox 0 2273 886 2351; baseline 0.005 -24"><span class='ocrx_word' id='word_1_263' title='bbox 0 2302 1 2334; x_wconf 48' lang='grc' dir='ltr'><em>ι</em></span> <span class='ocrx_word' id='word_1_264' title='bbox 37 2305 150 2327; x_wconf 83' lang='lat' dir='ltr'><em>wesen</em></span> <span class='ocrx_word' id='word_1_265' title='bbox 182 2273 244 2329; x_wconf 63' lang='grc' dir='ltr'><em>ἄεν</em></span> <span class='ocrx_word' id='word_1_266' title='bbox 278 2296 338 2329; x_wconf 85' lang='lat' dir='ltr'><em>Gr.</em></span> <span class='ocrx_word' id='word_1_267' title='bbox 374 2306 407 2339; x_wconf 90' lang='lat' dir='ltr'><em>p.</em></span> <span class='ocrx_word' id='word_1_268' title='bbox 427 2295 536 2351; x_wconf 86' lang='lat'>171.)</span> <span class='ocrx_word' id='word_1_269' title='bbox 560 2292 603 2329; x_wconf 90' lang='grc' dir='ltr'><em>τὸ</em></span> <span class='ocrx_word' id='word_1_270' title='bbox 629 2293 670 2329; x_wconf 78' lang='grc' dir='ltr'><em>δὲ</em></span> <span class='ocrx_word' id='word_1_271' title='bbox 683 2292 886 2349; x_wconf 34' lang='lat' dir='ltr'><em>“vcps&#39;v-.</em></span> 
     </span>
    </p>
   </div>
   <div class='ocr_carea' id='block_1_8' title="bbox 33 2338 849 3084">
    <p class='ocr_par' dir='ltr' id='par_1_15' title="bbox 37 2338 847 2428">
     <span class='ocr_line' id='line_1_43' title="bbox 37 2338 847 2388; baseline 0.001 -13"><span class='ocrx_word' id='word_1_272' title='bbox 37 2352 110 2380; x_wconf 80' lang='grc' dir='ltr'><em>τες</em></span> <span class='ocrx_word' id='word_1_273' title='bbox 141 2342 295 2386; x_wconf 84' lang='grc' dir='ltr'><em>καιρίως</em></span> <span class='ocrx_word' id='word_1_274' title='bbox 328 2340 472 2388; x_wconf 80' lang='grc' dir='ltr'><em>εἴρηται</em></span> <span class='ocrx_word' id='word_1_275' title='bbox 513 2338 595 2376; x_wconf 77' lang='grc' dir='ltr'><em>ἀντὶ</em></span> <span class='ocrx_word' id='word_1_276' title='bbox 626 2340 698 2376; x_wconf 79' lang='grc' dir='ltr'><em>τοῦ</em></span> <span class='ocrx_word' id='word_1_277' title='bbox 727 2338 847 2386; x_wconf 82' lang='grc' dir='ltr'><em>χαλά-</em></span> 
     </span>
     <span class='ocr_line' id='line_1_44' title="bbox 37 2397 176 2428; baseline 0 -6"><span class='ocrx_word' id='word_1_278' title='bbox 37 2397 176 2428; x_wconf 83' lang='grc' dir='ltr'><em>σαντες.</em></span> 
     </span>
    </p>

    <p class='ocr_par' dir='ltr' id='par_1_16' title="bbox 37 2428 849 2758">
     <span class='ocr_line' id='line_1_45' title="bbox 83 2428 849 2491; baseline 0 -24"><span class='ocrx_word' id='word_1_279' title='bbox 83 2432 163 2470; x_wconf 83' lang='lat'><em>435.</em></span> <span class='ocrx_word' id='word_1_280' title='bbox 189 2428 353 2491; x_wconf 88' lang='grc' dir='ltr'><em>όρμον.</em></span> <span class='ocrx_word' id='word_1_281' title='bbox 377 2433 432 2467; x_wconf 87' lang='grc' dir='ltr'><em>Ε·</em></span> <span class='ocrx_word' id='word_1_282' title='bbox 464 2453 510 2458; x_wconf 91' lang='lat'><strong>—</strong></span> <span class='ocrx_word' id='word_1_283' title='bbox 544 2429 634 2468; x_wconf 80' lang='grc' dir='ltr'><em>ὅλον</em></span> <span class='ocrx_word' id='word_1_284' title='bbox 657 2445 724 2475; x_wconf 88' lang='grc' dir='ltr'><em>μεν</em></span> <span class='ocrx_word' id='word_1_285' title='bbox 750 2429 768 2467; x_wconf 86' lang='lat'><em>6</em></span> <span class='ocrx_word' id='word_1_286' title='bbox 795 2434 849 2467; x_wconf 90' lang='grc' dir='ltr'><em>λι-</em></span> 
     </span>
     <span class='ocr_line' id='line_1_46' title="bbox 37 2475 845 2535; baseline -0.004 -20"><span class='ocrx_word' id='word_1_287' title='bbox 37 2475 132 2535; x_wconf 77' lang='grc' dir='ltr'><em>μὴν,</em></span> <span class='ocrx_word' id='word_1_288' title='bbox 166 2479 276 2524; x_wconf 86' lang='grc' dir='ltr'><em>μέρος</em></span> <span class='ocrx_word' id='word_1_289' title='bbox 308 2478 348 2515; x_wconf 81' lang='grc' dir='ltr'><em>δὲ</em></span> <span class='ocrx_word' id='word_1_290' title='bbox 382 2477 549 2524; x_wconf 79' lang='grc' dir='ltr'><em>ὅρμος,</em></span> <span class='ocrx_word' id='word_1_291' title='bbox 582 2477 675 2516; x_wconf 73' lang='grc' dir='ltr'><em>αὐτὸ</em></span> <span class='ocrx_word' id='word_1_292' title='bbox 715 2477 762 2522; x_wconf 82' lang='grc' dir='ltr'><em>δὴ</em></span> <span class='ocrx_word' id='word_1_293' title='bbox 801 2477 845 2513; x_wconf 87' lang='grc' dir='ltr'>τὸ</span> 
     </span>
     <span class='ocr_line' id='line_1_47' title="bbox 37 2522 848 2584; baseline -0.005 -22"><span class='ocrx_word' id='word_1_294' title='bbox 37 2522 142 2582; x_wconf 80' lang='grc' dir='ltr'><em>πρὸς</em></span> <span class='ocrx_word' id='word_1_295' title='bbox 161 2527 208 2584; x_wconf 84' lang='grc' dir='ltr'><em>τῇ</em></span> <span class='ocrx_word' id='word_1_296' title='bbox 230 2528 297 2573; x_wconf 73' lang='grc' dir='ltr'><em>γῇ,</em></span> <span class='ocrx_word' id='word_1_297' title='bbox 330 2525 427 2561; x_wconf 81' lang='grc' dir='ltr'><em>ε’νθα</em></span> <span class='ocrx_word' id='word_1_298' title='bbox 455 2526 518 2562; x_wconf 85' lang='grc' dir='ltr'><em>καὶ</em></span> <span class='ocrx_word' id='word_1_299' title='bbox 551 2522 659 2570; x_wconf 86' lang='grc' dir='ltr'><em>ὁρμεῖ</em></span> <span class='ocrx_word' id='word_1_300' title='bbox 691 2523 713 2570; x_wconf 84' lang='grc' dir='ltr'>ἡ</span> <span class='ocrx_word' id='word_1_301' title='bbox 743 2525 848 2566; x_wconf 75' lang='grc' dir='ltr'><em>ναῦς,</em></span> 
     </span>
     <span class='ocr_line' id='line_1_48' title="bbox 37 2569 848 2616; baseline -0.005 -8"><span class='ocrx_word' id='word_1_302' title='bbox 37 2573 101 2608; x_wconf 86' lang='grc' dir='ltr'><em>καὶ</em></span> <span class='ocrx_word' id='word_1_303' title='bbox 121 2569 197 2609; x_wconf 61' lang='lat' dir='ltr'><em>{md</em></span> <span class='ocrx_word' id='word_1_304' title='bbox 220 2585 295 2608; x_wconf 90' lang='grc' dir='ltr'><em>των</em></span> <span class='ocrx_word' id='word_1_305' title='bbox 314 2574 463 2608; x_wconf 75' lang='grc' dir='ltr'><em>ναυτῶν</em></span> <span class='ocrx_word' id='word_1_306' title='bbox 488 2571 684 2616; x_wconf 83' lang='grc' dir='ltr'><em>ὁρμίζεται.</em></span> <span class='ocrx_word' id='word_1_307' title='bbox 711 2573 848 2615; x_wconf 82' lang='lat' dir='ltr'><em>(statio,</em></span> 
     </span>
     <span class='ocr_line' id='line_1_49' title="bbox 39 2616 848 2664; baseline -0.001 -11"><span class='ocrx_word' id='word_1_308' title='bbox 39 2619 97 2653; x_wconf 78' lang='lat' dir='ltr'><em>die</em></span> <span class='ocrx_word' id='word_1_309' title='bbox 120 2619 302 2664; x_wconf 80' lang='lat' dir='ltr'><em>Anfurth)</em></span> <span class='ocrx_word' id='word_1_310' title='bbox 334 2620 398 2655; x_wconf 84' lang='grc' dir='ltr'><em>καὶ</em></span> <span class='ocrx_word' id='word_1_311' title='bbox 431 2621 484 2660; x_wconf 85' lang='grc' dir='ltr'><em>εἰς</em></span> <span class='ocrx_word' id='word_1_312' title='bbox 515 2617 584 2663; x_wconf 76' lang='grc' dir='ltr'><em>μὲν</em></span> <span class='ocrx_word' id='word_1_313' title='bbox 619 2618 684 2654; x_wconf 84' lang='grc' dir='ltr'><em>τὸν</em></span> <span class='ocrx_word' id='word_1_314' title='bbox 717 2616 848 2662; x_wconf 84' lang='grc' dir='ltr'><em>λιμένα</em></span> 
     </span>
     <span class='ocr_line' id='line_1_50' title="bbox 38 2663 847 2725; baseline -0.001 -25"><span class='ocrx_word' id='word_1_315' title='bbox 38 2667 246 2723; x_wconf 83' lang='grc' dir='ltr'><em>πλησίστιοι</em></span> <span class='ocrx_word' id='word_1_316' title='bbox 277 2663 568 2725; x_wconf 83' lang='grc' dir='ltr'><em>καταβαίνουσιν</em></span> <span class='ocrx_word' id='word_1_317' title='bbox 603 2666 640 2703; x_wconf 88' lang='grc' dir='ltr'><em>οἱ</em></span> <span class='ocrx_word' id='word_1_318' title='bbox 664 2665 847 2705; x_wconf 78' lang='grc' dir='ltr'><em>πλέοντες,</em></span> 
     </span>
     <span class='ocr_line' id='line_1_51' title="bbox 41 2708 848 2768; baseline -0.001 -22"><span class='ocrx_word' id='word_1_319' title='bbox 41 2711 95 2768; x_wconf 67' lang='grc' dir='ltr'><em>εἰς</em></span> <span class='ocrx_word' id='word_1_320' title='bbox 118 2710 159 2747; x_wconf 88' lang='grc' dir='ltr'><em>δε</em></span> <span class='ocrx_word' id='word_1_321' title='bbox 188 2712 258 2748; x_wconf 79' lang='grc' dir='ltr'><em>τὸν</em></span> <span class='ocrx_word' id='word_1_322' title='bbox 290 2708 407 2758; x_wconf 86' lang='grc' dir='ltr'><em>όρμον</em></span> <span class='ocrx_word' id='word_1_323' title='bbox 441 2712 607 2758; x_wconf 88' lang='grc' dir='ltr'><em>ερετμοῖς</em></span> <span class='ocrx_word' id='word_1_324' title='bbox 640 2712 848 2747; x_wconf 80' lang='grc' dir='ltr'><em>καθιστωσι</em></span> 
     </span>
    </p>

    <p class='ocr_par' dir='ltr' id='par_1_17' title="bbox 33 2769 848 3084">
     <span class='ocr_line' id='line_1_52' title="bbox 86 2770 221 2804; baseline 0.016 -12"><span class='ocrx_word' id='word_1_325' title='bbox 86 2770 108 2792; x_wconf 92' lang='grc' dir='ltr'><em>ν</em></span> <span class='ocrx_word' id='word_1_326' title='bbox 136 2771 183 2804; x_wconf 90' lang='grc' dir='ltr'><em>νη</em></span> <span class='ocrx_word' id='word_1_327' title='bbox 187 2772 221 2794; x_wconf 89' lang='grc' dir='ltr'><em>α.</em></span> 
     </span>
     <span class='ocr_line' id='line_1_53' title="bbox 38 2756 848 2849; baseline -0.004 -10"><span class='ocrx_word' id='word_1_328' title='bbox 38 2756 183 2841; x_wconf 66' lang='grc' dir='ltr'><em>τὴ436.η</em></span> <span class='ocrx_word' id='word_1_329' title='bbox 189 2800 342 2845; x_wconf 77' lang='grc' dir='ltr'><em>εὔνοις.</em></span> <span class='ocrx_word' id='word_1_330' title='bbox 377 2805 480 2840; x_wconf 46' lang='lat' dir='ltr'><em>Scha</em></span> <span class='ocrx_word' id='word_1_331' title='bbox 505 2803 572 2844; x_wconf 79' lang='grc' dir='ltr'><em>τοὶς</em></span> <span class='ocrx_word' id='word_1_332' title='bbox 596 2801 760 2849; x_wconf 79' lang='grc' dir='ltr'><em>αγκύρας</em></span> <span class='ocrx_word' id='word_1_333' title='bbox 779 2802 848 2837; x_wconf 79' lang='grc' dir='ltr'><em>νῦν</em></span> 
     </span>
     <span class='ocr_line' id='line_1_54' title="bbox 38 2849 844 2903; baseline -0.005 -17"><span class='ocrx_word' id='word_1_334' title='bbox 38 2849 132 2903; x_wconf 85' lang='grc' dir='ltr'><em>λέγει</em></span> <span class='ocrx_word' id='word_1_335' title='bbox 154 2864 222 2892; x_wconf 89' lang='grc' dir='ltr'><em>τας</em></span> <span class='ocrx_word' id='word_1_336' title='bbox 244 2852 411 2898; x_wconf 79' lang='grc' dir='ltr'><em>σιδηρᾶς.</em></span> <span class='ocrx_word' id='word_1_337' title='bbox 457 2851 615 2886; x_wconf 85' lang='lat' dir='ltr'><strong>similiter</strong></span> <span class='ocrx_word' id='word_1_338' title='bbox 638 2851 670 2883; x_wconf 93' lang='grc' dir='ltr'>Ε</span> <span class='ocrx_word' id='word_1_339' title='bbox 697 2855 733 2883; x_wconf 82' lang='lat' dir='ltr'><em>et</em></span> <span class='ocrx_word' id='word_1_340' title='bbox 756 2850 844 2894; x_wconf 84' lang='lat' dir='ltr'><em>Ap.-</em></span> <span class='ocrx_word' id='word_1_341' title='bbox 832 2872 844 2890; x_wconf 91' lang='lat'>,</span> 
     </span>
     <span class='ocr_line' id='line_1_55' title="bbox 39 2891 844 2942; baseline -0.006 -10"><span class='ocrx_word' id='word_1_342' title='bbox 39 2891 102 2932; x_wconf 78' lang='lat' dir='ltr'><em>sed</em></span> <span class='ocrx_word' id='word_1_343' title='bbox 125 2898 239 2942; x_wconf 83' lang='lat' dir='ltr'><em>potius</em></span> <span class='ocrx_word' id='word_1_344' title='bbox 262 2909 405 2939; x_wconf 71' lang='lat' dir='ltr'><em>saxum,</em></span> <span class='ocrx_word' id='word_1_345' title='bbox 430 2899 522 2942; x_wconf 79' lang='lat' dir='ltr'><strong>quod</strong></span> <span class='ocrx_word' id='word_1_346' title='bbox 533 2909 597 2941; x_wconf 81' lang='lat' dir='ltr'><em>pro</em></span> <span class='ocrx_word' id='word_1_347' title='bbox 618 2906 746 2930; x_wconf 81' lang='lat' dir='ltr'><em>ancora</em></span> <span class='ocrx_word' id='word_1_348' title='bbox 770 2900 844 2928; x_wconf 82' lang='lat' dir='ltr'><em>tum</em></span> 
     </span>
     <span class='ocr_line' id='line_1_56' title="bbox 33 2941 842 2997; baseline -0.006 -19"><span class='ocrx_word' id='word_1_349' title='bbox 33 2944 121 2997; x_wconf 72' lang='lat' dir='ltr'><em>fuit,</em></span> <span class='ocrx_word' id='word_1_350' title='bbox 145 2947 185 2977; x_wconf 84' lang='lat' dir='ltr'><em>ut</em></span> <span class='ocrx_word' id='word_1_351' title='bbox 207 2943 377 2997; x_wconf 85' lang='lat' dir='ltr'><strong>hodieque</strong></span> <span class='ocrx_word' id='word_1_352' title='bbox 401 2950 456 2978; x_wconf 78' lang='lat' dir='ltr'><em>est</em></span> <span class='ocrx_word' id='word_1_353' title='bbox 479 2956 536 2990; x_wconf 85' lang='lat' dir='ltr'><em>ap.</em></span> <span class='ocrx_word' id='word_1_354' title='bbox 556 2943 660 2977; x_wconf 86' lang='lat' dir='ltr'><strong>rudes</strong></span> <span class='ocrx_word' id='word_1_355' title='bbox 685 2941 842 2996; x_wconf 87' lang='lat' dir='ltr'><em>populos,</em></span> 
     </span>
     <span class='ocr_line' id='line_1_57' title="bbox 39 2986 842 3046; baseline -0.002 -23"><span class='ocrx_word' id='word_1_356' title='bbox 39 2987 238 3046; x_wconf 68' lang='lat' dir='ltr'><strong>iqoelligunt</strong></span> <span class='ocrx_word' id='word_1_357' title='bbox 271 2989 338 3024; x_wconf 83' lang='lat' dir='ltr'>viri</span> <span class='ocrx_word' id='word_1_358' title='bbox 373 2989 477 3025; x_wconf 81' lang='lat' dir='ltr'><strong>docti.</strong></span> <span class='ocrx_word' id='word_1_359' title='bbox 526 2986 677 3033; x_wconf 70' lang='grc' dir='ltr'><em>εὐναίης</em></span> <span class='ocrx_word' id='word_1_360' title='bbox 717 2986 842 3031; x_wconf 81' lang='grc' dir='ltr'><em>ὀλίγον</em></span> 
     </span>
     <span class='ocr_line' id='line_1_58' title="bbox 39 3033 840 3084; baseline -0.005 -13"><span class='ocrx_word' id='word_1_361' title='bbox 39 3035 152 3073; x_wconf 76' lang='grc' dir='ltr'><em>λίθον</em></span> <span class='ocrx_word' id='word_1_362' title='bbox 188 3042 227 3072; x_wconf 81' lang='lat' dir='ltr'><em>et</em></span> <span class='ocrx_word' id='word_1_363' title='bbox 263 3036 405 3084; x_wconf 78' lang='grc' dir='ltr'><em>βριθυν</em></span> <span class='ocrx_word' id='word_1_364' title='bbox 446 3038 687 3071; x_wconf 79' lang='lat' dir='ltr'><strong>commemorat</strong></span> <span class='ocrx_word' id='word_1_365' title='bbox 723 3033 840 3080; x_wconf 85' lang='lat' dir='ltr'><strong>Apoll.</strong></span> 
     </span>
    </p>
   </div>
   <div class='ocr_carea' id='block_1_9' title="bbox 896 1315 1708 1535">
    <p class='ocr_par' dir='ltr' id='par_1_18' title="bbox 896 1315 1708 1535">
     <span class='ocr_line' id='line_1_59' title="bbox 899 1315 1233 1359; baseline -0.006 -9"><span class='ocrx_word' id='word_1_366' title='bbox 899 1317 1011 1351; x_wconf 88' lang='lat' dir='ltr'><strong>Rhod.</strong></span> <span class='ocrx_word' id='word_1_367' title='bbox 1034 1318 1067 1359; x_wconf 88' lang='lat'><em>1,</em></span> <span class='ocrx_word' id='word_1_368' title='bbox 1092 1315 1171 1352; x_wconf 85' lang='lat'>955.</span> <span class='ocrx_word' id='word_1_369' title='bbox 1196 1326 1233 1348; x_wconf 84' lang='lat' dir='ltr'><em>se</em></span> 
     </span>
     <span class='ocr_line' id='line_1_60' title="bbox 899 1359 1706 1406; baseline -0.008 -10"><span class='ocrx_word' id='word_1_370' title='bbox 899 1364 961 1396; x_wconf 80' lang='lat' dir='ltr'><em>der</em></span> <span class='ocrx_word' id='word_1_371' title='bbox 997 1364 1058 1397; x_wconf 88' lang='lat' dir='ltr'><em>Gr.</em></span> <span class='ocrx_word' id='word_1_372' title='bbox 1097 1373 1131 1406; x_wconf 89' lang='lat' dir='ltr'><em>p.</em></span> <span class='ocrx_word' id='word_1_373' title='bbox 1170 1363 1247 1396; x_wconf 88' lang='lat'>169.</span> <span class='ocrx_word' id='word_1_374' title='bbox 1295 1360 1384 1396; x_wconf 81' lang='grc' dir='ltr'><em>ΡΓιιι</em></span> <span class='ocrx_word' id='word_1_375' title='bbox 1419 1359 1464 1392; x_wconf 89' lang='grc' dir='ltr'><em>Η.</em></span> <span class='ocrx_word' id='word_1_376' title='bbox 1502 1359 1549 1393; x_wconf 88' lang='grc' dir='ltr'><em>Ν.</em></span> <span class='ocrx_word' id='word_1_377' title='bbox 1582 1362 1615 1403; x_wconf 75' lang='lat'><em>7,</em></span> <span class='ocrx_word' id='word_1_378' title='bbox 1648 1361 1706 1396; x_wconf 83' lang='lat'><em>56.</em></span> 
     </span>
     <span class='ocr_line' id='line_1_61' title="bbox 900 1406 1707 1448; baseline -0.005 -5"><span class='ocrx_word' id='word_1_379' title='bbox 900 1413 1008 1443; x_wconf 63' lang='lat' dir='ltr'><strong>extu·</strong></span> <span class='ocrx_word' id='word_1_380' title='bbox 1000 1435 1008 1442; x_wconf 93' lang='lat'>.</span> <span class='ocrx_word' id='word_1_381' title='bbox 1032 1413 1146 1442; x_wconf 84' lang='lat' dir='ltr'><em>rostra</em></span> <span class='ocrx_word' id='word_1_382' title='bbox 1164 1407 1303 1440; x_wconf 79' lang='lat' dir='ltr'><em>addidit</em></span> <span class='ocrx_word' id='word_1_383' title='bbox 1325 1406 1466 1439; x_wconf 79' lang='lat' dir='ltr'><em>Pisaeus</em></span> <span class='ocrx_word' id='word_1_384' title='bbox 1490 1406 1707 1448; x_wconf 76' lang='lat' dir='ltr'><em>Tyrrhenus,-</em></span> 
     </span>
     <span class='ocr_line' id='line_1_62' title="bbox 901 1452 1706 1497; baseline -0.004 -8"><span class='ocrx_word' id='word_1_385' title='bbox 901 1467 1066 1489; x_wconf 81' lang='lat' dir='ltr'><em>ancoram</em></span> <span class='ocrx_word' id='word_1_386' title='bbox 1092 1455 1329 1497; x_wconf 83' lang='lat' dir='ltr'><em>Eupalamus,</em></span> <span class='ocrx_word' id='word_1_387' title='bbox 1362 1452 1509 1484; x_wconf 79' lang='lat' dir='ltr'><em>eandem</em></span> <span class='ocrx_word' id='word_1_388' title='bbox 1533 1452 1706 1486; x_wconf 82' lang='lat' dir='ltr'><em>bidentem</em></span> 
     </span>
     <span class='ocr_line' id='line_1_63' title="bbox 896 1497 1708 1535; baseline -0.002 -1"><span class='ocrx_word' id='word_1_389' title='bbox 896 1501 1108 1535; x_wconf 81' lang='lat' dir='ltr'><em>Anacharsis</em></span> <span class='ocrx_word' id='word_1_390' title='bbox 1125 1505 1190 1534; x_wconf 76' lang='lat' dir='ltr'><strong>etc.</strong></span> <span class='ocrx_word' id='word_1_391' title='bbox 1217 1500 1262 1532; x_wconf 85' lang='lat' dir='ltr'><em>cf.</em></span> <span class='ocrx_word' id='word_1_392' title='bbox 1282 1497 1487 1533; x_wconf 88' lang='lat' dir='ltr'><strong>Donndorfii</strong></span> <span class='ocrx_word' id='word_1_393' title='bbox 1502 1498 1622 1531; x_wconf 79' lang='lat' dir='ltr'><em>Gescb.</em></span> <span class='ocrx_word' id='word_1_394' title='bbox 1641 1499 1708 1532; x_wconf 82' lang='lat' dir='ltr'><em>der</em></span> 
     </span>
    </p>
   </div>
   <div class='ocr_carea' id='block_1_10' title="bbox 1236 1310 1705 1360">
    <p class='ocr_par' dir='ltr' id='par_1_19' title="bbox 1236 1310 1705 1360">
     <span class='ocr_line' id='line_1_64' title="bbox 1236 1310 1705 1360; baseline -0.005 -11.889"><span class='ocrx_word' id='word_1_395' title='bbox 1236 1326 1293 1360; x_wconf 88' lang='lat' dir='ltr'><em>qq.</em></span> <span class='ocrx_word' id='word_1_396' title='bbox 1320 1325 1355 1347; x_wconf 86' lang='lat' dir='ltr'><em>v.</em></span> <span class='ocrx_word' id='word_1_397' title='bbox 1379 1312 1507 1356; x_wconf 72' lang='grc' dir='ltr'><em>Κὸρ1ζο</em></span> <span class='ocrx_word' id='word_1_398' title='bbox 1531 1310 1705 1358; x_wconf 77' lang='lat' dir='ltr'><em>Kriegsw.</em></span> 
     </span>
    </p>
   </div>
   <div class='ocr_carea' id='block_1_11' title="bbox 897 1542 1759 1601">
    <p class='ocr_par' dir='ltr' id='par_1_20' title="bbox 897 1542 1759 1601">
     <span class='ocr_line' id='line_1_65' title="bbox 897 1542 1759 1601; baseline 0 -21"><span class='ocrx_word' id='word_1_399' title='bbox 897 1548 1030 1590; x_wconf 82' lang='lat' dir='ltr'><strong><em>Erfind.</em></strong></span> <span class='ocrx_word' id='word_1_400' title='bbox 1058 1550 1089 1582; x_wconf 91' lang='grc'><em>1.</em></span> <span class='ocrx_word' id='word_1_401' title='bbox 1115 1557 1148 1590; x_wconf 89' lang='lat' dir='ltr'><em>p.</em></span> <span class='ocrx_word' id='word_1_402' title='bbox 1166 1546 1222 1580; x_wconf 88' lang='lat'><em>50.</em></span> <span class='ocrx_word' id='word_1_403' title='bbox 1252 1565 1292 1570; x_wconf 91' lang='lat'>-</span> <span class='ocrx_word' id='word_1_404' title='bbox 1330 1542 1625 1601; x_wconf 77' lang='grc' dir='ltr'><em>πρυμνήσια.</em></span> <span class='ocrx_word' id='word_1_405' title='bbox 1655 1543 1705 1580; x_wconf 76' lang='grc' dir='ltr'><em>τοὶ</em></span> <span class='ocrx_word' id='word_1_406' title='bbox 1755 1555 1759 1561; x_wconf 87' lang='grc'><strong><em>·</em></strong></span> 
     </span>
    </p>
   </div>
   <div class='ocr_carea' id='block_1_12' title="bbox 892 1589 1706 2518">
    <p class='ocr_par' dir='ltr' id='par_1_21' title="bbox 896 1589 1706 1824">
     <span class='ocr_line' id='line_1_66' title="bbox 897 1589 1704 1645; baseline -0.005 -17"><span class='ocrx_word' id='word_1_407' title='bbox 897 1591 1055 1637; x_wconf 81' lang='grc' dir='ltr'><em>οἷπόγεια</em></span> <span class='ocrx_word' id='word_1_408' title='bbox 1079 1603 1180 1636; x_wconf 77' lang='grc' dir='ltr'><em>σχοιι</em></span> <span class='ocrx_word' id='word_1_409' title='bbox 1184 1604 1242 1632; x_wconf 92' lang='grc' dir='ltr'><em>ια,</em></span> <span class='ocrx_word' id='word_1_410' title='bbox 1277 1589 1332 1629; x_wconf 79' lang='grc' dir='ltr'><em>οἷς</em></span> <span class='ocrx_word' id='word_1_411' title='bbox 1365 1589 1404 1624; x_wconf 82' lang='grc' dir='ltr'><em>ἐκ</em></span> <span class='ocrx_word' id='word_1_412' title='bbox 1428 1591 1502 1645; x_wconf 86' lang='grc' dir='ltr'><em>τῆς</em></span> <span class='ocrx_word' id='word_1_413' title='bbox 1533 1589 1704 1636; x_wconf 82' lang='grc' dir='ltr'><em>πρύμνης</em></span> 
     </span>
     <span class='ocr_line' id='line_1_67' title="bbox 896 1635 1703 1691; baseline -0.008 -15"><span class='ocrx_word' id='word_1_414' title='bbox 896 1641 1182 1684; x_wconf 86' lang='grc' dir='ltr'><em>προσδεσμεῖται</em></span> <span class='ocrx_word' id='word_1_415' title='bbox 1207 1635 1230 1682; x_wconf 86' lang='grc' dir='ltr'>ἡ</span> <span class='ocrx_word' id='word_1_416' title='bbox 1249 1639 1342 1677; x_wconf 77' lang='grc' dir='ltr'><em>ναῦς</em></span> <span class='ocrx_word' id='word_1_417' title='bbox 1364 1635 1458 1680; x_wconf 84' lang='grc' dir='ltr'><em>πρὸς</em></span> <span class='ocrx_word' id='word_1_418' title='bbox 1475 1636 1521 1691; x_wconf 85' lang='grc' dir='ltr'><em>τῇ</em></span> <span class='ocrx_word' id='word_1_419' title='bbox 1538 1638 1595 1681; x_wconf 77' lang='grc' dir='ltr'><em>γῇ.</em></span> <span class='ocrx_word' id='word_1_420' title='bbox 1620 1637 1703 1672; x_wconf 92' lang='lat' dir='ltr'><strong>Sch.</strong></span> 
     </span>
     <span class='ocr_line' id='line_1_68' title="bbox 897 1682 1706 1730; baseline -0.004 -9"><span class='ocrx_word' id='word_1_421' title='bbox 897 1687 1016 1721; x_wconf 86' lang='lat' dir='ltr'><strong>eadem</strong></span> <span class='ocrx_word' id='word_1_422' title='bbox 1051 1686 1236 1730; x_wconf 88' lang='grc' dir='ltr'><em>πείσματα</em></span> <span class='ocrx_word' id='word_1_423' title='bbox 1270 1689 1437 1718; x_wconf 86' lang='lat' dir='ltr'>vocantur</span> <span class='ocrx_word' id='word_1_424' title='bbox 1475 1682 1510 1716; x_wconf 88' lang='lat' dir='ltr'><em>in</em></span> <span class='ocrx_word' id='word_1_425' title='bbox 1544 1683 1706 1728; x_wconf 82' lang='lat' dir='ltr'><em>Odyssea</em></span> 
     </span>
     <span class='ocr_line' id='line_1_69' title="bbox 897 1728 1692 1776; baseline -0.006 -7"><span class='ocrx_word' id='word_1_426' title='bbox 897 1732 938 1776; x_wconf 81' lang='grc' dir='ltr'><em>ζ’,</em></span> <span class='ocrx_word' id='word_1_427' title='bbox 974 1731 1245 1775; x_wconf 74' lang='grc'><em>269,1,67.</em></span> <span class='ocrx_word' id='word_1_428' title='bbox 1282 1730 1429 1774; x_wconf 77' lang='lat' dir='ltr'><strong>aliisque</strong></span> <span class='ocrx_word' id='word_1_429' title='bbox 1461 1728 1547 1763; x_wconf 75' lang='lat' dir='ltr'>locis</span> <span class='ocrx_word' id='word_1_430' title='bbox 1577 1736 1614 1763; x_wconf 87' lang='lat' dir='ltr'><em>et</em></span> <span class='ocrx_word' id='word_1_431' title='bbox 1646 1741 1692 1775; x_wconf 80' lang='lat' dir='ltr'><em>ap</em></span> 
     </span>
     <span class='ocr_line' id='line_1_70' title="bbox 898 1758 1647 1839; baseline -0.004 -25"><span class='ocrx_word' id='word_1_432' title='bbox 898 1758 1066 1839; x_wconf 48' lang='lat' dir='ltr'><strong>Theognz</strong></span> <span class='ocrx_word' id='word_1_433' title='bbox 1088 1779 1188 1814; x_wconf 74' lang='lat'>1362.</span> <span class='ocrx_word' id='word_1_434' title='bbox 1216 1776 1285 1810; x_wconf 88' lang='lat' dir='ltr'>vid.</span> <span class='ocrx_word' id='word_1_435' title='bbox 1311 1776 1414 1810; x_wconf 89' lang='lat' dir='ltr'><strong>Schn.</strong></span> <span class='ocrx_word' id='word_1_436' title='bbox 1440 1787 1473 1809; x_wconf 77' lang='grc' dir='ltr'><em>ν.</em></span> <span class='ocrx_word' id='word_1_437' title='bbox 1498 1778 1647 1820; x_wconf 85' lang='grc' dir='ltr'><em>πεῖσμα.</em></span> 
     </span>
    </p>

    <p class='ocr_par' dir='ltr' id='par_1_22' title="bbox 893 1820 1706 2093">
     <span class='ocr_line' id='line_1_71' title="bbox 941 1820 1706 1881; baseline -0.01 -20"><span class='ocrx_word' id='word_1_438' title='bbox 941 1826 1022 1861; x_wconf 87' lang='grc'><em>437.</em></span> <span class='ocrx_word' id='word_1_439' title='bbox 1048 1824 1257 1881; x_wconf 79' lang='grc' dir='ltr'><em>ρηγμῖνι</em></span> <span class='ocrx_word' id='word_1_440' title='bbox 1285 1822 1552 1878; x_wconf 81' lang='lat' dir='ltr'><em>(Brandung)</em></span> <span class='ocrx_word' id='word_1_441' title='bbox 1566 1824 1619 1869; x_wconf 77' lang='grc' dir='ltr'><em>τῷ</em></span> <span class='ocrx_word' id='word_1_442' title='bbox 1646 1820 1706 1856; x_wconf 84' lang='grc' dir='ltr'><em>αἰ-</em></span> 
     </span>
     <span class='ocr_line' id='line_1_72' title="bbox 895 1859 1706 1928; baseline -0.005 -21"><span class='ocrx_word' id='word_1_443' title='bbox 895 1873 1031 1928; x_wconf 75' lang='grc' dir='ltr'><em>γιαλῷ,</em></span> <span class='ocrx_word' id='word_1_444' title='bbox 1072 1878 1100 1918; x_wconf 82' lang='grc' dir='ltr'><strong><em>ᾡ</em></strong></span> <span class='ocrx_word' id='word_1_445' title='bbox 1142 1885 1190 1906; x_wconf 90' lang='grc' dir='ltr'><em>τα</em></span> <span class='ocrx_word' id='word_1_446' title='bbox 1222 1868 1372 1912; x_wconf 79' lang='grc' dir='ltr'><em>κύματα</em></span> <span class='ocrx_word' id='word_1_447' title='bbox 1410 1859 1706 1925; x_wconf 88' lang='grc' dir='ltr'><em>προσρήσσονται</em></span> 
     </span>
     <span class='ocr_line' id='line_1_73' title="bbox 897 1913 1704 1971; baseline -0.006 -18"><span class='ocrx_word' id='word_1_448' title='bbox 897 1918 960 1963; x_wconf 90' lang='lat'><em>(6,</em></span> <span class='ocrx_word' id='word_1_449' title='bbox 984 1919 1096 1962; x_wconf 58' lang='lat'>425).</span> <span class='ocrx_word' id='word_1_450' title='bbox 1119 1937 1165 1942; x_wconf 88' lang='lat'>—</span> <span class='ocrx_word' id='word_1_451' title='bbox 1203 1914 1242 1951; x_wconf 80' lang='grc' dir='ltr'><em>ἐν</em></span> <span class='ocrx_word' id='word_1_452' title='bbox 1276 1915 1316 1951; x_wconf 76' lang='grc' dir='ltr'><em>δὲ</em></span> <span class='ocrx_word' id='word_1_453' title='bbox 1339 1913 1483 1950; x_wconf 78' lang='grc' dir='ltr'><em>’.Οδυσσ</em></span> <span class='ocrx_word' id='word_1_454' title='bbox 1509 1914 1578 1959; x_wconf 87' lang='grc' dir='ltr'><em>(μ’,</em></span> <span class='ocrx_word' id='word_1_455' title='bbox 1604 1914 1704 1971; x_wconf 73' lang='lat'>214.)</span> 
     </span>
     <span class='ocr_line' id='line_1_74' title="bbox 893 1957 1706 2010; baseline -0.005 -10"><span class='ocrx_word' id='word_1_456' title='bbox 893 1966 957 2001; x_wconf 81' lang='grc' dir='ltr'><em>καὶ</em></span> <span class='ocrx_word' id='word_1_457' title='bbox 981 1965 1050 2010; x_wconf 78' lang='grc' dir='ltr'><em>τὴν</em></span> <span class='ocrx_word' id='word_1_458' title='bbox 1074 1960 1296 2007; x_wconf 84' lang='grc' dir='ltr'><em>ἐπιφανειαν</em></span> <span class='ocrx_word' id='word_1_459' title='bbox 1320 1963 1386 2005; x_wconf 82' lang='grc' dir='ltr'><em>τῆς</em></span> <span class='ocrx_word' id='word_1_460' title='bbox 1409 1960 1624 2008; x_wconf 80' lang='grc' dir='ltr'><em>θαλασσης,</em></span> <span class='ocrx_word' id='word_1_461' title='bbox 1657 1957 1706 2006; x_wconf 81' lang='grc' dir='ltr'><em>ἣν</em></span> 
     </span>
     <span class='ocr_line' id='line_1_75' title="bbox 895 2008 1703 2056; baseline -0.004 -10"><span class='ocrx_word' id='word_1_462' title='bbox 895 2012 934 2046; x_wconf 81' lang='grc' dir='ltr'><em>αἱ</em></span> <span class='ocrx_word' id='word_1_463' title='bbox 966 2014 1088 2046; x_wconf 79' lang='grc' dir='ltr'><em>κῶπαι</em></span> <span class='ocrx_word' id='word_1_464' title='bbox 1112 2008 1310 2056; x_wconf 78' lang='grc' dir='ltr'><em>ῥήσσουσι,</em></span> <span class='ocrx_word' id='word_1_465' title='bbox 1345 2008 1556 2054; x_wconf 78' lang='grc' dir='ltr'><em>ῥηγμῖνα</em></span> <span class='ocrx_word' id='word_1_466' title='bbox 1587 2011 1703 2045; x_wconf 85' lang='grc' dir='ltr'><em>καλεῖ.</em></span> 
     </span>
     <span class='ocr_line' id='line_1_76' title="bbox 894 2058 1018 2093; baseline 0.008 -2"><span class='ocrx_word' id='word_1_467' title='bbox 894 2058 950 2091; x_wconf 86' lang='lat' dir='ltr'><em>Ex</em></span> <span class='ocrx_word' id='word_1_468' title='bbox 973 2059 1018 2093; x_wconf 89' lang='grc' dir='ltr'><em>Ε.</em></span> 
     </span>
    </p>

    <p class='ocr_par' dir='ltr' id='par_1_23' title="bbox 893 2098 1704 2187">
     <span class='ocr_line' id='line_1_77' title="bbox 939 2098 1704 2148; baseline -0.007 -7"><span class='ocrx_word' id='word_1_469' title='bbox 939 2104 1021 2140; x_wconf 85' lang='grc'><strong>444.</strong></span> <span class='ocrx_word' id='word_1_470' title='bbox 1055 2102 1105 2137; x_wconf 82' lang='grc' dir='ltr'><em>ἱλ.</em></span> <span class='ocrx_word' id='word_1_471' title='bbox 1138 2113 1203 2148; x_wconf 89' lang='lat' dir='ltr'><em>pro</em></span> <span class='ocrx_word' id='word_1_472' title='bbox 1238 2098 1466 2145; x_wconf 76' lang='grc' dir='ltr'><em>ἱλασωμεθα.</em></span> <span class='ocrx_word' id='word_1_473' title='bbox 1503 2113 1538 2137; x_wconf 84' lang='lat' dir='ltr'><em>v.</em></span> <span class='ocrx_word' id='word_1_474' title='bbox 1564 2101 1635 2139; x_wconf 88' lang='lat' dir='ltr'><em>Th.</em></span> <span class='ocrx_word' id='word_1_475' title='bbox 1667 2112 1704 2147; x_wconf 87' lang='lat' dir='ltr'><em>p.</em></span> 
     </span>
     <span class='ocr_line' id='line_1_78' title="bbox 893 2152 1096 2195; baseline -0.021 -8"><span class='ocrx_word' id='word_1_476' title='bbox 893 2152 974 2187; x_wconf 69' lang='lat'><strong>528.</strong></span> <span class='ocrx_word' id='word_1_477' title='bbox 999 2161 1096 2195; x_wconf 90' lang='lat' dir='ltr'><strong>sequ.</strong></span> 
     </span>
    </p>

    <p class='ocr_par' dir='ltr' id='par_1_24' title="bbox 892 2163 1702 2279">
     <span class='ocr_line' id='line_1_79' title="bbox 939 2163 1702 2239; baseline -0.005 -6"><span class='ocrx_word' id='word_1_478' title='bbox 939 2195 1020 2233; x_wconf 89' lang='grc'><strong>445.</strong></span> <span class='ocrx_word' id='word_1_479' title='bbox 1039 2163 1158 2232; x_wconf 59' lang='lat' dir='ltr'><em>qm.</em></span> <span class='ocrx_word' id='word_1_480' title='bbox 1201 2193 1346 2229; x_wconf 72' lang='grc' dir='ltr'><em>πολλῶν</em></span> <span class='ocrx_word' id='word_1_481' title='bbox 1383 2204 1599 2239; x_wconf 85' lang='grc' dir='ltr'><em>στεναγμων</em></span> <span class='ocrx_word' id='word_1_482' title='bbox 1641 2193 1702 2229; x_wconf 79' lang='grc' dir='ltr'><em>αἶ’-</em></span> 
     </span>
     <span class='ocr_line' id='line_1_80' title="bbox 892 2243 1084 2279; baseline -0.017 0"><span class='ocrx_word' id='word_1_483' title='bbox 892 2257 965 2279; x_wconf 87' lang='grc' dir='ltr'><em>τια.</em></span> <span class='ocrx_word' id='word_1_484' title='bbox 1001 2243 1084 2277; x_wconf 87' lang='lat' dir='ltr'>Sch.</span> 
     </span>
    </p>

    <p class='ocr_par' dir='ltr' id='par_1_25' title="bbox 895 2284 1703 2428">
     <span class='ocr_line' id='line_1_81' title="bbox 939 2284 1702 2333; baseline -0.005 -8"><span class='ocrx_word' id='word_1_485' title='bbox 939 2289 1021 2325; x_wconf 89' lang='grc'><strong>447.</strong></span> <span class='ocrx_word' id='word_1_486' title='bbox 1057 2285 1261 2333; x_wconf 76' lang='grc' dir='ltr'><em>κλειτήν.</em></span> <span class='ocrx_word' id='word_1_487' title='bbox 1295 2284 1461 2329; x_wconf 81' lang='grc' dir='ltr'><em>ε’νδοξον.</em></span> <span class='ocrx_word' id='word_1_488' title='bbox 1495 2285 1580 2320; x_wconf 88' lang='lat' dir='ltr'><strong>Sch.</strong></span> <span class='ocrx_word' id='word_1_489' title='bbox 1635 2285 1702 2321; x_wconf 84' lang='lat' dir='ltr'><em>imo</em></span> 
     </span>
     <span class='ocr_line' id='line_1_82' title="bbox 896 2331 1703 2386; baseline -0.007 -15"><span class='ocrx_word' id='word_1_490' title='bbox 896 2338 1014 2371; x_wconf 76' lang='lat' dir='ltr'><strong>activo</strong></span> <span class='ocrx_word' id='word_1_491' title='bbox 1049 2347 1152 2369; x_wconf 88' lang='lat' dir='ltr'><em>sensu</em></span> <span class='ocrx_word' id='word_1_492' title='bbox 1187 2334 1431 2374; x_wconf 75' lang='lat' dir='ltr'><strong>hecatomben,</strong></span> <span class='ocrx_word' id='word_1_493' title='bbox 1475 2344 1565 2386; x_wconf 85' lang='lat' dir='ltr'><strong>quae</strong></span> <span class='ocrx_word' id='word_1_494' title='bbox 1597 2331 1703 2366; x_wconf 86' lang='lat' dir='ltr'><strong>decus</strong></span> 
     </span>
     <span class='ocr_line' id='line_1_83' title="bbox 895 2378 1678 2428; baseline -0.008 -11"><span class='ocrx_word' id='word_1_495' title='bbox 895 2389 999 2428; x_wconf 86' lang='lat' dir='ltr'><strong>atque</strong></span> <span class='ocrx_word' id='word_1_496' title='bbox 1023 2382 1183 2416; x_wconf 89' lang='lat' dir='ltr'><strong>honorem</strong></span> <span class='ocrx_word' id='word_1_497' title='bbox 1208 2380 1313 2413; x_wconf 82' lang='lat' dir='ltr'><strong>affert</strong></span> <span class='ocrx_word' id='word_1_498' title='bbox 1336 2379 1415 2420; x_wconf 85' lang='lat' dir='ltr'><em>deo,</em></span> <span class='ocrx_word' id='word_1_499' title='bbox 1440 2378 1493 2412; x_wconf 82' lang='lat' dir='ltr'><em>cui</em></span> <span class='ocrx_word' id='word_1_500' title='bbox 1518 2378 1678 2413; x_wconf 82' lang='lat' dir='ltr'>mittitur</span> 
     </span>
    </p>

    <p class='ocr_par' dir='ltr' id='par_1_26' title="bbox 893 2424 1703 2518">
     <span class='ocr_line' id='line_1_84' title="bbox 940 2424 1700 2472; baseline -0.009 -8"><span class='ocrx_word' id='word_1_501' title='bbox 940 2428 1020 2465; x_wconf 82' lang='lat'>448.</span> <span class='ocrx_word' id='word_1_502' title='bbox 1045 2427 1102 2471; x_wconf 76' lang='grc' dir='ltr'><em>εξ.</em></span> <span class='ocrx_word' id='word_1_503' title='bbox 1141 2427 1246 2472; x_wconf 79' lang='grc' dir='ltr'><em>εξῆς,</em></span> <span class='ocrx_word' id='word_1_504' title='bbox 1269 2424 1424 2470; x_wconf 80' lang='grc' dir='ltr'><em>ἐφεξῆς,</em></span> <span class='ocrx_word' id='word_1_505' title='bbox 1457 2425 1543 2466; x_wconf 78' lang='lat' dir='ltr'><em>rite,</em></span> <span class='ocrx_word' id='word_1_506' title='bbox 1568 2425 1700 2458; x_wconf 79' lang='lat' dir='ltr'><strong>ordine.</strong></span> 
     </span>
     <span class='ocr_line' id='line_1_85' title="bbox 893 2469 1703 2518; baseline -0.006 -7"><span class='ocrx_word' id='word_1_507' title='bbox 893 2493 940 2500; x_wconf 93' lang='lat'><strong>—</strong></span> <span class='ocrx_word' id='word_1_508' title='bbox 972 2472 1106 2518; x_wconf 79' lang='grc' dir='ltr'><em>εὕδμ.</em></span> <span class='ocrx_word' id='word_1_509' title='bbox 1150 2487 1171 2508; x_wconf 88' lang='lat' dir='ltr'>a</span> <span class='ocrx_word' id='word_1_510' title='bbox 1202 2472 1313 2516; x_wconf 83' lang='grc' dir='ltr'><em>δέμω.</em></span> <span class='ocrx_word' id='word_1_511' title='bbox 1372 2471 1478 2505; x_wconf 84' lang='lat' dir='ltr'><strong>Sch.:</strong></span> <span class='ocrx_word' id='word_1_512' title='bbox 1520 2470 1605 2515; x_wconf 76' lang='grc' dir='ltr'><em>περὶ</em></span> <span class='ocrx_word' id='word_1_513' title='bbox 1636 2469 1703 2506; x_wconf 82' lang='grc' dir='ltr'><em>τὸν</em></span> 
     </span>
    </p>
   </div>
   <div class='ocr_carea' id='block_1_13' title="bbox 893 2514 1701 2607">
    <p class='ocr_par' dir='ltr' id='par_1_27' title="bbox 893 2514 1701 2607">
     <span class='ocr_line' id='line_1_86' title="bbox 893 2514 1487 2571; baseline -0.01 -14"><span class='ocrx_word' id='word_1_514' title='bbox 893 2523 1015 2562; x_wconf 75' lang='grc' dir='ltr'><em>καλῶς</em></span> <span class='ocrx_word' id='word_1_515' title='bbox 1039 2519 1324 2568; x_wconf 70' lang='grc' dir='ltr'><em>ᾠκοδομημένον</em></span> <span class='ocrx_word' id='word_1_516' title='bbox 1348 2514 1487 2571; x_wconf 86' lang='grc' dir='ltr'><em>βωμόν.</em></span> 
     </span>
     <span class='ocr_line' id='line_1_87' title="bbox 939 2563 1701 2607; baseline -0.008 -5"><span class='ocrx_word' id='word_1_517' title='bbox 939 2567 1020 2604; x_wconf 89' lang='grc'><em>449.</em></span> <span class='ocrx_word' id='word_1_518' title='bbox 1057 2568 1100 2602; x_wconf 92' lang='lat' dir='ltr'><em>de</em></span> <span class='ocrx_word' id='word_1_519' title='bbox 1131 2566 1254 2601; x_wconf 83' lang='lat' dir='ltr'>ritibus</span> <span class='ocrx_word' id='word_1_520' title='bbox 1289 2563 1536 2599; x_wconf 83' lang='lat' dir='ltr'><strong>sacrificiorum</strong></span> <span class='ocrx_word' id='word_1_521' title='bbox 1561 2565 1701 2607; x_wconf 82' lang='lat' dir='ltr'><strong>praeter</strong></span> 
     </span>
    </p>
   </div>
   <div class='ocr_carea' id='block_1_14' title="bbox 892 2609 1701 2705">
    <p class='ocr_par' dir='ltr' id='par_1_28' title="bbox 892 2609 1701 2705">
     <span class='ocr_line' id='line_1_88' title="bbox 893 2609 1701 2659; baseline -0.009 -11"><span class='ocrx_word' id='word_1_522' title='bbox 893 2614 1065 2648; x_wconf 81' lang='lat' dir='ltr'>Feithium</span> <span class='ocrx_word' id='word_1_523' title='bbox 1091 2626 1123 2659; x_wconf 91' lang='lat' dir='ltr'><em>p.</em></span> <span class='ocrx_word' id='word_1_524' title='bbox 1149 2616 1206 2649; x_wconf 92' lang='lat'><em>70.</em></span> <span class='ocrx_word' id='word_1_525' title='bbox 1230 2623 1327 2656; x_wconf 89' lang='lat' dir='ltr'><strong>seqq.</strong></span> <span class='ocrx_word' id='word_1_526' title='bbox 1365 2615 1401 2643; x_wconf 86' lang='lat' dir='ltr'><em>et</em></span> <span class='ocrx_word' id='word_1_527' title='bbox 1425 2609 1613 2654; x_wconf 84' lang='lat' dir='ltr'><em>scriptores</em></span> <span class='ocrx_word' id='word_1_528' title='bbox 1638 2620 1701 2642; x_wconf 88' lang='lat' dir='ltr'><em>an-</em></span> 
     </span>
     <span class='ocr_line' id='line_1_89' title="bbox 892 2654 1700 2705; baseline -0.01 -10"><span class='ocrx_word' id='word_1_529' title='bbox 892 2660 1093 2705; x_wconf 80' lang='lat' dir='ltr'><strong>tiquitatum</strong></span> <span class='ocrx_word' id='word_1_530' title='bbox 1127 2670 1180 2703; x_wconf 87' lang='lat' dir='ltr'><em>gr.</em></span> <span class='ocrx_word' id='word_1_531' title='bbox 1206 2670 1240 2692; x_wconf 89' lang='lat' dir='ltr'><em>v.</em></span> <span class='ocrx_word' id='word_1_532' title='bbox 1266 2655 1421 2702; x_wconf 76' lang='lat' dir='ltr'><em>inprimis</em></span> <span class='ocrx_word' id='word_1_533' title='bbox 1446 2655 1488 2690; x_wconf 87' lang='lat' dir='ltr'><em>F.</em></span> <span class='ocrx_word' id='word_1_534' title='bbox 1514 2656 1556 2690; x_wconf 88' lang='lat' dir='ltr'><em>A.</em></span> <span class='ocrx_word' id='word_1_535' title='bbox 1580 2654 1700 2688; x_wconf 88' lang='lat' dir='ltr'><strong>Wolfii</strong></span> 
     </span>
    </p>
   </div>
   <div class='ocr_carea' id='block_1_15' title="bbox 890 2702 1700 2900">
    <p class='ocr_par' dir='ltr' id='par_1_29' title="bbox 890 2702 1700 2889">
     <span class='ocr_line' id='line_1_90' title="bbox 899 2702 1698 2757; baseline -0.008 -17"><span class='ocrx_word' id='word_1_536' title='bbox 899 2708 1012 2740; x_wconf 84' lang='lat' dir='ltr'><strong>Verm.</strong></span> <span class='ocrx_word' id='word_1_537' title='bbox 1039 2706 1138 2740; x_wconf 81' lang='lat' dir='ltr'><strong>Schr.</strong></span> <span class='ocrx_word' id='word_1_538' title='bbox 1169 2716 1202 2749; x_wconf 89' lang='lat' dir='ltr'><em>p.</em></span> <span class='ocrx_word' id='word_1_539' title='bbox 1226 2702 1462 2738; x_wconf 72' lang='lat'>243—287.</span> <span class='ocrx_word' id='word_1_540' title='bbox 1497 2720 1542 2726; x_wconf 96' lang='lat'><strong>—</strong></span> <span class='ocrx_word' id='word_1_541' title='bbox 1574 2713 1698 2757; x_wconf 59' lang='lat'><em>289¹!-</em></span> 
     </span>
     <span class='ocr_line' id='line_1_91' title="bbox 890 2740 1700 2802; baseline -0.012 -13"><span class='ocrx_word' id='word_1_542' title='bbox 890 2766 958 2794; x_wconf 86' lang='grc' dir='ltr'><em>τοις</em></span> <span class='ocrx_word' id='word_1_543' title='bbox 976 2756 1100 2798; x_wconf 87' lang='grc' dir='ltr'><em>χεῖρας</em></span> <span class='ocrx_word' id='word_1_544' title='bbox 1117 2750 1309 2794; x_wconf 78' lang='grc' dir='ltr'><em>ἐνίψαντο.</em></span> <span class='ocrx_word' id='word_1_545' title='bbox 1358 2745 1516 2791; x_wconf 87' lang='grc' dir='ltr'><em>ουλοχ.</em></span> <span class='ocrx_word' id='word_1_546' title='bbox 1549 2747 1614 2802; x_wconf 49' lang='lat' dir='ltr'><em>(ab,</em></span> <span class='ocrx_word' id='word_1_547' title='bbox 1630 2740 1700 2781; x_wconf 80' lang='grc' dir='ltr'><em>οὖ-</em></span> 
     </span>
     <span class='ocr_line' id='line_1_92' title="bbox 892 2790 1697 2850; baseline -0.011 -15"><span class='ocrx_word' id='word_1_548' title='bbox 892 2803 975 2842; x_wconf 89' lang='grc' dir='ltr'><em>λος,</em></span> <span class='ocrx_word' id='word_1_549' title='bbox 1000 2800 1033 2833; x_wconf 88' lang='grc'><em>11.</em></span> <span class='ocrx_word' id='word_1_550' title='bbox 1059 2811 1092 2833; x_wconf 88' lang='lat' dir='ltr'><em>e.</em></span> <span class='ocrx_word' id='word_1_551' title='bbox 1116 2795 1223 2841; x_wconf 80' lang='grc' dir='ltr'><em>ὅλος,</em></span> <span class='ocrx_word' id='word_1_552' title='bbox 1253 2800 1287 2831; x_wconf 80' lang='lat' dir='ltr'><em>et</em></span> <span class='ocrx_word' id='word_1_553' title='bbox 1310 2807 1410 2840; x_wconf 84' lang='grc' dir='ltr'><em>χυω,</em></span> <span class='ocrx_word' id='word_1_554' title='bbox 1429 2792 1535 2850; x_wconf 82' lang='grc' dir='ltr'><em>χέω.)</em></span> <span class='ocrx_word' id='word_1_555' title='bbox 1571 2790 1697 2832; x_wconf 78' lang='grc' dir='ltr'><em>οὐλάς.</em></span> 
     </span>
     <span class='ocr_line' id='line_1_93' title="bbox 893 2836 1698 2900; baseline -0.016 -18"><span class='ocrx_word' id='word_1_556' title='bbox 893 2846 964 2882; x_wconf 83' lang='grc' dir='ltr'><em>εἰσὶ</em></span> <span class='ocrx_word' id='word_1_557' title='bbox 996 2843 1038 2881; x_wconf 78' lang='grc' dir='ltr'><em>δὲ</em></span> <span class='ocrx_word' id='word_1_558' title='bbox 1068 2843 1201 2900; x_wconf 84' lang='grc' dir='ltr'><em>κριθαὶ</em></span> <span class='ocrx_word' id='word_1_559' title='bbox 1234 2844 1313 2887; x_wconf 87' lang='grc' dir='ltr'><em>(κρῖ</em></span> <span class='ocrx_word' id='word_1_560' title='bbox 1332 2838 1463 2876; x_wconf 88' lang='grc' dir='ltr'><em>λευκὸν</em></span> <span class='ocrx_word' id='word_1_561' title='bbox 1496 2838 1625 2883; x_wconf 80' lang='lat' dir='ltr'><em>Odyss.</em></span> <span class='ocrx_word' id='word_1_562' title='bbox 1648 2836 1698 2880; x_wconf 87' lang='grc' dir='ltr'><em>μ’,</em></span> 
     </span>
    </p>
   </div>
   <div class='ocr_carea' id='block_1_16' title="bbox 888 2883 1698 3019">
    <p class='ocr_par' dir='ltr' id='par_1_30' title="bbox 888 2883 1698 3019">
     <span class='ocr_line' id='line_1_94' title="bbox 889 2883 1698 2936; baseline -0.017 -7"><span class='ocrx_word' id='word_1_563' title='bbox 889 2892 990 2936; x_wconf 87' lang='grc'><em>358)</em></span> <span class='ocrx_word' id='word_1_564' title='bbox 1023 2890 1116 2936; x_wconf 78' lang='grc' dir='ltr'><em>μεθ’</em></span> <span class='ocrx_word' id='word_1_565' title='bbox 1152 2887 1254 2926; x_wconf 73' lang='grc' dir='ltr'><em>ἅλων</em></span> <span class='ocrx_word' id='word_1_566' title='bbox 1287 2885 1528 2933; x_wconf 81' lang='grc' dir='ltr'><em>μεμιγμέναι,</em></span> <span class='ocrx_word' id='word_1_567' title='bbox 1572 2883 1698 2927; x_wconf 74' lang='lat' dir='ltr'><strong>(male2</strong></span> 
     </span>
     <span class='ocr_line' id='line_1_95' title="bbox 889 2929 1697 2975; baseline -0.012 -2"><span class='ocrx_word' id='word_1_568' title='bbox 889 2950 966 2973; x_wconf 89' lang='lat' dir='ltr'><em>nam</em></span> <span class='ocrx_word' id='word_1_569' title='bbox 989 2940 1082 2972; x_wconf 87' lang='lat' dir='ltr'><em>mola</em></span> <span class='ocrx_word' id='word_1_570' title='bbox 1104 2938 1202 2972; x_wconf 85' lang='lat' dir='ltr'><em>salsa</em></span> <span class='ocrx_word' id='word_1_571' title='bbox 1220 2936 1451 2969; x_wconf 83' lang='lat' dir='ltr'><strong>Romanorum</strong></span> <span class='ocrx_word' id='word_1_572' title='bbox 1471 2929 1613 2975; x_wconf 83' lang='lat' dir='ltr'>propria</span> <span class='ocrx_word' id='word_1_573' title='bbox 1630 2932 1697 2970; x_wconf 84' lang='lat' dir='ltr'><em>est,</em></span> 
     </span>
     <span class='ocr_line' id='line_1_96' title="bbox 888 2974 1696 3019; baseline -0.015 0"><span class='ocrx_word' id='word_1_574' title='bbox 888 2987 929 3018; x_wconf 75' lang='lat' dir='ltr'><em>ut</em></span> <span class='ocrx_word' id='word_1_575' title='bbox 953 2984 1071 3019; x_wconf 83' lang='lat' dir='ltr'><strong>docuit</strong></span> <span class='ocrx_word' id='word_1_576' title='bbox 1102 2984 1134 3017; x_wconf 87' lang='lat' dir='ltr'><em>J.</em></span> <span class='ocrx_word' id='word_1_577' title='bbox 1159 2983 1207 3018; x_wconf 87' lang='lat' dir='ltr'><em>H.</em></span> <span class='ocrx_word' id='word_1_578' title='bbox 1231 2982 1332 3015; x_wconf 86' lang='lat' dir='ltr'><em>Voss.</em></span> <span class='ocrx_word' id='word_1_579' title='bbox 1365 2978 1410 3012; x_wconf 81' lang='lat' dir='ltr'><em>ad</em></span> <span class='ocrx_word' id='word_1_580' title='bbox 1434 2976 1532 3019; x_wconf 87' lang='lat' dir='ltr'>Virg.</span> <span class='ocrx_word' id='word_1_581' title='bbox 1557 2974 1635 3009; x_wconf 88' lang='grc' dir='ltr'><em>Εο1.</em></span> <span class='ocrx_word' id='word_1_582' title='bbox 1661 2976 1696 3017; x_wconf 91' lang='grc'><em>8,</em></span> 
     </span>
    </p>
   </div>
   <div class='ocr_carea' id='block_1_17' title="bbox 887 3021 1697 3116">
    <p class='ocr_par' dir='ltr' id='par_1_31' title="bbox 887 3021 1697 3116">
     <span class='ocr_line' id='line_1_97' title="bbox 887 3021 1697 3116; baseline -0.014 -50"><span class='ocrx_word' id='word_1_583' title='bbox 887 3032 945 3067; x_wconf 80' lang='grc'><em>82.</em></span> <span class='ocrx_word' id='word_1_584' title='bbox 970 3031 1017 3065; x_wconf 83' lang='lat' dir='ltr'><em>cf.</em></span> <span class='ocrx_word' id='word_1_585' title='bbox 1037 3030 1190 3065; x_wconf 76' lang='lat' dir='ltr'><strong>Theoer.</strong></span> <span class='ocrx_word' id='word_1_586' title='bbox 1213 3029 1249 3070; x_wconf 78' lang='lat'><em>2,</em></span> <span class='ocrx_word' id='word_1_587' title='bbox 1274 3022 1391 3116; x_wconf 50' lang='grc' dir='ltr'><em>1ἐ3.”)1.ζ</em></span> <span class='ocrx_word' id='word_1_588' title='bbox 1373 3037 1420 3066; x_wconf 88' lang='grc' dir='ltr'><em>ας</em></span> <span class='ocrx_word' id='word_1_589' title='bbox 1442 3021 1593 3066; x_wconf 78' lang='grc' dir='ltr'><em>ἐπέχεον</em></span> <span class='ocrx_word' id='word_1_590' title='bbox 1615 3023 1697 3064; x_wconf 79' lang='grc' dir='ltr'><em>τοῖς</em></span> 
     </span>
    </p>
   </div>
  </div>
 </body>
</html>
