1811 3269
11 1262 15 1321 ,⁴
73 1295 128 1328 72.
179 1293 283 1336 δαμ.
318 1294 502 1339 δαμείητε.

73 1352 130 1385 73.
181 1351 394 1385 enuntiatum
435 1350 576 1386 causale
612 1352 686 1385 loco
726 1352 844 1396 priore

27 1397 179 1477 paslitum
213 1398 417 1432 sententiae.
466 1410 499 1433 v.
535 1398 666 1434 Matth.
700 1400 731 1441 ἓ.
760 1400 840 1440 613,

73 1500 138 1542 75,
165 1501 199 1534 6.
246 1497 441 1543 πρόμος.
474 1500 573 1544 (116,
602 1502 679 1542 136,
703 1499 745 1545 γ’,
766 1499 842 1544 44.)

23 1544 226 1590 πρόμαχος.
241 1547 322 1580 Sch.
350 1545 489 1581 Έκτο
504 1560 546 1590 ρι
569 1559 632 1591 pro
653 1546 734 1591 ἐμοὶ
754 1547 843 1581 dixit

23 1591 256 1636 ἔμφατικῶς,
281 1597 319 1626 ut
339 1593 550 1652 Polydamas
569 1593 611 1628 de
636 1604 674 1627 se
701 1594 776 1648 ipse
798 1591 840 1636 ξ’,

23 1639 126 1674 454.;
175 1637 222 1674 ου’
266 1638 342 1682 μάν
385 1639 457 1673 αὐτ
510 1638 579 1673 ὀῖω
618 1638 840 1696 μεγαθύμου

22 1687 252 1721 Πανθοίδαο
272 1683 406 1728 Χειρὸς
431 1683 506 1720 απὸ
535 1687 710 1730 στιβαρῆς
735 1684 840 1721 α’λιον

22 1735 189 1777 πηδῆσαι
222 1745 372 1768 ακοντα.
439 1732 531 1776 quod
570 1745 608 1767 se
642 1733 718 1777 ipse
756 1735 840 1768 δῖον

23 1780 194 1824 appellat,
230 1778 266 1811 in
303 1791 343 1812 eo
373 1789 438 1810 non
470 1779 578 1823 magis
613 1780 839 1823 argutandum

23 1831 76 1859 est
107 1837 207 1871 quam
238 1825 272 1858 in
310 1825 376 1857 isto
409 1824 646 1868 μεγαθύμου.
705 1829 838 1860 Aeneas

23 1883 160 1917 quoque
198 1882 254 1914 ap.
295 1871 394 1914 Virg.
432 1873 470 1911 1,
507 1872 610 1906 379.=
655 1884 729 1905 sum
759 1874 839 1916 pius

22 1921 180 1958 Aeneas,
198 1920 304 1960 sama
335 1927 436 1959 snper
464 1918 609 1950 aethera
638 1924 748 1952 notus.
791 1919 836 1951 cf.

20 1964 78 2005 H,
104 1965 136 1998 K
160 1968 195 1996 et
212 1974 289 1996 ann.
312 1963 356 1995 ad
378 1962 484 2005 Soph.
506 1963 634 1997 Trach.
653 1965 729 1998 153.
755 1965 837 1997 ode-

20 2014 104 2044 runt
133 2015 271 2043 veteres
305 2009 456 2042 fucatam
496 2008 595 2043 istam
635 2011 837 2044 recentioris

19 2055 97 2090 aevi
122 2055 341 2096 modestiam,
368 2066 467 2098 quam
491 2055 523 2089 J.
546 2056 577 2088 J.
600 2056 836 2090 Rousseavius

18 2102 196 2147 appellare
220 2101 355 2135 solebat
373 2101 532 2134 Ῐιιιηιιῖἰιέ
550 2104 572 2134 ὰ
592 2103 745 2143 croclzet,
771 2103 834 2136 hu—

17 2149 193 2204 m'ilitatem
213 2147 418 2181 uminatam.
470 2146 621 2192 ἐπιμ.,
646 2155 684 2182 ut
705 2128 834 2192 O'd3ss.

54 2196 198 2236 2..73
233 2194 362 2238 μῦθον
396 2192 563 2238 πέφραδε
600 2196 715 2237 πᾶσι,
747 2195 833 2231 θεοὶ

0 2238 56 2277 ’δ’
81 2239 325 2285 ἐπιμάρτυροι
352 2239 478 2275 ε’στων.

61 2300 228 2335 77—79.
278 2311 372 2333 ταν.
397 2297 551 2352 “cavarjv
577 2296 672 2343 α’κὴν
699 2297 832 2342 ἔχοντι.

15 2344 66 2379 sic
99 2346 174 2379 sere
203 2345 307 2384 Sch.‚
342 2344 407 2378 nisi
439 2346 530 2388 quod
561 2345 666 2379 habet
699 2343 833 2402 ἁκμή.ν

14 2391 172 2433 ‚H.erod
201 2393 241 2432 7,
280 2392 359 2426 77.
393 2392 541 2448 Μόσχοι
579 2390 619 2425 δὲ
651 2391 731 2436 περὶ
765 2390 832 2434 μὲν

15 2439 97 2495 τῇσι
131 2438 312 2495 κεφαλῇσι
352 2437 488 2478 κυνέας
528 2439 678 2482 ξυλίνας
719 2435 830 2491 εἶχον,

15 2474 174 2524 ἀσπίδας
200 2483 239 2519 δε
269 2484 331 2519 καὶ
364 2484 501 2529 αἰχμάς
525 2484 708 2541 σμικράς·
745 2483 830 2529 λόγ-

13 2543 75 2576 χαι
105 2531 308 2588 (Hesych.:
342 2531 479 2576 λόγχη,
516 2529 535 2565 ὁ
572 2533 641 2566 τοῦ
672 2530 831 2575 δόρατος

14 2579 195 2622 σίδηρος)
221 2575 259 2611 δ’
281 2577 421 2620 ἐπῆσαν
439 2576 606 2621 μεγάλαι.
634 2578 729 2622 Virg.
744 2581 827 2612 Aen.

15 2625 59 2664 1,
83 2625 185 2659 313..
212 2625 292 2657 bina
314 2636 420 2658 manu
443 2626 514 2657 lato
535 2626 597 2657 cri.
587 2636 690 2678 pons
717 2625 829 2658 hasti-

15 2669 216 2711 liaferro.“
241 2670 334 2704 ΕΚ.
359 2690 405 2697 —-
431 2669 533 2715 δόμ.
557 2670 714 2706 πάλιν.
747 2672 827 2704 red-

14 2715 114 2755 dere,
136 2716 271 2750 reddat.

60 2772 118 2811 80,
145 2775 175 2807 1.
224 2775 307 2808 λελ.
331 2775 455 2817 λαχεῖν
478 2771 743 2816 nomisma-cmo

14 2816 46 2852 εὶ
69 2819 298 2863 μεταλαβεῖν.
332 2820 415 2854 Sch.
453 2820 498 2853 cf.
521 2819 564 2861 o',
584 2823 664 2860 350,
685 2817 728 2874 χ’,
742 2820 823 2862 343,

13 2862 66 2920 ψ’,
92 2864 169 2904 76.,
194 2864 253 2898 ubi
274 2865 323 2898 Ε.
355 2864 518 2910 λελάχειν
543 2864 626 2902 ἀντὶ
654 2867 726 2901 τοῦ
753 2879 824 2901 πν-

11 2908 76 2964 ρός
101 2909 268 2953 ἄξιωσαι.
305 2910 437 2956 λάχος·
464 2913 603 2948 δοῦναί
626 2926 739 2953 τινος.
775 2913 824 2946 si-

10 2955 136 2990 militer
157 2957 329 2992 λελάθειν
347 2958 430 2994 τινά
448 2972 550 3001 τινος
575 2960 661 2994 dixit
676 2958 722 3005 β’,
742 2961 822 2994 600.

12 3006 47 3041 et
74 3002 172 3037 alias.
211 3022 257 3028 -
302 3001 410 3048 ἕλω,
435 3004 542 3054 δῴη.
585 3017 667 3044 usus
695 3005 825 3053 promi-

725 2772 826 2808 ο-ἳον

628 146 1057 188 ΙΛΙΑΔΟΣ
1121 146 1179 188 Η.

1629 150 1715 191 335

215 261 384 306 εἰσόκεν
411 260 442 316 ἦ
470 257 596 313 ὑμεῖς
630 257 794 311 Τροίην
823 253 1050 312 εὔπυργον
1077 256 1210 312 ἕλητε,

213 318 245 389 ἦ
273 317 397 386 advo}
427 315 547 368 παρὰ
576 315 705 370 νηυσὶ
736 314 928 384 δαμείετε
959 313 1320 367 ποντοπόροισιν.

216 373 324 429 υμῖν
352 373 431 429 μὲν
460 389 546 427 γαρ
581 372 703 415 εἀσιν
733 368 933 425 αριστῆες
964 373 1250 425 Παναχαιῶν·

212 447 301 474 των
330 434 415 472 νῦν
445 429 601 472 ὅντινα
607 427 776 498 θυμὸς
806 427 903 482 ἐμοὶ
937 427 1211 499 μαχέσασθαι
1242 424 1413 483 ἀνώγει,

131 491 184 533 75
216 484 342 546 δεῦρ
374 488 451 529 ἴτω
482 486 528 529 ἐκ
554 502 754 534 παντων,
786 483 957 538 πρόμος
987 484 1168 555 έμᾘμεναι
1186 483 1367 537 “Europe
1399 484 1491 541 δίῳ

209 539 293 586 ὦδε
325 543 370 586 δὲ
398 543 640 614 μυθέομαι,
674 540 784 591 Ζευς
815 539 854 585 6'
888 539 998 595 αμμ’
1008 540 1322 609 ἐπιμάρτυρος
1347 542 1484 585 ἔστω·

210 602 249 644 εἰ
279 600 359 653 μέν
390 616 466 643 κεν
496 599 568 654 ἐμὲ
597 604 741 650 κεῖνος
772 599 846 655 έλῃ
878 595 1085 651 ταναήκεϊ
1113 601 1271 654 χαλκῷ,

209 656 362 712 τεύχεα
394 638 588 727 συλήσας
618 657 784 711 φερέτω
815 656 964 705 κοίλας
995 654 1063 697 ἐπι
1093 658 1214 721 νῆας

207 717 332 768 σῶμα
364 713 410 756 δὲ
442 712 588 757 οἴκαδ’
620 713 728 784 ἐμόν
758 713 940 767 δόμεναι
970 709 1124 762 πάλιν,
1157 708 1277 765 ὄφρα
1307 709 1448 766 πυρός
1477 727 1530 768 με

121 777 177 818 80
212 774 357 825 Τρῶες
386 771 460 813 καὶ
495 769 657 823 Τρώων
687 769 838 825 αλοχοι
868 766 1080 823 λελάχωσι
1109 767 1321 810 θανόντα.

206 829 243 870 εἰ
272 828 317 870 δέ
350 824 390 870 κ’
424 825 506 882 ἐγω
544 843 622 870 τον
652 826 758 878 ε’λω,
791 824 885 881 δῴη
917 825 962 868 δέ
994 842 1070 880 μοι
1101 819 1228 893 εὖχος
1256 822 1486 877 Ἀπόλλων,

205 883 359 939 τεύχεα
390 884 579 951 συλήσας
613 885 719 927 οἴσω
751 884 882 936 προτὶ
900 881 1037 925 Ἴλιον
1068 880 1192 950 ἱρὴν,

203 941 278 984 καὶ
309 939 482 994 κρεμόω
512 941 643 993 προτὶ
676 939 787 995 νηὸν
814 938 1084 990 Ἀπόλλωνος
1113 936 1304 989 έκατοιο,

206 997 284 1040 τὸν
315 997 361 1040 δὲ
390 996 523 1040 νέκυν
557 997 625 1040 ἐπὶ
655 1002 766 1053 νῆας
795 996 1060 1051 ἐϋσσέλμους
1092 993 1323 1048 ἀποδώσω,

117 1056 171 1099 85
202 1053 323 1108 ὄφρα
352 1052 372 1096 ἓ
385 1053 650 1123 ταρχύσωσι
680 1052 1046 1123 καρηκομόωντες
1073 1050 1249 1120 Ἀχαιοὶ,

202 1109 320 1167 σῆμα
351 1110 394 1153 τέ
427 1127 470 1154 οι
499 1110 686 1167 χεύωσιν
717 1112 787 1154 ἐπὶ
817 1115 970 1154 πλατεῖ
999 1107 1329 1178 Ἑλλησπόντῳ·

202 1169 277 1211 καί
307 1166 411 1211 ποτέ
443 1184 508 1220 τις
544 1170 690 1226 εἴπῃσι
719 1169 793 1212 καὶ
824 1166 1054 1224 ὀψιγόνων
1085 1164 1351 1221 ανθρώπων,

893 1303 994 1326 scuus
1027 1291 1238 1336 conjunctivi
1261 1295 1296 1325 et
1315 1290 1487 1336 optativi3
1515 1290 1605 1324 sicut
1627 1303 1709 1337 pas-

890 1338 963 1372 sim.
990 1340 1022 1371 Ε
1044 1339 1081 1371 Κ
1097 1344 1129 1372 et
1151 1339 1198 1374 Η.

936 1386 993 1420 83.
1042 1397 1119 1428 κρε
1130 1397 1167 1439 μ.
1193 1381 1373 1428 κρεμάσω.
1397 1383 1548 1426 (Matth.
1573 1386 1603 1426 ἓ.
1629 1385 1707 1426 178,

889 1431 944 1474 2.)
971 1431 1054 1464 Sch.
1080 1451 1124 1455 -—
1158 1426 1237 1464 Ἇπ.
1251 1455 1259 1473 ,
1285 1431 1515 1474 'Irojanorum
1541 1430 1705 1464 studiosi.

890 1488 965 1509 nam
994 1477 1078 1510 alias
1106 1477 1246 1521 Jupiter
1278 1477 1337 1510 dat
1372 1477 1574 1519 victoriam,
1609 1478 1707 1511 velut

888 1522 980 1555 infra
1000 1524 1079 1558 203.
1116 1523 1215 1556 simili
1239 1523 1283 1556 de
1301 1533 1402 1556 causa
1427 1523 1619 1556 Minervam
1631 1523 1706 1557 Ne-

889 1575 963 1601 stor
984 1574 1159 1613 nuncupat
1180 1569 1257 1604 154.
1284 1569 1339 1601 Ex
1360 1570 1406 1602 ΙΙ.
1442 1569 1487 1604 cs.
1508 1571 1584 1604 101.
1609 1581 1704 1613 sequ.

889 1616 932 1649 de
954 1626 1046 1648 more
1064 1615 1299 1660 antiquissimo
1319 1615 1429 1660 spolia
1447 1626 1621 1648 caesorum
1642 1616 1705 1648 ho-

887 1661 987 1694 stium
1016 1661 1049 1694 in
1082 1662 1218 1706 templis
1242 1661 1424 1694 dedicandi
1455 1673 1485 1694 v.
1512 1662 1565 1701 Κ,
1591 1662 1703 1696 Feith.

888 1719 917 1750 p.
934 1708 1013 1742 527.
1041 1707 1073 1739 in
1096 1719 1237 1752 eumque
1253 1707 1453 1743 Animadvv.
1472 1719 1503 1751 p.
1522 1709 1576 1742 83.
1589 1718 1703 1752 sequ.‚

886 1754 1011 1796 l<5pke
1035 1754 1206 1798 Isrz'cgsw.
1231 1755 1264 1789 d.
1293 1756 1352 1787 Gr.
1379 1766 1413 1798 p.
1433 1755 1529 1795 233.,
1553 1752 1596 1796 κ’,
1620 1755 1702 1797 460,

886 1800 971 1833 Aen.
991 1801 1032 1840 3,
1062 1800 1153 1841 286,
1179 1801 1218 1842 7,
1250 1801 1315 1835 183
1337 1807 1404 1833 etc.

933 1847 1000 1888 85,
1027 1848 1059 1881 6.
1109 1860 1234 1890 ταρχ.
1271 1845 1441 1889 θάψωσι.
1483 1844 1620 1891 τάρχεα
1654 1845 1704 1882 τοὶ

885 1891 1129 1936 νενομισμένα
1154 1898 1231 1934 τοῖς
1255 1897 1412 1937 νεκροῖς.
1448 1893 1565 1927 Schol.
1595 1896 1634 1927 A.
1665 1906 1701 1928 v.

884 1938 1228 1983 Sc11n.v.t‹29215m.
1262 1959 1305 1964 —
1341 1941 1484 1995 σῆμα,
1519 1941 1700 1974 tumulum.

883 1983 928 2028 β’,
957 1983 1036 2018 814.
1061 2004 1102 2009 -
1145 1985 1238 2026 ,ἐπὶ
1263 1988 1330 2019 πλ.
1352 1982 1461 2020 “.Ελλ
1487 1990 1542 2019 est
1564 1987 1703 2029 quidem

884 2030 1003 2063 Helles
988 2011 1152 2074 »zpontus
1179 2033 1234 2065 ubi
1256 2031 1440 2066 latissimus
1463 2037 1539 2073 est,
1562 2042 1630 2066 non
1649 2033 1702 2067 la-

883 2076 954 2109 tior
972 2078 992 2110 7
1019 2077 1142 2110 stadiis
1169 2079 1275 2121 (Plin.
1299 2079 1332 2120 4,
1355 2081 1409 2113 11.
1429 2079 1538 2121 οἰός)
1563 2079 1623 2112 sed
1645 2091 1701 2124 ap.

883 2122 984 2155 Hom.
1015 2135 1134 2156 nomen
1157 2125 1230 2168 ejus
1253 2125 1406 2158 refertur
1433 2125 1476 2158 ad
1505 2124 1608 2158 maris
1631 2127 1703 2158 Ae-

875 2169 961 2223 gaei
999 2175 1130 2213 partem
1169 2172 1373 2215 contiguam.
1434 2173 1519 2226 Ap..
1558 2170 1701 2206 πλατυν

875 2212 1158 2272 Ελλήσποντον.
1196 2216 1260 2259 (ρ’,
1287 2218 1384 2260 432.)
1418 2215 1462 2253 οὗ
1488 2219 1701 2259 καθολικῶς

880 2261 973 2305 λέγει
998 2262 1162 2300 πλατύν
1194 2261 1284 2299 amo}
1309 2262 1350 2298 τό
1377 2261 1472 2298 κατὰ
1495 2262 1562 2319 τήν
1584 2266 1700 2321 Τροί-

882 2321 928 2342 αν
951 2308 1061 2351 μέρος
1086 2323 1153 2344 του
1175 2306 1461 2353 Ελληστιόντου.
1519 2307 1593 2346 οἷπὸ
1631 2313 1701 2347 τοῦ

879 2355 1015 2397 μέρους
1047 2354 1087 2390 τὸ
1128 2353 1217 2392 ὅλον
1250 2359 1434 2399 τροπικῶς
1456 2355 1568 2412 λέγει·
1603 2371 1698 2393 κατα

879 2399 947 2445 γάρ
977 2401 1125 2457 Σηστόν
1150 2403 1211 2438 και
1228 2402 1387 2458 ’Ἄβυδον
1419 2401 1465 2440 ου’
1489 2402 1630 2446 πλατύς
1659 2404 1697 2439 έ-

879 2460 957 2482 στιν
987 2446 1263 2492 Ελλήσποντος.
1321 2451 1399 2485 hinc
1440 2451 1546 2493 clamo
1552 2466 1602 2486 mv
1634 2464 1696 2497 ap-

878 2495 1028 2539 pellatur
1042 2497 1288 2541 Hellespontus
1300 2499 1380 2539 (der
1394 2499 1595 2532 ιιιιοηιΙΙίοΙιο
1609 2499 1696 2531 Hel-

877 2543 1045 2584 lesp‹nt0s
1086 2544 1271 2577 secundum
1311 2544 1493 2588 vossium)
1527 2543 1579 2583 ω’,
1612 2545 1693 2601 545

877 2588 962 2621 male
980 2590 1107 2621 salsum
1130 2591 1266 2633 quidam
1283 2589 1503 2634 interpretati
1528 2595 1609 2625 sunt
1626 2590 1692 2625 τόν

874 2632 1036 2675 πλατύν,
1063 2637 1220 2680 quamvis
1240 2649 1280 2670 eo
1304 2648 1404 2670 sensu
1425 2637 1556 2672 Herod.
1575 2639 1690 2678 2,108

875 2680 1003 2714 dixerit
1022 2681 1243 2735 πλατύτερα
1271 2682 1440 2724 πόματα,
1475 2689 1510 2717 et
1536 2684 1688 2727 Hesych.

872 2727 990 2762 πλατύ
1016 2725 1120 2770 ὕδωρ
1145 2733 1295 2773 exponat
1320 2728 1498 2773 ἁλμυρόν.
1530 2742 1562 2763 v.
1584 2730 1689 2764 Βέἰὴτ.

872 2780 907 2806 et
926 2774 1076 2818 interpp.
1100 2775 1310 2809 Herodotil.
1334 2789 1364 2810 c.
1420 2761 1484 2809 lloc
1513 2780 1623 2809 autem
1643 2776 1688 2817 K,

871 2819 928 2861 H,
957 2826 992 2854 et
1022 2822 1065 2854 de
1096 2821 1225 2855 Phrixo
1255 2826 1290 2855 et
1310 2803 1410 2858 Helle
1435 2822 1540 2863 Sel»,
1569 2821 1687 2855 schol.

870 2866 899 2899 A
921 2870 956 2899 et
977 2866 1138 2911 Apollod.
1162 2870 1203 2910 1,
1224 2870 1267 2908 9,
1290 2870 1322 2903 1.

917 2913 982 2955 87,
1009 2915 1041 2947 8.
1091 2915 1174 2949 καί
1205 2913 1325 2951 ποτέ
1358 2926 1435 2953 τις
1467 2924 1494 2947 ε.
1541 2916 1574 2946 et
1606 2912 1687 2946 olim

871 2958 998 3003 aliquis
1024 2959 1162 2994 dixerit.
1217 2960 1269 2994 ita
1310 2972 1428 2995 vocem
1469 2958 1687 3003 posteritatis

874 3005 1079 3051 praecipere
1105 3006 1195 3041 solet
1215 3011 1337 3042 vates.
1368 3008 1415 3041 cf.
1441 3006 1505 3047 91,
1529 3006 1620 3047 300,
1641 3002 1684 3050 ζ,
