1811 3269
89 150 146 187 66

150 262 230 300 370
344 288 367 306 ‚,
370 252 442 296 Ἠὲ
473 252 585 307 μέν’,

735 143 1135 184 ΟΜΗΡΟΥ

617 251 666 306 ήέ
698 263 744 294 σε
775 253 906 304 δουρὶ
934 252 1190 307 κιχήσομαι,
1227 250 1330 293 ου’δέ
1362 250 1406 293 σέ
1438 267 1549 306 φημι

261 312 400 366 δηρὸν
430 311 534 365 ἐμῆς
565 308 651 352 ἀπὸ
680 308 824 364 χειρὸς
854 308 1030 361 άλύξειν
1061 310 1195 351 αἰπὺν
1225 306 1473 361 ὄλεθρον“

329 371 391 418 ῗΗ
416 377 495 430 ῥα,
528 378 602 418 καὶ
633 376 765 434 ἔγχος
786 376 979 448 ἀφῆκεν,
1010 375 1124 419 ἓκων
1155 374 1197 419 δ’
1231 374 1453 444 ἡμάρτανε
1483 376 1640 431 φωτός,

263 434 479 485 δεξιτερόν
510 432 555 474 δ’
587 431 698 486 ὑπὲρ
731 435 854 488 ὠμον
883 433 1012 485 ἐΰξου
1043 432 1208 486 δουρὸς
1234 433 1390 501 ακωκὴ

262 490 308 533 έν
338 491 441 546 γαίῃ
472 489 629 560 ἐπάγη·
661 489 684 532 6
718 489 762 532 6’
793 489 873 545 α’ρ’
905 491 1026 557 ἔστη,
1056 488 1281 560 τάρβησέν
1302 505 1359 536 τε,

149 551 231 593 375
263 549 544 615 βαμβαίνων,
575 546 742 602 άραβος
772 547 817 591 δὲ
849 547 922 590 δια
938 545 1089 616 στόμα
1116 543 1281 600 γίγνετ’
1314 543 1525 596 ὀδόντων,

261 602 430 659 χλωρός
458 603 566 646 ’ὑπαὶ
598 605 753 654 δείους.

813 621 872 646 τω
906 599 948 646 δ’
985 601 1281 656 ἀσθμαίνοντε
1310 601 1503 657 κιχήτην,

262 663 421 716 χειρῶν
452 658 496 703 δ’
531 659 761 716 ἁψάσθην·
800 659 822 701 ὁ
857 659 903 702 δὲ
934 659 1158 714 δακρύσας
1194 659 1297 708 ἔπος
1327 659 1462 713 ηὔδα·

345 727 586 796 ,,Ζωγρεῖτ’
591 760 602 780 ,
635 726 775 781 αύταρ
807 726 918 781 ἐγών
949 726 1020 781 έιιὲ
1048 725 1260 781 λύσομαι·
1293 726 1381 769 ἔστι
1409 726 1494 782 γὰρ
1526 726 1655 770 ἔνδον

262 784 427 856 χαλκός
452 802 496 828 τε
525 785 687 840 χρυσός
717 800 784 832 τε,
815 769 1096 854 πολύκμητός
1126 800 1170 826 τε
1201 785 1390 853 σίδηρος,

152 847 234 886 380
264 845 353 884 τῶν
383 840 427 885 κ’
457 841 595 897 ὔμμιν
623 842 849 907 χαρίσαιτο
881 840 1024 895 πατήρ
1057 838 1269 894 απερείσι’
1300 839 1477 891 ἄποινα,

265 900 306 942 εί
332 914 408 942 κεν
437 898 510 955 ἐμὲ
541 898 650 951 ζωόν
679 897 916 940 πεπύθοιτ’
948 897 1016 940 ἐπὶ
1048 899 1208 953 νηυσὶν
1234 896 1458 952 Ἀχαιῶν.“

348 964 437 1008 Τὸν
469 965 512 1008 δ’
543 962 892 1020 ἀπαμειβόμενος
920 966 1122 1021 προσέφη
1152 965 1395 1021 πολύμητις
1420 963 1678 1017 Ὀδυσσεύς·

267 1021 473 1094 ,33696a,
505 1022 612 1077 μηδέ
642 1023 684 1064 τί
713 1038 781 1064 τοι
809 1021 1004 1093 θάνατος
1033 1023 1307 1092 καταθύμιος
1335 1022 1466 1065 ε’στω·

265 1078 364 1123 ἀλλ’
389 1078 488 1149 ἄγε
502 1095 578 1133 μοι
607 1079 705 1121 τόδε
736 1078 826 1122 εἰπὲ
855 1079 930 1122 καὶ
959 1078 1170 1134 ἀτρεκέως
1195 1078 1454 1130 κατάλεξον·

153 1140 235 1181 385
265 1140 326 1190 πῆ
358 1134 399 1178 6'
432 1133 575 1186 οὕτως
606 1135 674 1178 ἐπὶ
688 1139 836 1207 Ἠνῆας
842 1134 929 1179 ἀπὸ
961 1140 1148 1189 στρατοῦ
1178 1136 1322 1191 ἔρχεαι
1353 1141 1448 1186 οίος

265 1192 405 1236 νύκτα
436 1191 496 1235 δι’
530 1191 778 1260 ὀρφναίην,
811 1192 881 1236 ὅτε
910 1191 961 1235 θ’
993 1193 1175 1236 εὕδουσι
1206 1193 1363 1248 βροτοὶ
1394 1191 1541 1242 άλλοις

267 1248 295 1304 ἥ
324 1265 424 1291 τινα
455 1248 658 1304 συλήσων
687 1248 858 1292 νεκύων
887 1250 1279 1305 κατατεθνηώτωνς

268 1305 296 1362 η’
327 1303 370 1349 σ’
391 1305 561 1359 Ἐκτωρ
593 1306 804 1376 προέηκε
811 1308 1155 1350 διασκοπιᾶσθαι
1184 1306 1345 1349 ε’καστα

268 1366 377 1419 νῆας
406 1363 476 1406 ε’πι
503 1363 759 1418 γλαφυράς;
785 1362 814 1419 ἤ
844 1362 888 1407 σ’
919 1362 1059 1407 αὐτόν
1086 1363 1233 1420 θυμὸς
1263 1361 1451 1420 άνῆκε;“

319 1453 430 1487 Dolon
455 1454 536 1492 ubi,
562 1453 669 1487 vitam
694 1453 759 1486 sibi
785 1453 1013 1499 deprecatus,
1046 1467 1118 1488 cum
1145 1466 1274 1489 omnem
1301 1454 1404 1488 situm
1429 1457 1617 1487 castrorum
1641 1452 1770 1497 Troja-

238 1510 357 1534 norum
380 1499 570 1537 indicavit,
595 1505 666 1533 tum
690 1499 821 1544 locum,
848 1500 907 1534 ubi
931 1501 1097 1535 tendebat
1121 1502 1278 1543 Rhesus,
1302 1512 1364 1535 rex
1390 1501 1586 1541 Thracum,
1612 1499 1770 1545 proditor

238 1557 258 1579 a
281 1546 447 1580 Diomede
470 1546 652 1579 occiditur.

159 1619 240 1659 390

148 1740 269 1774 373—
283 1740 362 1775 383.
410 1736 566 1781 §signu
592 1737 737 1781 ενξόον.
772 1738 818 1784 β’,
839 1741 917 1774 390.

105 1782 276 1840 ἀκωκή.
310 1784 349 1826 ε’,
371 1786 425 1819 16.
442 1805 488 1810 —
511 1787 598 1830 Apa
625 1787 917 1831 βαμβαίνων.

104 1831 169 1868 δια
193 1831 332 1875 τρόμον
359 1830 429 1866 οὐκ
462 1831 674 1875 ἠρεμοῦσαν
706 1833 774 1875 τὴν
809 1832 918 1887 βάσιν

103 1878 262 1922 ποιούμί-
248 1891 340 1919 evog.
399 1874 417 1912 6
454 1878 495 1912 δὲ
529 1876 679 1919 Ἀπί,ων
715 1880 817 1923 βῆμα
846 1875 917 1922 πρό

105 1925 272 2015 βήματ)ος
295 1925 365 1968 (ita
390 1924 526 1958 Villois.
551 1924 629 1957 libri
652 1924 811 1958 soloece·
844 1924 915 1967 πρὸ

106 1973 238 2019 βῆμα)
257 1972 473 2016 προβαίνων
491 1985 523 2005 κ.
535 1970 796 2015 πορευόμενος.
811 1972 918 2016 (quae

105 2021 313 2072 sequuntur,
346 2028 467 2050 manca
500 2021 590 2050 sunt.
648 2018 714 2051 hoc
737 2017 793 2050 vel
818 2017 919 2061 quid-

106 2065 182 2098 dam
206 2063 315 2098 simile
339 2063 530 2097 exciderit.
556 2060 580 2107 ἢ
600 2062 822 2117 συγκρούων
833 2075 921 2120 τρυς

109 2109 274 2150 ὀδόντας.
323 2110 374 2143 E:
398 2108 438 2144 τὸ
469 2107 508 2143 δε
531 2110 768 2167 βαμβαίνειν,
802 2105 822 2144 ὅ
846 2108 920 2144 ἐστι

109 2154 326 2211 συγκρούειν
346 2168 436 2196 τους
456 2153 638 2197 ὀδόντας,
663 2155 738 2192 άπό
761 2156 828 2190 τοῦ
854 2169 918 2190 κα-

109 2203 155 2238 τὰ
186 2201 306 2246 στόμα
336 2200 468 2246 ψόφου
501 2203 594 2238 κατὰ
620 2216 710 2244 τους
738 2201 922 2243 παλαιούς

110 2248 379 2307 ἐσχημάτισται.
435 2248 592 2283 similiter
625 2250 726 2283 Sch.:
767 2248 920 2292 τρέμων.

112 2294 388 2340 ὀνοματοποιΐα
408 2290 427 2328 6
448 2293 598 2336 τρόπος.
648 2292 672 2339 ἢ
694 2293 822 2339 ἀσαφῆ
844 2308 922 2351 φω-

111 2342 180 2388 νὴν
199 2342 416 2386 προιέμενος
446 2339 518 2374 απὸ
548 2343 617 2376 τοῦ
636 2341 772 2397 φόβου.
783 2343 801 2386 )
846 2341 921 2377 ἀπὸ

112 2390 182 2424 τοῦ
210 2387 407 2445 γινομένου
437 2385 571 2430 ψόφου
601 2388 684 2429 περὶ
715 2386 757 2423 τὸ
790 2387 920 2432 στόμα.

113 2438 187 2470 τῶν
208 2433 247 2469 δ’
265 2432 364 2477 ἅπαξ
387 2433 597 2477 εἰρημένων.
646 2435 699 2467 Ετ
725 2433 846 2468 ἰστέον
868 2433 920 2475 δε,

115 2479 172 2517 ὅτι
202 2480 242 2515 ἒν
271 2481 453 2536 ρητορικῷ
486 2494 559 2514 τινι
603 2481 730 2536 λεξικῷ
771 2481 923 2523 φέρεται

115 2529 370 2585 βαμβαλίζειν
369 2525 412 2561 τὸ
433 2526 576 2570 τρέμειν
597 2524 671 2560 υπὸ
692 2524 856 2570 ψύχους·
886 2526 924 2562 ἐν

117 2574 156 2610 δε
186 2573 316 2619 ετέρῳ,
350 2570 408 2607 ὅτι
436 2575 653 2619 βαμβαίνων
681 2572 748 2616 μὲν
777 2573 926 2618 βήματα

117 2621 284 2677 βάλλων,
325 2618 420 2653 κατὰ
460 2621 560 2665 βῆμα
602 2617 851 2662 πορευόμενος
892 2634 924 2654 κ.

118 2667 357 2707 παπταίνων,
368 2668 622 2722 βαμβαλιζων
648 2664 687 2699 δε
718 2665 831 2710 ῥιγῶν
859 2674 926 2700 etc.

118 2719 213 2747 recte
237 2713 342 2746 Sch.·
366 2707 388 2754 ἢ
411 2710 539 2756 ἀσαφῆ
557 2711 749 2756 ψφόβου.
774 2725 806 2745 v.
820 2713 926 2746 Schn.

122 2773 153 2793 v.
187 2759 417 2811 βαμβαίνειν.
463 2764 643 2792 tremorem
658 2758 807 2813 quiden]
845 2759 928 2792 den-

120 2806 201 2838 tium
227 2805 260 2838 in
294 2803 454 2849 proximis
483 2805 592 2844 dixit,
626 2803 667 2837 τό
699 2804 929 2846 πορεύεσθαι

120 2856 232 2885 autem
257 2851 420 2884 abhorret
440 2862 458 2883 a
485 2851 589 2883 verbo
610 2849 715 2893 ἔστη,
742 2862 927 2895 parumque

121 2901 218 2931 certa
238 2902 292 2929 est
313 2896 477 2940 Hesychii
498 2896 683 2940 explicatio
702 2897 845 2938 τρέμων
860 2910 927 2932 πο-

124 2944 191 2978 σίν.
241 2941 376 2976 adstitit
402 2942 511 2975 Dolon
529 2948 698 2983 tremens,
723 2944 927 2983 balbutiens,

360 1612 452 1657 Τόν
482 1612 524 1657 δ’
556 1611 746 1670 ἠμείβετ’
779 1613 926 1657 ἔπειτα
956 1613 1137 1669 Δόλων,
1167 1613 1255 1658 ὑπὸ
1290 1613 1331 1658 δ’
1363 1614 1510 1670 ἔτρεμε
1538 1618 1666 1670 γυΐα”

965 1740 1215 1785 crepitantibus
1237 1740 1409 1781 dentibus,
1432 1741 1649 1786 pallidusque
1669 1746 1771 1776 metu.

966 1789 1117 1821 Hessos:
1143 1789 1294 1820 substitit
1322 1788 1490 1820 attonitus
1515 1788 1618 1821 miser
1644 1792 1676 1822 et
1693 1791 1771 1832 for-

965 1835 1093 1866 midine
1112 1834 1268 1877 pallens,
1297 1833 1466 1866 Dentibus
1488 1834 1711 1878 increpitans,
1729 1837 1771 1868 ti-

964 1880 1090 1912 tubans
1122 1880 1233 1922 pede,
1277 1880 1421 1913 vocibus
1461 1880 1565 1913 edens
1598 1880 1774 1915 Murmura

965 1924 1129 1958 confusis.
1192 1937 1257 1958 uno
1305 1925 1410 1959 verbo
1451 1927 1631 1961 turbatum
1675 1927 1774 1971 Virg.

965 1971 1055 2004 dixit
1079 1971 1239 2005 Sinonem
1263 1972 1348 2004 Aen.
1373 1972 1416 2013 2,
1441 1973 1498 2008 67.
1517 1992 1562 1997 —
1586 1971 1775 2018 ἄραβος,

965 2011 1073 2060 ἦχος,
1109 2017 1192 2050 nihil
1233 2017 1390 2061 amplius.
1448 2029 1628 2063 perperam
1669 2021 1774 2053 Sch..

965 2067 1054 2108 ηχος
1077 2065 1151 2097 τῶν
1174 2062 1365 2105 ὀδόντων,
1398 2074 1460 2097 nec
1484 2065 1604 2099 melius
1627 2065 1692 2099 Ε
1682 2077 1775 2110 lpse-

966 2122 1033 2154 que
1057 2114 1142 2154 Ap.:
1176 2121 1251 2143 nam
1285 2110 1389 2143 semel
1422 2110 1560 2154 quidem
1590 2123 1646 2157 ap.
1672 2112 1773 2146 Hom.

969 2155 1095 2211 iegitur
1129 2152 1289 2200 ἄραβος,
1330 2156 1390 2188 sed
1434 2156 1596 2201 frequens
1635 2159 1776 2192 verbum

970 2199 1122 2256 άράβειν
1157 2202 1330 2245 significat
1362 2213 1496 2238 sonare.
1545 2204 1628 2238 Sch.
1662 2205 1706 2238 ad
1731 2203 1776 2246 δ’,

968 2248 1068 2284 504:
1095 2246 1258 2294 ἀράβησε
1282 2248 1332 2283 δέ.
1375 2245 1486 2293 ἤχησε
1509 2248 1559 2284 δέ.
1607 2250 1690 2305 quin
1710 2251 1777 2285 hoc

968 2295 1043 2348 ipso
1075 2293 1150 2328 loco
1182 2306 1249 2328 non
1283 2298 1376 2328 esset
1406 2294 1557 2329 additum
1595 2295 1775 2338 ὀδόντων,

969 2341 999 2373 si
1041 2341 1127 2373 bene
1161 2341 1305 2375 haberet
1348 2340 1491 2374 istorum
1523 2341 1777 2387 interpretatio.

968 2406 1014 2411 —-
1058 2383 1416 2430 ἀσθμαίνοντε,
1456 2388 1660 2423 anhelantes
1693 2400 1777 2444 prae

968 2432 1203 2467 festinatione.
1228 2452 1271 2458 —
1297 2433 1396 2466 sch*
1422 2431 1666 2487 ἁψάσθην.
1691 2433 1777 2470 ἐλά-

969 2481 1092 2525 βοντο.
1118 2498 1158 2504 —-
1194 2476 1422 2522 ζωγρειτ.
1458 2479 1496 2522 ζ
1521 2479 1578 2515 46.
1601 2500 1647 2506 -—
1681 2480 1777 2526 ἐμὲ

971 2537 1046 2568 me,
1083 2525 1140 2570 qui
1167 2525 1245 2558 talis
1275 2526 1359 2565 sim,
1392 2525 1448 2557 vir
1480 2527 1680 2570 opulentus,
1713 2540 1776 2574 pro

970 2584 1014 2614 με
1040 2571 1163 2604 dictum
1189 2572 1348 2605 videatur
1372 2569 1603 2614 ἔμφατικως,
1632 2585 1698 2608 non
1715 2585 1777 2619 pro

971 2615 1151 2660 ἐμαυτὸν,
1178 2618 1268 2662 quod
1294 2617 1438 2650 alienum
1462 2617 1496 2651 in
1522 2623 1665 2654 mentem
1685 2620 1779 2654 venit

974 2664 1191 2697 scholiastae
1215 2668 1254 2697 Α.
1297 2664 1340 2696 cf.
1366 2665 1453 2704 319,
1478 2665 1567 2708 381,
1595 2664 1683 2707 432,
1709 2665 1779 2700 442

973 2722 1068 2754 sequ.
1104 2729 1145 2734 —
1197 2708 1518 2765 πολυκμητος.
1565 2710 1606 2753 ζ’,
1637 2711 1695 2746 48.
1734 2731 1778 2737 -

973 2755 1111 2798 οἷπερ.
1148 2754 1337 2791 ἄποινα.
1385 2756 1430 2795 α’,
1465 2758 1520 2791 13.
1553 2777 1598 2782 —
1640 2758 1777 2791 Schola

973 2801 1350 2845 καταθύμιος.
1401 2801 1480 2845 (ρ’,
1515 2804 1609 2844 201,
1647 2804 1777 2860 Odyss.

974 2846 1017 2892 χ’,
1051 2849 1159 2892 392.)
1198 2848 1291 2882 κατά
1323 2847 1389 2892 τήν
1418 2847 1561 2892 ψυχήν,
1593 2848 1687 2884 κατὰ
1711 2847 1778 2884 τόν

972 2896 1077 2930 νοῦν.

1151 2894 1396 2929 recentioribus
1443 2895 1677 2942 καταθύμιος
1728 2902 1780 2929 est

973 2953 1018 2986 gr
1021 2946 1110 2975 atus.
