1811 3269
111 177 193 218 122

745 182 1147 226 ΟΜΗΡΟΥ

163 293 249 333 710
278 287 402 332 παῖδ’
432 286 497 332 ἔτ’
530 287 661 342 ἐόντ’,
692 288 816 335 οὔπω
844 291 961 347 μάλα
990 293 1127 338 εἰδότε
1155 294 1370 350 θούριδος
1401 295 1546 354 οέλκῆς

277 346 368 389 ἐστι
396 345 442 389 δέ
472 363 537 397 τις
567 345 798 401 Θρυόεσσα
826 349 974 402 πόλις,
1005 353 1154 394 αἰπεῖα
1182 353 1368 424 κολώνη,

276 406 414 473 τηλοῦ
443 401 512 446 ἐπ’
540 403 747 475 Ἀλφειῷ,
779 405 910 464 νεάτη
944 407 1094 452 Πύλου
1123 407 1419 464 ἠμαθόεντος·

273 460 376 532 τὴν
384 458 800 530 ἀμφεστρατόωντο,
832 465 1085 520 διαρραῖσαι
1113 471 1346 535 μεμαῶτες.

275 515 376 560 αλλ’
405 516 477 561 ὅτε
505 522 596 561 πᾶν
621 521 774 563 πεδίον
803 524 1085 575 μετεκίαθον,
1115 522 1227 578 ἄμμι
1256 523 1296 568 6'
1325 523 1489 581 Ἀθήνη

159 578 244 621 715
275 573 458 628 ἄγγελος
486 570 596 646 ἦλθε
623 576 783 620 θέουσ’
817 577 893 622 απ’
925 577 1149 634 Ὀλύμπου
1177 580 1489 651 θωρήσσεσθαι

273 648 477 702 εννυχος,
511 630 615 676 οὐδ’
644 632 833 678 ἀέκοντα
865 635 1019 678 Πύλον
1048 635 1160 680 κάτα
1189 638 1298 682 λαὸν
1329 638 1515 695 ἄγειρεν,

271 687 382 732 ἀλλὰ
411 686 514 744 μαλ’
547 690 814 760 ἐσσυμένους
843 695 1102 748 πολεμίζειν.

1161 693 1264 738 οὐδὲ
1295 712 1346 751 με
1381 696 1553 753 Νηλεὺς

268 747 339 788 ε’ία
367 746 702 802 θωρήσσεσθαι,
735 748 988 802 ἀπέκρυψεν
1019 750 1065 794 δέ
1094 768 1170 806 μοι
1198 768 1382 804 ιππους·

269 801 324 847 οὐ
353 804 436 858 γάρ
467 803 535 847 πώ
565 807 607 848 τί
637 804 686 860 μ’
715 806 798 863 ε’φη
830 808 955 861 ἴδμεν
985 808 1198 863 πολεμήια
1227 810 1345 880 ἔργα.

153 866 239 906 720
269 857 379 903 ἄλλα
408 862 481 904 καὶ
513 861 574 912 ως
604 864 784 906 ἱππεῦσι
815 864 1083 918 μετέπρεπον
1110 864 1398 921 ἡμετέροισιν,

265 918 341 961 καὶ
370 917 497 971 πεζός
526 935 605 974 περ
637 919 742 969 εων,
777 920 866 964 ἐπεὶ
897 919 957 971 ὡς
987 921 1062 977 ἄγε
1093 928 1237 974 νεῖκος
1263 923 1435 980 Ἀθήνη.

267 975 359 1017 ἔστι
391 975 438 1018 δέ
468 993 532 1027 τις
562 976 760 1032 ποταμός
790 979 1015 1034 Μινυήιος
1047 981 1105 1030 εἰς
1135 980 1219 1023 ἅλα
1248 981 1436 1037 βάλλων,

267 1030 456 1087 ἐγγύθεν
484 1031 682 1089 Ἀρήνης,
715 1033 792 1078 ὅθι
806 1037 1029 1106 μείναμεν
1057 1035 1123 1093 ήω
1155 1039 1257 1081 δῖαν

267 1090 423 1161 ἱππῆες
453 1093 657 1142 Πυλίων,
689 1107 743 1133 τα
774 1090 816 1136 6²
848 1093 1062 1148 έπέρῤεον
1090 1093 1224 1137 ἔθνεα
1251 1098 1406 1148 πεζῶν.

151 1148 235 1190 725

267 1145 397 1189 ε’νθεν
425 1149 647 1203 πανσυδίῃ
678 1148 757 1199 ξὺν
787 1149 953 1205 τεύχεσι
983 1151 1287 1206 θωρηχθέντες

268 1203 407 1246 ε’νδιοι
438 1204 639 1261 ἱκόμεσθ’
673 1206 794 1261 ἱερὸν
826 1207 937 1261 ῥόον
961 1206 1197 1264 Ἀλφειοῖο.

266 1260 379 1304 ε’νθα
409 1263 490 1304 Διὶ
519 1262 718 1315 ρέξαντες
745 1262 983 1332 ὑπερμενεῖ
1010 1265 1103 1319 ἱερὰ
1131 1264 1255 1316 καλὰ,

265 1321 435 1371 ταῦρον
466 1317 508 1362 6’
538 1317 741 1375 Ἀλφειῷ,
771 1326 941 1375 ταῦρον
972 1322 1018 1365 δὲ
1051 1321 1345 1372 Ποσειδαωνι,

265 1373 409 1430 αὐταρ
437 1373 645 1434 Ἀθηναίη
675 1378 948 1433 γλαυκώπιδι
977 1382 1091 1436 βοῦν
1124 1379 1346 1437 ἀγελαίην,

92 1461 256 1521 αυτούς,
286 1479 320 1501 κ.
347 1463 468 1507 ον’τως
493 1465 683 1513 ἐπόρθησε
706 1468 775 1515 τήν
793 1466 911 1506 'Ham

91 1509 115 1555 ἡ
141 1512 288 1557 ἱστορία
311 1513 417 1559 παρὰ
445 1515 642 1561 Φερεκυδῃ.
692 1517 866 1561 .,Ο)01ἰοἰ,
891 1530 910 1552 e

91 1559 216 1602 quibus
243 1562 279 1594 et
298 1559 522 1605 Pherecydes
538 1573 600 1596 sua
622 1565 751 1604 hausit,
777 1570 812 1597 et
830 1565 911 1598 Pin-

89 1605 198 1639 darus
229 1606 288 1641 Ol.
314 1608 377 1649 10,
401 1608 448 1643 32
469 1619 581 1654 seqq„
607 1610 703 1653 cujus
724 1622 758 1643 v.
779 1610 909 1652 schol„

88 1651 133 1685 ab
173 1652 325 1687 Homero
360 1632 604 1698 discreparunt
637 1657 673 1689 in
710 1668 771 1695 e0‚
817 1636 909 1701 quod

88 1709 209 1732 caesos
234 1704 307 1732 tum
331 1700 375 1733 ab
402 1700 556 1735 Hercule
580 1702 738 1735 tradidei
743 1708 804 1735 unt
828 1704 908 1737 Mo-

87 1743 217 1785 liones,
250 1757 324 1779 cum
357 1746 457 1780 Hom.
487 1759 546 1780 eos
570 1749 715 1782 Herculi
739 1751 908 1794 supeisti-

87 1795 143 1824 tes
176 1770 415 1826 adolescentes
447 1792 585 1837 (παῖδ’
622 1791 679 1829 ἔτ’
713 1792 837 1838 ἐόντε)
873 1801 910 1830 et

87 1836 235 1871 Nestori
271 1839 434 1883 aequales
470 1839 584 1882 (708,
608 1841 700 1882 749,
727 1840 782 1884 ψ’,
807 1843 908 1885 638.)

87 1883 198 1917 fuisse
224 1890 356 1918 narret.
405 1897 521 1920 eorum
555 1887 619 1920 filii
644 1888 908 1932 Amphimachus

88 1933 126 1963 et
149 1930 323 1975 Thalpius
354 1931 495 1965 fuerunt
527 1933 619 1967 inter
652 1934 757 1968 duces
791 1935 909 1968 Grae-

87 1988 217 2013 corum.
251 1989 285 2012 v.
311 1975 358 2023 β,
383 1978 491 2013 62Ο.“
517 1979 573 2013 Ex
592 1980 638 2016 H.

133 2024 223 2064 711,
248 2026 281 2058 2.
334 2024 584 2066 Θρυόεσσα
617 2026 706 2060 idern
742 2027 907 2073 oppidum

87 2074 162 2110 est,
187 2070 280 2113 quod
312 2071 438 2112 Θρύον
461 2078 564 2106 vocat
587 2073 634 2117 β’,
661 2075 768 2115 592.,
804 2074 906 2108 situm

85 2115 122 2149 in
147 2116 274 2149 finibus
298 2117 472 2162 Pyliorum
499 2126 535 2152 et
559 2119 744 2161 Eleorum,
773 2120 815 2154 ad
844 2121 902 2153 Al-

87 2163 211 2207 pheum
236 2163 394 2205 fiuvium3
420 2176 518 2209 quem
543 2178 619 2199 cum
640 2167 814 2211 Pyliorum
835 2173 905 2200 ter—

86 2220 159 2242 ram
186 2209 360 2253 perfluere
385 2210 470 2244 dicit
495 2210 532 2251 ε’,
559 2211 660 2255 545,
692 2225 759 2246 ιιοιι
791 2213 905 2258 loqui-

86 2260 144 2288 tur
169 2256 378 2300 pugnantia,
404 2257 572 2300 siquidem
597 2259 676 2293 fieri
702 2260 835 2304 potuit,
869 2263 906 2293 ut

85 2302 175 2335 idem
200 2302 329 2335 fluvius
353 2303 419 2336 alio
438 2304 512 2337 loco
531 2310 722 2347 extremaS,
748 2307 815 2340 alio
842 2318 904 2339 au-

85 2352 154 2381 tem
173 2348 370 2390 interiores,
391 2349 481 2383 illius
501 2351 653 2394 regionis
666 2358 784 2396 partes
797 2352 903 2386 attin-

84 2401 208 2438 geret,
244 2399 281 2429 ut
305 2395 336 2428 K
361 2401 397 2429 et
423 2396 457 2429 H
490 2396 821 2432 animadverterunt
857 2418 901 2424 ——

84 2440 250 2477 Πύλον
277 2439 350 2485 ἠμ.
385 2439 432 2488 β’,
456 2444 513 2477 77.

129 2488 256 2523 713-
268 2489 349 2523 721.
400 2487 692 2534 διαρῤαῖσαι
715 2503 822 2534 μεμ.
856 2489 902 2547 β’,

82 2533 166 2571 473.
192 2535 363 2568 —Sch.:
388 2537 698 2578 μετεκίαθον.
734 2536 901 2581 διεληλύ-

81 2583 242 2624 θεισαν,
274 2581 532 2625 παρεγένοντο.
568 2583 697 2623 (aliter
721 2585 780 2619 52.
812 2585 902 2618 dixit

83 2626 220 2672 ἱππῆες
245 2628 284 2662 δ’
315 2626 440 2673 ὀλίγον
463 2630 701 2685 μετεκίαθον.
727 2631 900 2674 Hes-you:

82 2687 202 2718 μετεκ.
226 2674 466 2718 μετήρχοντο,
489 2674 745 2734 περιήρχοντο,
770 2679 902 2721 μετῆλ-

81 2725 183 2764 θον,
209 2720 429 2764 ἐπεδίωξαν.
452 2743 498 2747 -
524 2721 642 2767 ἄμμι
665 2721 702 2758 6'
721 2728 789 2759 etc.
815 2736 898 2781 apo-

81 2768 188 2802 dosis.
213 2789 260 2794 —
285 2769 446 2811 ἰδμεν,
471 2770 569 2809 scire,
595 2770 732 2804 callere.
761 2771 831 2804 od.
846 2769 899 2811 θ’,

84 2814 184 2850 146.:
218 2814 313 2851 εόικε
345 2813 387 2850 δέ
419 2813 458 2850 σ’
493 2816 600 2860 ἴδμεν
631 2815 804 2856 ἀέθλους.
852 2817 897 2850 cf.

82 2861 130 2895 ib.
155 2863 234 2898 2.13
260 2861 409 2906 ἴδμεναι
432 2862 566 2896 dixitv'
571 2865 675 2906 273.
701 2868 736 2897 et
753 2863 807 2896 bis
825 2868 899 2897 ter-

83 2919 126 2942 ve
150 2907 186 2941 in
212 2908 384 2953 Odyssea.
422 2933 445 2950 ‚,
436 2909 557 2949 ,noluit
582 2909 717 2943 Neleus
743 2921 898 2954 pugnare

84 2953 274 2989 Nestorem
308 2966 469 3013 puerum
488 2967 589 2990 curru
626 2955 719 2990 inter
759 2968 897 3000 proma-

84 3001 180 3033 chos.
196 3002 277 3035 H.
301 3000 663 3056 -μετέπρεπον,
689 2999 737 3048 β,
749 3004 830 3037 579.
852 3022 897 3027 -

84 3044 188 3083 ἐπεὶ
213 3045 441 3094 -Ἀθήνη,
472 3049 632 3093 quoniam
659 3049 707 3083 sic
737 3050 897 3083 Minerva

956 1471 1070 1504 rimam
1094 1482 1156 1505 seu
1181 1470 1348 1518 proelium
1372 1467 1606 1515 gubernavit,
1635 1470 1674 1501 ut
1695 1465 1771 1501 aliis

957 1518 1172 1552 excellerem.

1003 1565 1083 1599 722
1126 1565 1246 1598 laudat
1257 1564 1392 1597 huncet
1408 1573 1503 1607 sequ.
1524 1560 1771 1595 versumStra-

956 1610 1000 1644 bo
1026 1613 1058 1646 8.
1084 1622 1115 1654 p.
1140 1612 1210 1647 533
1231 1613 1281 1651 A,
1310 1621 1377 1654 quo
1402 1609 1476 1643 loco
1501 1608 1545 1642 de
1573 1619 1670 1642 amne
1700 1607 1770 1640 Mi-

955 1668 1019 1700 uye
1022 1668 1041 1689 ο
1066 1658 1164 1701 agit,
1200 1668 1299 1702 quem
1325 1655 1432 1689 hibet
1464 1666 1525 1699 pro
1551 1654 1701 1707 Anigro,
1735 1658 1772 1687 et

956 1703 1000 1736 de
1025 1705 1160 1745 Arene,
1194 1703 1280 1736 urbe
1316 1701 1408 1735 circa
1438 1700 1607 1734 Samicum
1640 1699 1707 1733 sita
1732 1698 1770 1732 in

955 1749 1060 1793 plaga
1092 1749 1250 1784 littorali.
1299 1746 1474 1781 consentit
1497 1759 1571 1780 cum
1599 1759 1639 1780 eo
1663 1747 1769 1780 Paus.

953 1796 1123 1836 5,.6,2
1162 1793 1279 1840 οἳ.’,β
1306 1796 1385 1830 591.
1417 1793 1538 1826 ExH.

1002 1843 1218 1877 723-726.
1267 1841 1356 1874 dixit
1387 1842 1586 1884 μείναμεν,
1621 1838 1702 1883 quia
1734 1843 1770 1873 et

954 1886 1049 1931 ipse,
1076 1888 1232 1932 quamvis
1258 1888 1382 1932 pedes
1419 1886 1485 1920 fuit
1518 1887 1610 1920 inter
1634 1885 1769 1928 equites

956 1934 1145 1977 Pyliorum.
1180 1954 1224 1960 -
1269 1931 1505 1978 ἕπε’ῤῥεον
1542 1932 1635 1966 Mori
1668 1932 1768 1972 liber,

954 1980 1122 2023 Barocc.,
1150 1981 1204 2014 W.
1232 1982 1357 2025 vulgo:
1384 1979 1566 2024 ἐπέρῤεεν.
1616 1977 1768 2022 ἐπὲῤ-

954 2025 1352 2071 ρεον,ε’πήρχοντο.
1405 2025 1766 2083 ,,801ιοΙ.Αι,ἰεῐορ1ι.

954 2074 1038 2106 Ach.
1051 2075 1128 2108 26.
1155 2072 1295 2119 α’θρόοι
1312 2073 1589 2118 καταρρέοντες.
1614 2071 1768 2115 ἀθρόως

952 2118 1209 2175 επερχόμενοι,
1242 2122 1332 2168 quod
1365 2120 1551 2167 exscripsit
1581 2118 1710 2152 Suidas
1733 2129 1768 2153 v.

953 2163 1112 2209 ἄθροιμ
1137 2168 1183 2201 Η.
1233 2170 1277 2203 cf
1314 2167 1359 2214 β,
1383 2169 1465 2203 465.
1502 2186 1548 2190 —
1591 2164 1767 2200 ἔνδιοι.

951 2215 1206 2259 μεσημβρινοί.
1245 2216 1374 2249 Strabo
1399 2216 1432 2249 8.
1466 2211 1595 2258 p.540
1620 2212 1671 2255 C,
1707 2211 1767 2246 ubi

951 2262 1043 2293 hunc
1076 2262 1187 2294 locum
1221 2267 1369 2296 tractat.
1407 2259 1538 2296 ε’νδιοι.
1574 2260 1690 2294 τοῦτο
1723 2257 1766 2294 δέ

951 2305 1026 2341 ἐστι
1051 2320 1147 2342 κατα
1172 2307 1239 2350 τὴν
1263 2308 1507 2354 μεσημβρίαν.
1549 2306 1595 2342 cf.
1621 2306 1692 2342 Od.
1717 2304 1764 2348 δ’,

950 2353 1057 2395 450.,
1083 2355 1171 2399 Ap,
1197 2355 1372 2408 Hesych„
1397 2355 1441 2388 H

997 2377 1065 2435 727
1085 2419 1131 2424 -
1151 2402 1232 2436 729.
1289 2401 1366 2436 aliis
1400 2399 1468 2434 diis
1502 2398 1571 2433 alia
1604 2397 1765 2432 animalia

948 2445 1230 2489 immolabantur3
1267 2459 1334 2493 qua
1364 2448 1408 2481 de
1438 2458 1478 2480 re
1502 2458 1535 2479 V.
1563 2445 1699 2479 Potter.
1719 2444 1764 2478 ad

949 2492 1124 2538 Lycophr.
1145 2495 1214 2536 77,
1249 2494 1388 2528 Bosium
1415 2492 1554 2537 Antiqu.
1581 2502 1635 2536 gr.
1661 2492 1761 2525 brev.

949 2538 1060 2573 descr-
1087 2551 1120 2584 p.
1140 2542 1197 2575 39.
1225 2546 1292 2574 etc.
1317 2560 1363 2565 —
1396 2551 1583 2582 τανρον
1609 2534 1650 2572 δ’
1673 2536 1762 2572 Ἀλ-
1810 2548 1811 2555 ’

949 2586 1082 2631 φειῷ.
1116 2598 1240 2630 magno
1267 2587 1390 2620 Fluvio
1417 2597 1573 2630 magnum
1599 2590 1636 2619 et
1667 2585 1761 2618 forte

948 2632 1092 2672 animal,
1119 2633 1175 2666 cui
1197 2633 1325 2667 similes
1346 2633 1401 2667 vel
1423 2633 1584 2666 cornibus
1606 2630 1661 2664 vel
1687 2635 1759 2665 toto

947 2690 1093 2723 corpore
1110 2679 1225 2712 Fluvii
1251 2691 1289 2712 m·
1285 2680 1396 2722 ι]”οτο5
1416 2678 1640 2722 celebresque
1657 2677 1759 2710 effin-

946 2726 1135 2768 gebantur,
1166 2725 1264 2759 velut
1291 2726 1464 2768 Eurotas,
1502 2725 1657 2768 AsopuS,
1692 2723 1761 2756 Ce-

947 2771 1096 2815 phissus.
1129 2783 1162 2804 v.
1191 2773 1285 2805 Hirt.
1308 2771 1594 2814 Bilderbuchfzir
1614 2770 1758 2813 11.ythol

944 2819 978 2851 2.
1033 2817 1143 2852 .156.
1171 2823 1208 2852 et
1233 2820 1277 2852 ab
1302 2831 1342 2852 eo
1367 2818 1492 2852 citatus
1523 2817 1687 2851 Aelianus
1716 2815 1757 2849 V.

945 2863 990 2896 Η.
1012 2866 1055 2906 2,
1081 2865 1139 2900 33.
1251 2865 1402 2911 ,,βοῦν
1432 2861 1500 2908 οἷγ.
1548 2867 1632 2907 Ap.
1665 2874 1758 2906 αφε-

944 2908 1289 2955 τον,αόάμαστον.
1328 2908 1679 2955 Ηε5γο1ιααφετον
1700 2921 1758 2945 νε-

943 2970 1037 3001 μομε
1033 2956 1133 3002 ’νην,
1157 2969 1247 3002 quae
1269 2956 1305 2991 in
1328 2969 1439 3012 grege
1464 2957 1649 3012 pascitur,
1672 2967 1757 2990 non-

945 3003 1023 3038 dum
1044 3005 1128 3048 jugo
1150 3003 1336 3044 submissa,
1361 3001 1521 3048 οἷδμήτη.
1554 3004 1602 3038 cf.
1617 3000 1661 3043 κ’,
1676 3004 1755 3037 292.

946 3070 987 3074 -
1014 3051 1115 3095 Virg.
1131 3053 1216 3086 Aen.
1238 3051 1280 3093 3,
1299 3030 1400 3086 118:
1423 3051 1471 3085 sic
1488 3053 1594 3094 fatus
1617 3051 1754 3084 meritos
