1811 3269
587 180 1022 224 ΙΛΙΑΔΟΣ
1078 180 1132 225 H.

1611 188 1696 228 339

204 292 294 336 εἴθ’
324 290 382 343 (ὃς
411 289 623 362 ᾖβιόοιμι,
654 291 727 347 βίη
760 290 807 334 δέ
837 307 912 346 μοι
942 291 1127 346 ἔμπεδος
1155 292 1221 347 εἴη

199 355 259 420 τῷ
296 365 344 391 κε
371 346 469 418 τάχ’
480 345 697 420 ἀντήσειε
725 348 865 418 μάχης
894 308 1221 402 κορυθαίολοςη
1207 304 1391 403 Ἐκτωρ

200 405 347 475 ὑμέων
377 402 421 447 δ’
453 405 576 459 οἵπερ
608 405 729 448 ἔασιν
758 403 959 477 ἀριστῆες
991 409 1271 474 Παναχαιῶν,

89 468 170 508 160
200 460 304 505 0v'6'
337 463 382 503 οἱ
408 461 697 515 προφρονέως
726 460 893 517 μέμαθ’
912 461 1124 532 Έκτορος
1153 461 1305 505 ἀντίον
1335 460 1522 504 ἕλθεῖν“

267 517 349 568 Ὡς
378 517 564 561 νείκεσσ’
595 517 618 561 ὁ
649 519 812 574 γέρων·
845 520 889 561 οἱ
917 516 961 562 δ’
995 518 1121 561 ἐννέα
1149 519 1306 568 πάντες
1337 516 1535 564 ἀνέσταν.

200 571 316 628 ώρτο
348 575 462 618 πολυ
494 580 665 629 πρῶτος
695 577 774 634 μὲν
806 575 915 627 ἄναξ
944 573 1122 628 ἀνδρῶν
1148 573 1449 642 Ἀγαμέμνων·

196 636 258 690 τῷ
290 631 330 674 δ’
363 631 431 674 ε’πι
466 635 676 702 Τυδείδης
707 635 820 686 ώρτο
850 631 1061 686 κρατερὸς
1091 633 1336 701 Διομήδης·

197 693 311 732 τοῖσι
343 687 386 731 δ’
418 688 485 732 ἐπ’
517 691 719 741 Αἴαντες,
749 694 913 742 θοῦριν
945 689 1182 742 ἐπιειμένοι
1213 687 1369 744 άλκην·

86 748 167 791 165
196 750 309 788 τοῖσι
340 744 383 788 δ’
414 744 480 789 ε”π
510 746 756 817 Ἰδομενευς
781 747 855 789 καὶ
885 745 1039 790 ὀπάων
1062 746 1327 815 Ἰδομενῆος,

195 800 454 874 Μηριόνης,
485 801 724 854 ἀτάλαντος
747 802 960 860 Ἐνυαλίῳ
992 801 1312 872 ἀνδρειφόντῃ·

20 845 24 901 1
194 864 307 902 τοῖσι
336 858 382 902 δ’
417 859 485 902 ἐπ’
518 859 810 914 Εὐρύπυλος,
844 849 1099 915 Εὐαίμονος
1119 859 1290 930 ἀγλαὸς
1318 857 1441 910 υιός·

233 1136 250 1156 ἓ.

81 1315 161 1358 175

19 1685 189 1745 ι’έφρονω
238 1686 345 1724 ἐπεὶ
393 1689 504 1725 οὕτι
550 1690 826 1749 παρήορος,

19 1732 125 1769 ουδ’
157 1732 413 1779 ἀεσίφρων.
449 1735 521 1797 (ψ’,
546 1739 644 1781 603.)
688 1738 761 1773 ἐστι
788 1737 827 1773 δε

18 1779 80 1816 ὅτε
103 1781 166 1816 καὶ
189 1780 389 1823 πεπτωκὼς
411 1785 473 1819 καὶ
506 1786 561 1829 τῷ
588 1784 735 1828 μεγέθει
760 1786 830 1820 τοῦ

18 1826 185 1870 σώματος
201 1829 550 1874 παραιωρούμενος·
575 1844 629 1866 πο
642 1832 715 1867 λλ
701 1846 719 1867 ο
735 1846 752 1872 ς
764 1838 828 1866 etc.

18 1873 145 1907 dicitur
169 1875 270 1908 etiam
295 1875 473 1920 πάρηρος
498 1877 554 1911 vel
574 1877 740 1923 πάραρος
758 1878 830 1911 Do-

18 1921 103 1961 rice,
128 1924 163 1954 et
186 1924 363 1965 παρηριά,
385 1935 446 1967 per
470 1935 657 1968 syncopen,
684 1937 740 1970 ap.
755 1925 829 1958 He-

16 1967 110 2011 sych.
138 1973 174 2000 et
208 1969 359 2002 Theocr.
388 1970 451 2010 15,
477 1971 532 2010 8.,
568 1971 599 2003 h.
629 1984 660 2005 e.
693 1969 829 2014 μωρὸς,

15 2014 149 2056 μωρία.
175 2015 399 2048 Archilochus
419 2028 476 2060 ap.
496 2017 686 2071 Hephaest.
706 2030 735 2051 c.
752 2020 806 2052 12.
822 2029 831 2050 :

4 2061 72 2101 τίς
96 2059 163 2099 σάς
184 2060 361 2104 παρήειρε
387 2062 546 2105 φρένας,·
570 2061 613 2107 γ’,
643 2065 720 2099 108.
747 2075 828 2097 con-

16 2106 101 2140 ferri
131 2107 235 2150 jussit
269 2108 402 2141 Villois.
435 2120 512 2144 ann.
549 2111 592 2142 ad
629 2114 695 2155 Ap.
732 2110 754 2143 l.
796 2122 826 2145 c.

15 2163 149 2186 rursum
175 2153 279 2187 Sch.·
315 2153 434 2189 ἔνθα
460 2156 541 2191 καὶ
567 2155 694 2192 ἔνθα
730 2156 824 2191 κατά

0 2197 151 2239 *alchos
173 2200 233 2234 καὶ
259 2200 354 2235 κατά
374 2202 503 2256 μῆκος.
536 2203 666 2247 odyss.
687 2202 732 2247 η’,
750 2205 827 2238 86:

15 2249 135 2290 τοῖχοι
158 2243 350 2288 ἐρηρέδατ’
378 2247 474 2283 ἔνθα
493 2249 554 2283 καὶ
581 2248 688 2283 ενθα.
714 2251 761 2283 ib.
781 2247 824 2290 κ’,

14 2293 112 2328 517..
149 2291 294 2337 βόθρον
328 2292 461 2337 ὀρύξαι
493 2294 582 2331 ὅσον
615 2309 653 2331 τε
685 2294 825 2339 πυγού-

15 2350 96 2373 σιον
121 2337 216 2374 ἔνθα
238 2340 298 2375 καὶ
320 2340 427 2376 ἔ.νθα
454 2343 499 2378 K.
516 2361 562 2366 —
586 2344 663 2389 τῷ,
687 2343 823 2387 τούτῳ,

13 2385 97 2426 hoe,
122 2386 187 2419 hac
209 2399 267 2429 re,
293 2388 357 2422 hoc
381 2389 491 2422 mo‹¹o.
526 2407 568 2413 --
599 2388 763 2432 μάχης.
787 2377 823 2423 'h.

12 2443 44 2467 e.
68 2435 258 2477 μαχητοῦ,
285 2446 305 2467 a
328 2440 569 2480 consequente.
602 2437 647 2470 cf.
672 2434 822 2477 π’,,423

11 2477 138 2523 Οᾶ)85.
164 2479 211 2521 π’,
232 2479 313 2515 254.

59 2526 139 2559 160.
184 2539 358 2571 προφρ.
392 2525 612 2572 προθύμως.
636 2528 717 2561 Sch.
745 2526 823 2570 με’-

13 2570 141 2614 μάθ’
180 2574 424 2607 animadvertit
463 2575 497 2607 in
541 2576 605 2607 hoc
647 2575 755 2607 verbo
790 2574 822 2607 E

11 2618 210 2675 καινότητα
235 2619 440 2674 σχήματος,
465 2621 611 2664 figuram
635 2620 821 2654 insolitam.

14 2658 39 2707 ἦ
61 2662 150 2708 γὰρ,
183 2665 313 2711 inquit,
351 2666 446 2701 κατὰ
471 2667 512 2702 τὸ
547 2667 683 2702 εἀσιν
709 2664 822 2710 ὤφει-

16 2712 75 2744 λεν
105 2710 199 2745 εἶναι
231 2713 293 2747 καὶ
317 2710 358 2748 vd
384 2712 623 2770 μεμάασιν
648 2713 686 2748 ἐν
707 2715 819 2769 τρίτῳ

14 2754 198 2802 προσώπω
219 2761 476 2812 πληθυντικῷ,
505 2756 528 2804 ἢ
553 2758 647 2796 κατὰ
672 2773 714 2794 το
741 2760 821 2803 με’-

13 2814 134 2853 ματ-ε
176 2802 347 2863 δεύτερον
379 2807 632 2863 πληθυντικὸν
666 2805 821 2850 ὤφειλεν

16 2847 111 2885 εἶναι
129 2849 192 2884 ,ιαι
208 2864 248 2885 το
275 2853 328 2887 οῖ’
345 2852 446 2889 ἐστε
471 2851 695 2911 ἀριστεῖς.
719 2853 821 2897 ἐσχη-

13 2896 143 2939 μάτισε
169 2894 209 2931 δὲ
233 2895 350 2940 οὕτως
371 2898 390 2936 ὁ
415 2900 531 2945 γέρων
551 2899 596 2936 οὐ
616 2899 738 2956 μόνον
757 2899 821 2934 διὰ

13 2944 278 3001 uatvofpom'oev
319 2944 612 2991 ἐπιστρέφουσαν
649 2945 825 2990 άσφαλαῖς

14 2988 81 3024 τὸν
105 2989 294 3035 ἀκροατήν
317 2993 384 3036 (⁴3),
409 2994 500 3030 ἄλλοι
523 2995 586 3031 καὶ
611 2992 668 3030 δι’
695 3006 824 3039 ενχρη·

13 3037 118 3072 στίαν
140 3036 277 3082 μέτρον
301 3044 368 3073 etc.

196 915 252 959 ἂν
282 915 328 959 δὲ
361 914 480 967 Θόας
505 915 867 989 Ἀνδραιμονίδης
895 935 968 960 και
1001 919 1096 967 δῖος
1119 913 1385 966 Ὀδυσσεύς·

194 971 353 1023 πάντες
382 972 457 1031 ἄρ’
492 973 579 1029 οι’γ’
613 975 767 1018 ἔθελον
796 976 1041 1030 πολεμίζειν
1059 974 1240 1028 ‘'En-coph
1271 974 1364 1015 δίω.

83 1035 163 1075 170
191 1034 284 1080 τοῖς
315 1028 357 1072 δ’
394 1032 518 1081 αὐτις
549 1031 739 1086 μετέειπε
771 1031 986 1088 Γερήνιος
1017 1030 1179 1074 ἱππότα
1209 1017 1415 1098 Νέστωρ·

272 1085 462 1156 ,,Κλήρῳ
493 1091 577 1129 νῦν
605 1087 856 1157 πεπάλαχθε
888 1088 1140 1143 διαμπερὲς,
1173 1087 1222 1137 ὅς
1251 1103 1298 1130 κε
1327 1085 1531 1142 λάχῃσιν

194 1144 324 1193 οὗτος
353 1160 436 1214 γαρ
469 1142 522 1213 δὴ
544 1142 704 1214 ὀνήσει
733 1145 999 1215 ἐϋκνήμιδας
1027 1144 1239 1199 Ἀχαιοὺς,

190 1200 264 1243 καὶ
294 1199 340 1243 δ’
374 1200 507 1251 αὐτὸς
539 1200 592 1244 ὃν
621 1202 772 1258 θυμόν
806 1201 1035 1258 ὀνήσεται,
1068 1203 1115 1244 αἴ
1142 1217 1189 1244 κε
1220 1198 1419 1256 φύγῃσιν

191 1258 320 1327 δηΐου
351 1257 398 1300 ἐκ
427 1258 638 1329 πολέμοιο
670 1260 743 1302 καὶ
775 1262 900 1316 αἰνης
931 1262 1203 1327 δηϊοτῆτοςὲ(

264 1313 346 1365 Ὡς
376 1313 514 1368 ε”φαθ
520 1348 531 1367 ,
563 1317 606 1358 οἱ
636 1317 681 1360 δε
698 1321 878 1388 κλῆρον
908 1314 1184 1387 ἐσημῃναντο
1216 1313 1410 1365 ἕκαστος,

192 1386 240 1412 εν
274 1369 313 1413 δ’
345 1371 507 1425 ἔβαλον
536 1373 670 1430 κυνέῃ
698 1371 1018 1429 Ἀγαμέμνονος
1043 1371 1279 1425 Ἀτρείδαο.

190 1428 290 1470 λαοὶ,
327 1426 369 1470 δ’
400 1427 643 1484 ἠρήσαντο,
673 1435 816 1473 θεοῖσι
849 1431 894 1473 δὲ
925 1435 1070 1500 χεῖρας
1103 1427 1307 1481 άνέσχον

191 1478 274 1527 ὦδε
304 1485 351 1527 δέ
381 1503 445 1535 τις
475 1488 689 1539 εἴπεσκεν,
722 1486 831 1530 ἰδων
862 1489 920 1538 εἰς
950 1485 1149 1555 οὐρανόν
1179 1484 1338 1538 εὐρύν·

267 1545 385 1592 ,,Ζεῦ
419 1541 572 1596 πάτερ,
605 1542 633 1598 ἢ
662 1521 831 1587 κ’λῖαντα
861 1549 1028 1599 λαχεῖν,
1059 1541 1088 1598 ἢ
1123 1541 1287 1593 Τυδέος
1316 1539 1431 1594 υἱόν,

77 1601 158 1641 180
187 1595 217 1653 ἢ
250 1597 388 1642 αὐτὸν
418 1602 609 1657 βασιλῆα
639 1601 939 1657 πολυχρύσοιο
970 1598 1251 1656 Μυκήνης’“

923 1693 1002 1727 161
1050 1688 1197 1726 ἐννέα
1241 1686 1430 1727 πάντες.
1490 1689 1512 1722 9
1553 1700 1689 1723 omnes:

873 1749 950 1771 nam
984 1737 1034 1770 ita
1067 1737 1168 1770 etiam
1203 1734 1316 1768 Latini
1351 1735 1558 1778 loquuntur,
1597 1737 1630 1769 h.
1657 1748 1688 1769 e.

874 1785 910 1817 in
941 1785 1135 1817 uuiversum
1161 1783 1204 1824 9,
1242 1781 1297 1814 vel
1327 1782 1348 1815 9
1375 1781 1459 1824 ipsi,
1493 1793 1600 1825 germ.
1627 1795 1688 1816 zu-

874 1842 1028 1863 sammen
1049 1832 1082 1864 9.
1110 1841 1143 1864 v.
1172 1828 1246 1868 Cl.‚
1272 1828 1424 1871 interpp.
1447 1827 1565 1871 Vigeri
1584 1830 1618 1867 3,
1634 1833 1689 1870 10,

875 1876 907 1911 4.
935 1889 1011 1909 ann.
1040 1877 1117 1915 87.,
1150 1874 1278 1907 Matth.
1312 1875 1344 1915 ἓ.
1369 1875 1450 1909 268.
1475 1874 1509 1907 Κ
1536 1875 1688 1908 conferri

872 1923 984 1982 jussit
1000 1937 1046 1963 κ,
1070 1900 1163 1962 560,
1188 1932 1231 1961 6,
1256 1921 1348 1961 373,
1374 1921 1453 1955 470

923 1964 1244 2003 164-168.ἐπ
1282 1963 1445 2018 ἀλκήν.
1477 1963 1524 2006 α’,
1550 1965 1629 2000 149.
1642 1986 1688 1991 —

874 2016 958 2059 Ap
995 2012 1171 2049 ὀπάων.
1206 2009 1442 2046 οἷκολουθων.
1477 2011 1622 2056 εἴρηται
1646 2011 1687 2048 δὲ

873 2060 976 2103 παρὰ
1000 2074 1040 2095 το
1069 2059 1228 2095 ἔπεσθαι
1252 2057 1400 2114 (ὀπᾷν).
1432 2078 1479 2083 -—
1512 2058 1556 2091 de
1581 2071 1686 2094 versu

874 2110 952 2143 166.
995 2119 1027 2143 v.
1062 2118 1137 2140 ann.
1172 2107 1215 2139 ad
1249 2104 1294 2150 β’,
1320 2107 1418 2145 651,
1452 2104 1494 2137 de
1523 2105 1687 2148 Euripylo

873 2160 983 2188 autem
997 2160 1033 2187 et
1048 2154 1205 2185 'Ihoante
1225 2152 1334 2195 ejusd.
1354 2151 1432 2184 libri
1453 2152 1532 2186 638.
1553 2158 1587 2184 et
1604 2153 1683 2208 736.

922 2203 1036 2235 171-
1058 2201 1134 2235 173.
1176 2211 1279 2233 πεπ.
1313 2196 1544 2242 κληρώθητε
1579 2194 1598 2233 ὁ
1616 2198 1685 2243 γάρ

869 2248 1005 2290 κλῆρος
1036 2246 1165 2285 πάλος.
1213 2245 1285 2288 (cf.
1309 2243 1349 2286 ζ’,
1374 2244 1480 2288 268.)
1516 2245 1683 2288 διαμπ.

872 2291 1044 2337 ἄντικρυς
1077 2292 1140 2326 καὶ
1177 2303 1358 2335 φανερως.
1398 2291 1582 2334 (prorsus,
1616 2303 1684 2326 non

871 2340 936 2375 διὰ
960 2339 1110 2375 πάντων
1135 2351 1210 2373 των
1244 2336 1372 2379 ἐννέα,
1407 2344 1447 2371 ut
1480 2343 1598 2371 censet
1622 2338 1683 2382 E.)

869 2388 950 2421 Sch.
1005 2384 1058 2421 ὃν
1091 2382 1265 2428 θυμόν.
1316 2385 1471 2418 animum
1500 2384 1574 2417 sive
1607 2384 1683 2418 ani-

869 2445 954 2467 mam
969 2461 976 2473 ,
1002 2435 1111 2466 vitam
1128 2443 1238 2466 suam.

918 2481 994 2514 175.
1043 2479 1090 2514 οἱ
1119 2499 1156 2504 —-
1183 2477 1316 2521 ἐσημ.
1358 2484 1401 2521 >-
1423 2473 1480 2512 ὅτι
1516 2476 1683 2519 σημείοις

868 2528 1052 2571 χρῶνται,
1078 2523 1123 2560 οὕ
1148 2523 1347 2569 γράμμασι.
1372 2523 1488 2557 Schol.
1510 2524 1548 2558 Α.
1575 2524 1618 2557 cf.
1638 2523 1681 2564 E,

868 2574 951 2606 sch.
979 2578 1015 2606 et
1038 2583 1116 2606 ann.
1142 2571 1252 2614 ειάζ,
1276 2571 1354 2605 169.

916 2621 981 2655 179
1002 2639 1041 2643 -
1068 2618 1145 2654 184.
1194 2619 1370 2660 λαχεῖν.
1418 2614 1581 2660 supplent
1613 2613 1682 2655 ὃός

868 2666 925 2699 vel
956 2665 1116 2710 quiddam
1149 2664 1269 2698 simile.
1325 2667 1362 2695 tu
1395 2675 1428 2694 v.
1463 2673 1539 2694 ann.
1566 2660 1607 2693 ad
1634 2659 1679 2700 6,

867 2712 922 2747 42.
953 2731 998 2736 -
1039 2714 1137 2745 πολ.
1165 2714 1281 2745 Μυκ.
1320 2707 1365 2753 β’,
1390 2710 1469 2743 569.
1494 2726 1540 2731 —
1565 2705 1611 2740 ἐκ
1637 2703 1679 2741 δ’

868 2757 1011 2802 ἔθορε
1036 2759 1209 2801 κλῆρος
1234 2755 1419 2799 κυνέης.
1455 2753 1557 2787 etiam
1585 2752 1679 2786 hisce

865 2805 1000 2848 signum
1025 2813 1068 2849 ἓ.-
1095 2803 1256 2849 apposuit
1273 2801 1424 2835 Graecu!
1429 2812 1468 2833 us
1494 2804 1680 2843 propterea

868 2851 960 2896 quod
986 2862 1154 2884 concussa
1178 2850 1278 2894 galea
1302 2859 1378 2880 sors
1411 2846 1562 2879 exiliisse
1590 2845 1678 2878 dici-

867 2905 944 2937 tur,
969 2909 1035 2930 non
1060 2897 1160 2937 duci,
1185 2901 1223 2929 ut
1248 2894 1349 2928 moris
1370 2893 1436 2926 fuit
1454 2903 1538 2925 aevo
1557 2902 1678 2924 recen-

866 2945 969 2979 tiore.
1018 2943 1140 2976 Livius
1164 2952 1300 2987 quoque
1317 2942 1381 2980 21,
1407 2936 1485 2972 42:
1510 2942 1547 2970 ut
1566 2937 1678 2991 cujzfs-

869 3003 934 3036 que
963 3001 1036 3022 sors
1061 2988 1257 3029 exciderat,
1290 2965 1409 3019 alac'er
1435 2994 1535 3017 arma
1562 2984 1678 3026 capie-

871 3039 941 3073 bat.
967 3041 1003 3070 et
1023 3034 1123 3080 Virg.
1143 3034 1278 3077 Georg.
1289 3033 1344 3120 {2⁹
1367 3030 1458 3102 1*65..
1496 3034 1577 3063 sunt
1598 3030 1674 3074 qui-
