1811 3269
624 131 1058 172 ΙΛΙΑΔΟΣ
1126 132 1176 171 Β.

1649 131 1733 170 149

236 246 355 315 ἥρως
385 242 690 295 Πρωτεσίλαος
718 237 911 308 Ἀρήϊος
944 238 1049 284 οὐδέ
1079 256 1121 284 τι
1149 238 1248 282 λαοὶ

237 297 424 345 δεύονθ’
452 296 700 367 ἡγεμόνος,
721 296 889 341 πόθεον
920 297 966 340 δέ
996 314 1073 352 μιν
1103 295 1265 339 έσθλὸν
1295 293 1438 339 ἐόντα.

123 365 206 404 710
235 361 298 415 τῷ
327 355 369 401 δ’
401 355 490 409 ἅμα
514 353 841 425 τεσσαράκοντα
870 353 1072 409 μέλαιναι
1101 356 1203 409 νῆες
1232 352 1404 396 ἕποντο.

322 416 377 456 Οἳ
408 411 455 455 δὲ
490 410 637 465 Φερὰς
666 411 873 467 ἐνέμοντο
902 410 1041 483 παραὶ
1070 410 1288 481 Βοιβηΐδα
1317 410 1490 464 λίμνην,

236 471 423 526 Βοίβην,
454 469 528 511 καὶ
559 469 821 537 Γλαφύρας,
852 468 927 511 καὶ
954 466 1218 536 ἐϋκτιμένην
1242 464 1462 518 Ἰαωλκόν,

232 531 322 570 τῶν
350 524 454 583 ἦρχ’
483 523 723 597 Ἀδμήτοιο
744 527 873 581 φίλος
902 522 1006 575 πάϊς
1035 523 1191 566 ἕνδεκα
1223 527 1358 580 νηῶν,

218 583 465 655 Εὔμηλος,
496 581 574 625 τὸν
602 582 684 626 ὑπ’
713 581 903 639 Ἀδμήτῳ
935 581 1030 625 τέκε
1060 582 1132 623 δῖα
1161 584 1388 634 γυναικῶν

118 644 201 686 715
218 639 467 710 Ἄλκηστις,
488 641 666 710 ,Remoto
697 642 936 709 θυγατρῶν
964 635 1081 688 εἶδος
1112 637 1280 708 ἀρίστη.

322 701 376 741 Οἳ
406 695 449 740 δ’
483 695 569 751 ἄρα
597 694 832 752 Μηθώνην
861 696 936 739 καὶ
966 694 1226 749 Θαυμακίην
1256 691 1477 749 ἐνέμοντο,

229 754 304 797 καὶ
332 755 580 807 Μελίβοιαν
609 753 710 822 ἔχον
741 753 816 795 καὶ
842 751 1051 805 Ὀλιζωνα
1079 754 1294 819 τρηχεῖαν,

228 815 319 854 τῶν
351 811 397 854 δὲ
433 808 703 866 Φιλοκτήτης
732 804 886 881 ἦρ’βχεν

916 807 1056 860 τόξων
1087 809 1135 850 εὐ
1167 805 1304 858 εἰδως,

231 866 337 911 ἑπτὰ
365 871 501 910 νεῶν·
530 867 672 935 ἐρέται
704 865 743 909 δ’
777 867 824 910 ἐν
853 865 1011 936 ἑκάστῃ
1042 862 1315 920 πεντήκοντα

118 930 201 970 720
230 924 498 996 ἐμβέβασαν,
527 922 667 976 τόξων
700 918 750 967 εὖ
779 922 938 974 εἰδότες
968 927 1040 977 ι’φι
1063 921 1298 993 μάχεσθαι.

229 979 324 1024 ἀλλ’
358 980 381 1023 ὁ
413 980 493 1036 μὲν
523 980 570 1023 έν
597 979 718 1051 νήσῳ
749 985 864 1024 κεῖτο
897 976 1074 1034 κρατέρ’
1107 976 1240 1048 ἄλγεα
1269 975 1460 1032 πάσχων,

228 1037 394 1093 Λήμνῳ
425 1038 473 1080 ἐν
502 1035 694 1094 η’γαθέῃ,
726 1035 803 1080 ὅθι
832 1053 907 1108 μιν
936 1038 1066 1079 λίπον
1094 1037 1186 1085 vic-9
1215 1032 1411 1090 Ἀχαιῶν,

226 1094 342 1138 ἕλκει·
363 1095 636 1165 μοχθίζοντα
669 1098 792 1164 κακῷ
823 1093 1097 1163 ὀλοόφρονος
1124 1092 1282 1146 ὕδρου.

225 1151 323 1195 ἐνθ’
358 1150 433 1207 ὅγε
462 1149 571 1195 κεῖτ’
603 1149 764 1207 ἀχέων
795 1149 904 1208 τάχα
936 1150 984 1194 δὲ
1011 1149 1257 1206 μνήσεσθαι
1287 1147 1470 1204 ε’μελλον

56 1278 173 1312 Verbo
197 1279 253 1312 fur
273 1277 356 1312 alles
374 1277 609 1311 Bearbeiten‘
615 1279 658 1322 ‘),
683 1289 744 1312 nos
763 1278 865 1312 medii

58 1324 205 1368 ἕπομαι,
231 1335 318 1365 οιιιῐι,
339 1323 488 1357 activum
511 1326 683 1368 quomodo
700 1325 767 1358 huc
785 1337 866 1370 per-

56 1371 178 1412 tineat,
205 1371 295 1404 haud
327 1369 584 1414 intelligamus.)
633 1383 781 1417 γενεη.
820 1372 867 1417 τῇ

56 1414 196 1463 ἡλικίᾳ,
222 1418 273 1462 τῷ
297 1415 403 1460 γένει.
432 1417 515 1451 Sch.

102 1465 181 1498 708.
218 1453 332 1498 οὐδέ
357 1476 401 1496 τι
427 1481 468 1486 -·
494 1460 655 1497 ἐόντα.
680 1462 822 1496 verba'
813 1475 866 1496 ιιι-

55 1509 246 1544 tolerabilis
271 1509 371 1564 plena
403 1509 656 1564 ταυτολογίας.
689 1510 748 1543 W.

102 1557 181 1592 709.
240 1551 454 1590 δεύονθ’.
503 1553 640 1596 ἐνδεεῖς
688 1551 864 1599 νπῆρχον.

55 1599 246 1638 ἐσθλόν.
273 1599 435 1644 ἀγαθὸν,
458 1605 640 1644 γενναῖον.
665 1600 748 1634 Sch.

100 1649 222 1683 711-
238 1649 316 1683 713.
365 1652 612 1683 commentatur
637 1647 671 1680 in
696 1647 758 1681 hos
783 1659 864 1681 ver-

54 1705 113 1728 sus
137 1694 265 1728 Strabo
301 1695 337 1729 9.
369 1705 404 1738 Ρ.
430 1695 499 1728 666
524 1706 645 1737 sequ.‚
682 1705 702 1727 e
727 1705 794 1737 quo
818 1693 864 1735 Ε,

55 1744 93 1773 ut
111 1740 219 1784 solet,
241 1744 276 1774 et
294 1751 336 1773 ex
356 1740 533 1784 Stephano
554 1741 640 1793 Byz.
665 1759 710 1764 —
728 1740 864 1773 Pherae

53 1785 231 1829 (diversae
264 1798 285 1819 a
309 1786 432 1819 Pheris
463 1785 669 1826 Messeniis,
704 1799 743 1827 ε,
769 1786 863 1828 543.,

55 1831 92 1874 ι’,
121 1834 210 1875 151.,
235 1833 338 1874 293.,
365 1832 445 1876 Ody
449 1843 495 1866 ss.
519 1831 563 1875 γ’,
587 1832 690 1873 448,
715 1833 760 1874 o',
786 1835 863 1868 186.

54 1884 91 1912 et
116 1880 196 1914 296.
221 1844 445 1912 ιιιειιιοί-ειιί5.Υ
453 1878 562 1922 W.)·
553 1891 588 1912 ιιι
610 1878 765 1912 confiniis
784 1879 864 1912 Ma-

54 1925 195 1968 gnesiae
221 1929 256 1958 et
280 1924 538 1968 Pelasgiotidis,
562 1924 676 1958 clarae
705 1926 864 1969 aliquan-

54 1971 98 2004 do
123 1970 290 2016 tyrannis,
314 1971 436 2004 Iasone
460 1969 614 2015 inprimis
634 1971 803 2013 Pheraeo,
830 1975 866 2004 et

54 2017 198 2051 Admeto
222 2029 306 2061 rege
337 2016 372 2049 in
398 2016 536 2049 sabulis.
569 2017 633 2060 (cf.
661 2017 791 2060 Odyss.
816 2015 863 2060 6',

53 2065 133 2098 798.
173 2064 231 2096 W.
265 2074 296 2095 v.
334 2062 434 2095 etiam
469 2073 547 2095 ann.
585 2063 629 2096 ad
661 2064 761 2108 763.)
800 2075 863 2097 nec

52 2110 156 2154 longe
181 2108 294 2142 abfuit
317 2109 436 2148 Iolcos,
460 2107 586 2142 fabulis
612 2109 742 2150 Peliae,
768 2110 863 2143 Iaso-

52 2155 106 2188 nis
131 2160 166 2188 et
188 2154 307 2188 Acasti
333 2154 518 2190 celebrata.
565 2155 677 2189 Boebe
696 2155 795 2189 vicus
819 2155 863 2190 ad

51 2201 212 2246 paludem
243 2201 459 2234 Boebeidem.
520 2200 719 2246 Glaphyrae
762 2202 864 2247 igno-

51 2254 121 2282 tum
144 2247 220 2280 aliis
245 2258 375 2281 nomen.
398 2247 443 2281 H.

97 2295 178 2329 712.
225 2293 274 2327 ita
307 2293 450 2326 Vratisl.
481 2304 521 2334 a,
555 2294 620 2335 W,
645 2294 691 2329 H.
735 2294 860 2339 vulgo:

52 2338 268 2385 Γλαφυροὲς.
293 2350 324 2372 v.
351 2351 429 2372 ann.
455 2339 499 2372 ad
524 2338 603 2374 704.

97 2388 177 2422 713.
224 2385 312 2426 πάϊς
336 2385 501 2423 Aldinae,
536 2385 666 2427 Turn.‚
702 2385 756 2428 H,
793 2398 860 2420 non

50 2436 150 2474 παῖς,
185 2435 224 2465 ut
255 2431 368 2475 vulgo.
409 2443 499 2476 „per
532 2436 641 2465 totum
675 2432 860 2466 Homerum

51 2480 117 2513 hoc
140 2478 324 2512 tenendum
349 2481 421 2519 est,
446 2477 566 2511 melius
590 2477 726 2512 divisim
752 2479 860 2512 scribi

50 2524 152 2606 ἷξξξῖ.
159 2535 261 2604 ‘³3¹¹'
270 2537 395 2611 1335}
407 2523 607 2615 εὲξῗχέῒέἑ
625 2524 860 2624 «ιῖἓῖξῧιξέὲῖ

53 2616 95 2658 λ’,
118 2618 196 2651 225.
189 2641 210 2659 .,
236 2628 345 2662 prope
369 2616 500 2651 Pelium
524 2621 668 2650 montem
692 2616 760 2649 sita
785 2621 860 2651 erat

53 2662 97 2696 ad
120 2662 226 2697 sinum
252 2664 486 2706 Pagasaeum,
522 2663 619 2706 Miny
623 2674 717 2696 arum
743 2663 859 2696 Thes-

52 2707 230 2742 salicorum
251 2708 459 2753 metropolis.
486 2711 544 2750 W,
570 2709 617 2750 U,
642 2709 681 2741 C.
701 2708 745 2741 Ο.
766 2709 860 2743 Min-

53 2753 116 2787 ler.
142 2754 276 2787 Hellen.
300 2756 351 2788 St.
379 2757 410 2790 1.
435 2766 470 2799 p.
495 2756 563 2789 248
578 2775 613 2780 -
629 2756 708 2790 257.

99 2798 178 2836 716.
202 2799 377 2845 Μηθώνη
398 2800 619 2845 (Μεθοόνη)
645 2801 730 2834 alias
754 2812 858 2833 voca-

53 2848 110 2878 tur
133 2846 325 2892 Μεθωνηε
355 2859 390 2881 v.
414 2848 445 2881 Ε
470 2852 563 2889 etc.,
593 2848 743 2892 itemque
767 2846 857 2880 infe-

51 2890 124 2924 rius
147 2892 234 2926 763.
268 2898 390 2933 „erant
413 2893 449 2926 hi
474 2906 493 2927 e
512 2893 716 2927 Phthiorum
741 2896 856 2937 gente,

52 2936 112 2981 qui
135 2938 178 2970 ab
205 2917 343 2972 Ach'illis
366 2939 446 2973 inde
469 2939 608 2973 ditionis
633 2939 758 2973 finibus
782 2939 857 2973 loca

52 2982 138 3018 haec
161 2983 379 3019 insederant·
403 2998 437 3020 ν.
463 2984 509 3028 ν’,
525 2985 594 3022 694
615 2997 727 3031 seqq,
750 2995 857 3031 supra

912 1288 992 1312 ann.
1018 1275 1062 1310 ad
1087 1276 1166 1311 683-
1194 1294 1238 1300 —
1272 1275 1450 1309 Methones
1476 1272 1605 1306 Strabo
1629 1271 1664 1307 9.
1691 1282 1726 1316 p.

912 1325 992 1359 667.
1017 1321 1178 1363 meminit,
1206 1321 1242 1354 in
1266 1332 1328 1355 ora
1352 1318 1523 1354 maritima
1545 1318 1646 1353 sitae.
1671 1318 1727 1351 cui

912 1368 1058 1403 finitima
1083 1371 1136 1401 est
1160 1368 1354 1410 Meliboea,
1381 1377 1483 1412 quam
1505 1364 1604 1409 Virg.
1627 1364 1726 1397 nobi-

912 1415 1028 1449 litavit
1045 1415 1130 1448 Aen.
1152 1415 1187 1455 5,
1205 1414 1300 1456 251.,
1323 1413 1383 1447 ubi
1407 1424 1441 1446 v.
1467 1415 1538 1446 not.
1578 1416 1726 1455 utraque

913 1461 1128 1504 Magnesiae.
1190 1460 1443 1493 Thaumaciam
1476 1462 1511 1492 et
1548 1458 1726 1491 Olizonem

911 1507 1034 1551 Steph.
1061 1507 1147 1550 Byz.
1173 1510 1348 1539 memorat.
1399 1505 1583 1540 Methones
1616 1503 1726 1537 nomi-

912 1564 956 1585 ne
981 1553 1097 1596 plures
1123 1552 1223 1585 urbes
1248 1553 1401 1591 fuerunt,
1427 1552 1471 1584 de
1496 1562 1564 1595 qua
1583 1561 1615 1583 v.
1633 1549 1663 1582 E
1689 1553 1726 1583 et

913 1599 1188 1642 Wassenbergf‘
1215 1599 1267 1631 Ex
1287 1598 1334 1631 H.
1362 1598 1407 1630 cf.
1432 1597 1548 1630 Strab.
1568 1597 1602 1637 9,
1631 1596 1663 1630 5.
1689 1607 1724 1640 p.

912 1645 991 1679 667.
1034 1643 1251 1678 Thaumacia
1282 1643 1421 1678 videtur
1456 1653 1531 1677 esse
1562 1641 1725 1687 oppidum

918 1689 1177 1735 Θαυμακοὶ
1216 1702 1273 1734 ap.
1307 1690 1450 1723 eundem
1491 1689 1537 1723 ib.
1573 1699 1605 1732 p.
1643 1688 1724 1723 663.

917 1738 1124 1771 Meliboeam
1148 1747 1210 1781 pro
1235 1735 1444 1770 Philoctetis
1464 1734 1635 1769 domicilio
1662 1734 1723 1768 ha—

910 1784 971 1818 bet
995 1785 1028 1825 6,
1050 1787 1081 1820 1.
1107 1795 1142 1828 Ρ.
1161 1783 1240 1818 390.
1266 1781 1335 1817 sita
1359 1783 1426 1816 suit
1449 1781 1494 1816 ad
1517 1781 1626 1814 sinum
1655 1792 1723 1815 ma-

911 1830 969 1868 ris,
997 1831 1039 1864 ab
1066 1841 1107 1863 ea
1132 1829 1351 1873 appellatum.
1389 1829 1437 1862 U.

956 1878 1035 1913 718.
1083 1874 1140 1911 δέ.
1174 1873 1232 1920 δή.

957 1936 1037 1970 720
1087 1930 1183 1979 ε’μβ.
1208 1930 1484 1979 ἐμβεβήκεισαν.
1513 1931 1598 1964 Sch.

957 1992 1036 2026 721.
1085 1988 1299 2034 ἱστόρηται,
1332 1986 1392 2025 ὅτι
1427 1987 1650 2034 Φιλοκτήτης
1682 2002 1722 2024 εν

911 2036 1051 2081 Λήμνῳ
1075 2037 1274 2093 καθαίρων
1300 2036 1365 2071 τὸν
1383 2036 1523 2091 βωμὸν
1536 2037 1602 2080 τῆς
1622 2038 1721 2092 Χρυ-

911 2085 976 2140 σῆς
1008 2082 1234 2138 καλουμένης
1259 2080 1420 2127 Ἀθηνᾶς
1459 2080 1601 2140 ἐδήχθη
1644 2079 1720 2118 ’ὑπὸ

909 2128 1042 2173 ὕδρου,
1066 2130 1130 2164 καὶ
1148 2126 1290 2174 οἷνιάτῳ
1314 2130 1392 2173 (alii
1411 2130 1539 2163 Scholl.
1559 2127 1720 2187 οένιαρῷ)

909 2175 1109 2233 τραύματι
1113 2188 1321 2219 περιπεσων
1339 2178 1566 2233 κατελείφθη
1579 2174 1721 2211 αὐτόθι

909 2222 985 2259 ὑπὸ
1008 2236 1082 2258 των
1101 2220 1306 2267 Ελλήνων·
1339 2219 1494 2268 ηδεισαν
1517 2236 1606 2266 γαρ,
1631 2221 1720 2263 τούς

905 2267 1113 2315 Ηφαίστου
1136 2270 1244 2314 ἱερεῖς
1261 2268 1485 2314 θεραπεύειν
1502 2268 1592 2309 τούς
1609 2268 1719 2314 ὀφιο-

909 2316 955 2351 δ’
935 2330 1080 2361 η.κτους
1093 2317 1173 2351 Sch.
1209 2316 1309 2350 aliam
1328 2317 1495 2350 rationem
1521 2316 1719 2360 relinquen-

908 2331 955 2397 di7
976 2363 1047 2397 illic
1070 2362 1274 2396 Philoctetis
1305 2362 1411 2396 affert
1434 2363 1543 2407 Soph.
1568 2363 1717 2397 Philoct.

907 2412 965 2451 8.,
1008 2409 1169 2453 ejulatum
1202 2409 1276 2453 ejus
1313 2409 1509 2443 continuum
1545 2419 1718 2453 vocesque

906 2456 992 2489 male
1016 2455 1206 2498 ominatas,
1239 2454 1362 2500 quibus
1394 2454 1569 2489 sacrificia
1595 2456 1717 2489 turba-

906 2503 1042 2537 bantur.
1067 2501 1112 2534 U.

952 2548 1031 2583 722.
1079 2544 1168 2594 ἠγ.
1172 2545 1272 2582 πάνυ
1297 2547 1413 2593 θείᾳ,
1449 2544 1508 2582 ὅτι
1541 2546 1594 2593 ἱερ
1599 2560 1621 2581 α
1646 2547 1716 2582 τοῦ

900 2594 1110 2638 Ηφαίστου
1145 2594 1192 2638 ἠν
1220 2590 1244 2637 ἡ
1271 2594 1431 2638 Λῆμνος.
1465 2594 1548 2627 Sch.
1574 2561 1639 2627 9de
1662 2594 1716 2627 in-

906 2641 980 2674 sula
1001 2641 1128 2674 Lemno
1152 2652 1184 2673 v.
1204 2640 1331 2674 Cellar.
1354 2643 1382 2675 1.
1413 2652 1447 2686 Ρ.
1467 2641 1581 2683 1292,
1607 2640 1714 2686 Soph.

906 2687 1053 2721 Philoct.
1077 2688 1123 2729 2,
1148 2688 1230 2722 761.

949 2743 1029 2778 723.
1077 2740 1341 2784 ν’δρονδοὶι.
1367 2743 1409 2783 Β,
1436 2743 1714 2776 LetEinter-

903 2795 1084 2835 pretantur
1107 2788 1320 2834 χέρσυδρον,
1346 2789 1443 2832 cujus
1468 2801 1489 2822 a
1512 2799 1624 2822 morsu
1649 2799 1712 2832 pu-

902 2836 1091 2869 trescentia
1114 2836 1231 2869 ulcera
1256 2846 1347 2880 aqua
1371 2834 1501 2868 marina
1525 2833 1639 2868 curari
1663 2833 1713 2867 illi

903 2886 1042 2927 putant,
1066 2882 1156 2915 Plin.
1182 2886 1296 2915 autem
1327 2882 1394 2922 22,
1421 2883 1453 2915 7.
1477 2891 1619 2925 erynge.

947 2937 1027 2974 724.
1071 2953 1091 2973 τ
1103 2938 1191 2984 άχοι
1214 2958 1257 2964 -
1284 2936 1503 2979 ἄνακτος.
1529 2947 1710 2982 argumen-

902 2988 972 3020 tum
995 2986 1131 3021 sabulae
1160 2985 1387 3031 Sophocleae.
