1811 3269
76 1096 154 1132 184.
203 1107 308 1141 equos
333 1107 412 1129 suos
437 1095 634 1139 alloquitur,
661 1100 700 1129 ut
724 1095 841 1129 Achil-

28 1143 78 1176 les
102 1142 145 1184 τ’,
170 1144 249 1178 399.
275 1149 310 1176 et
335 1141 532 1175 Mezentius
552 1144 637 1175 Aen.
659 1144 714 1183 10,
739 1143 839 1177 861.
830 1165 840 1181 ,

29 1201 114 1234 quos
138 1201 244 1234 equos
268 1188 291 1223 4
316 1188 466 1222 nonnulli
498 1199 556 1232 ap.
580 1188 612 1221 E
639 1187 729 1221 haud
755 1188 842 1221 male

27 1235 222 1279 intelligere
244 1235 404 1269 videntur
420 1234 556 1278 jugales
576 1234 654 1275 duo,
679 1234 841 1268 totidem-

28 1293 96 1326 que
119 1280 354 1326 παρηόρους,
380 1292 524 1325 quorum
550 1292 610 1325 pro
637 1292 703 1314 uno
740 1280 841 1313 solito

27 1329 122 1371 (87.)
134 1329 209 1362 fieri
223 1328 333 1373 potuit
350 1332 387 1360 ut
399 1326 483 1359 duos
496 1326 625 1360 Hector
638 1326 843 1370 adjungeret

28 1373 64 1408 in
83 1375 155 1407 acri
175 1385 302 1420 pugna.
329 1374 471 1406 Sueten.
488 1372 571 1406 Tib.
586 1375 630 1408 6.:
649 1373 845 1417 dehincpu-

29 1420 164 1453 bes-cens
194 1422 332 1453 Actiaco
357 1419 531 1462 triumpho
558 1431 696 1452 currum
720 1421 845 1463 Angu-

17 1468 75 1500 ‘sti
93 1468 276 1500 comitatus
296 1471 345 1499 est
371 1466 582 1499 sinisteriore
603 1467 722 1508 funali
748 1477 845 1509 equo,

28 1525 104 1546 cum
141 1514 349 1553 Marcellus,
384 1512 552 1545 Octaviae
577 1513 700 1555 filius,
726 1513 845 1545 deste-

27 1560 118 1593 τίοι-ε
137 1561 329 1592 veheretur.
356 1558 484 1612 Οό)55
510 1558 555 1598 ν’,
582 1560 659 1592 81..
688 1557 762 1592 ω’στ
773 1555 844 1591 ’ἐν

26 1607 143 1650 πεδίῳ
168 1604 359 1649 τετράοροι
385 1601 534 1644 ἄρσενες
559 1604 679 1645 ἵπποι,
705 1617 774 1648 quo
792 1604 842 1637 lo-

29 1664 68 1685 co
94 1659 266 1686 certamen
307 1651 447 1692 curule,
482 1662 548 1684 non
583 1662 749 1695 pugnam,
786 1650 843 1694 agi

28 1697 147 1732 dicunt
170 1703 257 1732 vett.
289 1699 335 1732 cf.
361 1697 476 1732 Feith.
503 1696 543 1739 4,
572 1699 636 1737 11,
662 1697 694 1731 4.

75 1746 295 1780 185-188.
345 1744 523 1777 Xanthum
561 1742 664 1776 etiam
700 1741 843 1776 Achillis

29 1802 150 1835 equum
175 1792 330 1823 novimus
356 1788 416 1833 (τ’,
437 1790 547 1832 400),
580 1789 760 1833 Podargus
778 1800 842 1822 au-

29 1844 99 1870 tem
130 1836 280 1870 Menelai
317 1840 597 1869 commemoratur
622 1835 676 1878 ψ’,
701 1836 781 1869 295.
807 1840 843 1868 et

28 1882 156 1916 ibidem
181 1879 293 1916 'Aethe
318 1881 598 1935 Agamemnonis;
630 1893 694 1914 nec
719 1882 842 1914 obscu-

28 1940 88 1963 rus
113 1934 167 1962 est
200 1931 354 1962 Auiorae
388 1928 461 1961 sive
486 1927 577 1960 Solis
601 1938 710 1971 equus
738 1927 842 1959 Lam-

0 1989 1 2005 i
25 1986 105 2019 pus,
130 1975 173 2008 de
198 1987 266 2019 quo
292 1974 323 2006 E
349 1980 384 2007 et
408 1973 750 2017 Fulgent.myt11.1‚
775 1975 844 2012 11.‚

0 2030 132 2064 quam
149 2017 366 2065 ὁμωνυμίαν
383 2020 500 2077 inepte
521 2019 744 2063 reprehendit
762 2019 842 2054 Sch.

27 2067 69 2100 B.
103 2086 150 2091 —
184 2068 287 2101 Sch.:
324 2080 428 2124 κομ.,
460 2063 693 2108 ἐπιμέλειαν,
726 2068 842 2108 θερα-

27 2114 150 2148 πείαν
225 2111 360 2148 nizot.
411 2111 588 2153 ἐκτίνετε,
631 2112 842 2147 ἀποδίδοτε.

31 2158 376 2204 (ἀποτίνετον,
410 2158 639 2202 ἕφομαρτ.
653 2184 664 2201 ,
698 2157 842 2193 σπεύ-

30 2207 183 2242 δετον.
234 2206 352 2240 duales
392 2205 645 2261 significatione
687 2204 845 2263 pluralis.

29 2264 62 2286 v.
90 2251 134 2298 γ’,
157 2254 247 2294 210,
274 2265 314 2294 ε,
337 2253 405 2287 239
431 2258 498 2286 etc.
555 2248 631 2310 ἢν,
666 2250 764 2287 καθ’
788 2250 844 2295 ἤν.

29 2299 74 2332 Η.
99 2319 146 2324 ——
169 2297 287 2343 υμῖν
312 2311 447 2343 προτ.
482 2318 528 2323 —-
564 2296 735 2342 ἠέμοί.
774 2299 845 2331 An-

30 2344 236 2380 dromachen
257 2345 352 2390 equis
372 2345 467 2390 prius
489 2357 588 2388 quam
607 2344 844 2389 sibimetipsi,

29 2393 175 2433 marito,
217 2391 325 2425 cibum
364 2391 570 2436 apposuisse
611 2392 662 2424 ait
694 2391 845 2424 Hector.

31 2437 117 2472 adeo
142 2438 235 2472 illam
261 2449 320 2472 eos
346 2437 520 2474 dilexisse.
570 2449 669 2491 quam
695 2437 846 2470 mulieris

31 2495 147 2518 curam
183 2496 258 2518 curn
294 2484 428 2517 Silviae
461 2495 517 2528 ap.
551 2484 594 2516 Vi
586 2496 652 2527 =rg.
688 2485 775 2516 Aen.
811 2483 843 2521 7

2 2570 5 2573 ,
31 2529 112 2565 487.
135 2542 232 2575 seqq.
265 2530 480 2575 comparavit
511 2530 638 2564 Eichh.
672 2547 718 2554 —-
765 2535 847 2574 post

34 2576 114 2611 188.
145 2577 230 2610 haec
253 2576 436 2638 leguntur:

91 2619 216 2665 olivd‘v
241 2639 263 2665 ’ὗ
311 2620 584 2692 ἐγκεράσασα
604 2625 742 2674 πιεῖν,
773 2620 845 2664 ὅτε

368 2678 514 2731 θυμὸς
537 2676 718 2732 ἀνώγοι,

34 2744 157 2767 versus
195 2735 264 2779 jam
300 2736 378 2770 olim
412 2738 456 2770 ab
485 2736 717 2780 Aristophane
751 2734 846 2768 aliis-

34 2791 101 2824 que
132 2780 274 2815 Criticis
306 2787 523 2827 expunctus,
561 2782 751 2825 meritoque
787 2793 845 2814 su—

35 2831 176 2879 spectus
219 2827 443 2869 Scholiastis,
497 2840 572 2862 cum
618 2833 654 2862 et
696 2827 846 2860 insolens

35 2872 81 2905 sit
104 2872 218 2905 vinum
243 2875 400 2916 praeberi
425 2875 524 2919 equis
549 2874 642 2908 sanis
674 2875 776 2917 (nam
803 2874 846 2906 de

34 2918 224 2951 macilentis
246 2920 391 2953 tradidit
415 2921 548 2954 Colum.
573 2921 616 2954 R.
643 2921 684 2954 R.
713 2922 753 2960 6,
776 2921 845 2960 30,

35 2968 74 2997 ut
97 2964 212 3000 Feith.
239 2965 372 2999 notavit
404 2979 438 3011 p.
463 2967 587 3010 491.)‚
621 2972 657 3000 et
690 2967 845 3011 ineptum

34 3020 142 3055 equos
173 3010 210 3044 id
242 3011 360 3046 bibere
393 3013 613 3047 consuevisse
643 3012 732 3053 dici,
769 3023 845 3046 cum

592 138 1027 180 ΙΛΙΑΔΟΣ
1084 138 1135 178 Θ.

1610 135 1696 177 363

268 254 352 305 ’.Ως
381 251 516 296 εἰπών
545 252 747 294 ἵπποισιν
777 247 972 293 ἐκέκλετο
1003 247 1210 304 φώνησέν
1238 261 1304 290 τε·

95 319 175 360 185
208 313 384 366 ,,,Ξανθε
413 324 481 358 τε,
510 308 584 352 καὶ
615 307 687 357 σύ,
721 305 948 378 Πόδαργε,
979 306 1053 348 καὶ
1084 307 1260 354 Αἴθων,
1292 301 1448 357 Λάμπε
1476 319 1521 347 τε
1552 305 1630 356 δῖε,

203 374 286 416 νῦν
315 383 391 423 μοι
421 366 500 421 τὴν
530 364 718 420 κομιδήν
749 363 1030 413 α’ποτίνετον,
1059 361 1116 417 ἣν
1146 362 1261 417 μάλα
1291 360 1460 417 πολλὴν

205 421 490 479 Ανδρομαχη,
522 421 723 477 θυγάτηρ
754 418 1050 476 μεγαλήτορος
1078 419 1323 470 Ἠετίωνος,

200 482 306 538 ὑμῖν
335 480 426 553 πὰρ
454 480 707 531 προτέροισι
738 479 985 546 μελίφρονα
1015 475 1162 530 πυρόν
1193 477 1353 538 έθηκεν

198 540 228 610 ἢ
257 539 368 592 ἐμοὶ
401 536 536 591 ὅσπερ
569 538 612 579 οἱ
641 535 829 589 θαλερὸς
859 532 987 583 πόσις
1018 531 1198 607 εὔχομαι
1228 532 1353 575 εἶναι.

91 604 172 644 190
204 594 300 639 ἀλλ’
332 594 649 664 εφομαρτεῖτον
679 593 752 636 καὶ
784 590 1046 642 σπεύδετον,
1080 592 1128 632 αἴ
1155 606 1202 633 κε
1232 590 1437 658 λάβωμεν

199 653 363 697 ἀσπίδα
395 650 672 706 Νεστορέην,
704 653 781 706 τῆς
811 653 897 692 νῦν
927 647 1052 697 κλέος
1084 645 1280 699 οὐρανὸν
1312 649 1407 700 ἵκει,

202 714 350 753 πᾶσαν
380 709 585 779 χρυσείην
614 707 780 762 εμεναι,
811 705 1002 755 κανόνας
1033 720 1076 747 τε
1108 722 1179 748 και
1213 702 1376 760 αὐτήν·

204 766 343 817 αὐτὰρ
377 764 453 808 απ’
488 763 646 815 ὤμοιϊν
675 761 926 817 Διομήδεος
957 761 1226 814 ἱπποδάμοιο

199 823 433 867 δαιδαλεον
461 821 671 876 θώρηκα,
702 820 781 863 τὸν
800 819 1048 875 Ἥφαιστος
1077 819 1187 874 κάμε
1218 816 1396 871 τεύχων.

90 884 169 925 195
201 883 237 923 εί
267 879 412 922 τούτω
442 895 490 922 κε
521 878 753 949 λάβοιμεν
784 877 1015 947 ἐελποίμην
1045 892 1121 919 κεν
1149 873 1348 932 Ἀχαιους

200 935 410 1007 αὐτονυχὶ
438 939 559 990 νηῶν
585 935 848 1005 ἐπιβησέμεν
879 933 1101 976 ωκειάωνέ

270 992 355 1044 ‘¹525-
386 991 518 1048 ε”φατ
549 989 802 1048 εὐχόμενος·
835 991 1041 1047 νεμέσησε
1073 989 1118 1034 δὲ
1148 989 1308 1033 πότνια
1325 987 1460 1042 1’Ήρη,

886 1095 973 1139 ipsis
1006 1094 1167 1135 libuerit,
1203 1089 1266 1127 ὅτε
1295 1091 1425 1134 θυμός
1456 1088 1608 1133 α’νῶγοι.
1657 1089 1704 1133 δ’,

888 1143 985 1177 262:
1012 1140 1078 1175 σόν
1103 1140 1143 1175 δὲ
1167 1142 1294 1174 πλεῖον
1320 1139 1435 1179 δέπας
1454 1137 1548 1172 αἰεὶ
1548 1137 1688 1194 Έστηχ’
1693 1164 1704 1180 ,

888 1185 1009 1231 ὥσπερ
1035 1185 1115 1229 ἐμοι
1141 1186 1282 1228 πιέειν,
1315 1183 1376 1221 ότε
1399 1182 1526 1229 θυμὸς
1554 1181 1705 1229 ἆνωγοι,

890 1239 924 1267 et
948 1234 1104 1268 similiter
1131 1234 1259 1277 Ody.ss
1283 1232 1336 1276 θ,
1363 1235 1418 1268 69.
1435 1245 1443 1266 :
1465 1245 1543 1275 παρ
1568 1230 1605 1266 δ’
1632 1232 1705 1266 ἐτί-

888 1283 952 1314 θει
975 1293 1133 1320 κανεον,
1164 1278 1280 1324 καλήν
1311 1291 1350 1314 τε
1381 1277 1584 1321 τράπεζαν,
1618 1277 1705 1334 Πάρ

889 1325 929 1362 δὲ
955 1327 1069 1367 δέπας
1093 1328 1225 1370 οἴνοιο,
1250 1329 1359 1367 πιεῖν,
1379 1323 1439 1361 ότε
1458 1323 1584 1370 θυμὸς
1608 1323 1706 1360 civoi-

891 1387 962 1417 γοι.
1023 1378 1209 1419 praeterea
1248 1374 1477 1416 interpolator
1489 1398 1499 1415 ,
1549 1371 1705 1426 quisquis

891 1421 978 1461 suit,
1002 1421 1070 1454 suit
1085 1426 1206 1501 8autem
1231 1418 1499 1462 insulsissimus,
1532 1419 1626 1452 infra
1649 1417 1704 1462 θ’,

891 1468 978 1508 506,
1003 1467 1059 1508 7.,
1115 1465 1228 1509 ,341.
1261 1470 1295 1499 et
1331 1466 1416 1499 alias
1448 1466 1631 1509 conjuncta
1655 1466 1706 1499 le-

891 1519 994 1563 gerat
1020 1514 1127 1547 verba
1153 1516 1274 1554 σῖτος,
1301 1512 1355 1545 cui
1380 1512 1488 1546 simile
1513 1511 1644 1553 πυρὸς,
1671 1515 1707 1546 et

891 1564 1011 1600 οἰνος,
1056 1559 1254 1592 meminerat
1283 1569 1441 1602 quoque,
1478 1564 1518 1592 ut
1554 1559 1706 1600 videtur,

888 1605 1042 1645 illorum,
1068 1617 1157 1650 quae
1181 1605 1224 1638 de
1250 1605 1408 1647 Hecuba,
1431 1585 1578 1639 Hectori
1605 1604 1708 1638 Pria-

890 1664 1011 1696 moque
1036 1652 1150 1684 vinum
1176 1651 1347 1684 offerente
1372 1658 1478 1696 atque
1513 1656 1708 1695 apportan-

889 1702 937 1739 te,
964 1700 1067 1742 poeta
1092 1697 1178 1730 dixit
1197 1696 1236 1738 ζ’,
1254 1699 1334 1732 Ξ58.
1351 1709 1452 1742 seqq.
1474 1702 1510 1731 et
1529 1698 1581 1740 ω’,
1601 1697 1708 1739 284.;

888 1744 1006 1788 itaque
1043 1745 1129 1778 haec
1163 1743 1436 1787 conglutinavit,
1480 1756 1570 1788 quae
1603 1744 1708 1778 miror

888 1790 959 1870 lfeigi
984 1790 1095 1824 adhuc
1119 1791 1155 1824 in
1179 1789 1333 1823 omnibus
1359 1790 1624 1836 exemplaribus.
1659 1791 1707 1826 cf.

937 1898 1061 1931 190-
1078 1898 1155 1931 196.
1204 1910 1339 1941 εφομ.
1374 1897 1709 1940 ἐπακολουθεῖτον,

890 1940 988 1986 ὁμοῦ
1021 1942 1234 1978 σπεύδετον.
1277 1963 1323 1968 -
1366 1945 1592 1986 κανόνας.
1639 1945 1708 1988 ῥά-

890 1991 1017 2041 βδονς,
1034 1988 1093 2029 αἶς
1110 1987 1291 2046 ἐκράτουν
1308 1990 1425 2033 (manu
1439 1992 1623 2036 tenebant)
1639 1991 1709 2033 τοὶς

891 2035 1063 2076 ασπίδας.
1113 2035 1218 2071 οὔπω
1243 2050 1312 2081 ’γαρ
1338 2035 1496 2081 ἐχρῶντο
1520 2042 1602 2078 τοῖς
1617 2037 1708 2081 πόρ-

889 2085 1013 2126 vangir,
1039 2096 1104 2123 ους
1129 2081 1246 2127 ὄχανα
1266 2083 1440 2119 ἐκάλ·ουν
1465 2083 1623 2141 ὕστεροι
1636 2099 1708 2130 γαρ

891 2132 998 2165 οίτοι
1022 2128 1282 2189 ἐπενοήθησαν
1307 2129 1382 2166 ὑπὸ
1406 2133 1554 2174 Καρῶν,
1580 2146 1631 2173 ως
1644 2134 1709 2169 και

890 2177 1086 2220 Ἀνακρεων
1110 2180 1220 2222 φησί·
1249 2178 1579 2234 Καριοεργέος
1600 2179 1707 2222 (Κα-

891 2224 1202 2268 ρικοεργέος)
1237 2222 1457 2267 ὄχοὶνοιο.
1484 2226 1546 2269 (v.
1573 2226 1706 2261 Herod.

928 2272 1066 2314 ,.171,
1092 2272 1149 2314 Κ,
1176 2272 1231 2311 H,
1254 2272 1368 2304 Feith.
1392 2271 1435 2313 4,
1462 2274 1504 2313 8,
1529 2274 1584 2315 6.,
1607 2274 1707 2317 Kop-

893 2319 936 2351 ke
960 2317 1133 2362 Kriegsw.
1159 2318 1192 2352 d.
1225 2317 1284 2351 Gr.
1312 2329 1347 2362 p.
1376 2320 1454 2353 110.
1471 2330 1568 2363 seqq.
1604 2330 1706 2352 ansas

893 2365 1049 2407 (Grzffe,
1085 2364 1336 2408 Handhaben)
1373 2364 1408 2397 in
1445 2365 1566 2409 clipeis
1599 2367 1707 2399 multa

891 2412 1098 2444 monimenta
1133 2414 1288 2444 veterum
1320 2411 1516 2445 ostendunt.
1562 2412 1706 2445 suerunt

894 2468 956 2489 eae
980 2457 1014 2489 in
1041 2457 1149 2490 medio
1176 2469 1262 2490 cavo
1287 2464 1529 2498 transversae,
1562 2463 1599 2491 et
1629 2458 1707 2502 qui-

893 2502 968 2536 dem
994 2504 1094 2537 binae
1119 2501 1180 2546 (v',
1203 2504 1283 2544 406,
1303 2504 1369 2547 7.),
1399 2504 1519 2544 altera,
1547 2504 1602 2537 cui
1624 2505 1706 2538 bra—

893 2549 1023 2590 chium,
1058 2550 1188 2592 altera,
1224 2550 1280 2583 cui
1312 2561 1431 2583 manus
1457 2550 1706 2594 adaptaretur3

892 2596 1076 2640 factaeque
1101 2597 1200 2630 modo
1226 2608 1244 2630 e
1276 2597 1379 2636 loris,
1417 2597 1514 2630 modo
1550 2608 1591 2630 ex
1626 2607 1706 2629 aere

893 2642 947 2674 vel
974 2642 1042 2676 alio
1068 2642 1202 2676 metallo
1228 2643 1459 2687 pretiosiore,
1490 2643 1705 2686 quemadmo-

893 2688 972 2720 dum
998 2689 1054 2722 hic
1072 2700 1197 2722 aureae
1216 2689 1323 2722 fuisse
1343 2689 1513 2729 dicuntur,
1530 2688 1707 2732 sicutipse

893 2734 1046 2778 clypeus.
1066 2755 1113 2759 —
1137 2748 1156 2768 τ
1170 2733 1188 2768 ὁ
1201 2748 1222 2769 ν
1236 2754 1277 2759 --
1289 2733 1367 2770 τεύ
1382 2749 1401 2777 χ
1414 2747 1441 2767 ω
1455 2748 1488 2768 ν.
1512 2734 1556 2767 de
1575 2735 1706 2768 artibus

893 2781 1100 2824 praeclaris,
1145 2793 1232 2825 quas
1265 2787 1353 2817 vett.
1392 2779 1465 2825 ‘Hm
1468 2780 1707 2815 αιστότενκτα

892 2827 1135 2870 appellabant,
1160 2839 1194 2860 v.
1218 2828 1253 2861 H
1278 2795 1465 2862 Observv‘p
1476 2829 1520 2860 ad
1546 2827 1705 2870 Apollod.

892 2883 926 2915 p.
953 2874 1009 2907 23.
1042 2873 1084 2907 de
1110 2874 1175 2906 hoc
1199 2874 1335 2918 quidem
1360 2873 1537 2908 Diomedis
1560 2874 1705 2907 thorace

892 2918 976 2951 nihil
1001 2926 1186 2963 praeterea
1200 2921 1271 2965 legi
1290 2932 1344 2964 ap.
1360 2920 1578 2963 scriptores.)
1604 2916 1704 2953 αὐτ.

892 2964 990 3010 αὐτῇ
1015 2967 1059 3011 τῇ
1083 2967 1200 3002 νυκτί.
1260 2966 1385 3012 επιβ.
1423 2965 1597 3012 ἐπιβῆναι
1621 2979 1704 3001 ποι-

891 3012 991 3056 ῆσαι.
1017 3013 1099 3047 Sch.
