1811 3269
598 137 1028 178 ΙΛΙΑΔΟΣ
1085 136 1130 176 Γ.

1623 134 1704 174 175

205 250 360 295 λάϊνον
391 249 492 291 ἔσσο
522 250 683 302 χιτῶνα
709 249 858 289 κακῶν
887 245 1001 316 ἕνεχ’
1005 279 1017 298 ,
1049 246 1160 290 ὅσσα
1189 244 1385 298 ἔοργας]ί

293 307 381 349 Τὸν
413 303 456 348 δ’
491 312 595 349 αὐτε
625 305 884 364 προσέειπεν
912 302 1191 357 Ἀλέξανδρος
1219 299 1442 372 θεοειδής·

206 363 406 415 .,Ἑκτορ,
438 361 530 405 ἐπεί
559 378 610 416 με
640 359 739 404 κατ’
771 365 902 403 αἰσαν
932 360 1169 412 ἐνείκεσας,
1201 356 1306 402 οὐδ’
1335 356 1449 412 νπὲρ
1480 352 1611 400 αἶσαν

120 426 174 465 60
206 421 309 486 (αἰεί
336 436 406 462 τοι
435 421 594 489 κραδίη
625 419 804 468 πέλεκυς
835 416 894 468 ὥς
923 416 1039 459 ἐστιν
1071 415 1256 471 οέτειρής,

206 473 299 520 ὅστ
335 474 444 520 εἶσιν
471 476 544 520 διὰ
575 474 738 530 δουρὸς
768 472 847 518 ὑπ’
879 472 1056 546 ἀνέρος,
1088 474 1136 524 ὅς
1164 472 1224 543 ῥά
1255 487 1300 515 τε
1327 470 1456 528 τέχνῃ

204 533 333 589 νήϊον
361 532 646 605 ἐκταμνῃσιν,
681 531 855 601 ὀφέλλει
885 529 931 574 δ’
966 529 1130 581 ἀνδρός
1159 528 1320 584 ἐρωήν·

205 590 264 640 ὥς
293 607 362 633 τοι
393 590 457 634 ἐνὶ
489 591 722 646 στήθεσσιν
754 588 998 644 ἀτάρβητος
1026 586 1131 637 νόος
1162 586 1314 640 ἐστὶν),

202 646 261 703 μή
292 664 369 701 μοι
401 647 510 701 δῶρ’
543 648 688 719 ἐρατοὶ
704 645 902 701 πρόφερε
931 644 1115 714 χρυσέης
1142 641 1428 699 Ἀφροδίτης]

119 710 172 750 65
205 704 330 747 οὔτοι
360 703 573 760 ἀπόβλητ’
607 704 694 748 ἐστὶ
723 707 844 747 θεων
873 701 1076 771 ἐρικυδέα
1108 702 1244 754 δῶρα,

201 760 312 806 ὅσσα
341 778 416 805 κεν
446 761 575 805 αὐτοὶ
605 764 766 813 δῶσιν,
797 759 911 803 εκών
941 758 980 802 δ’
1014 757 1098 802 οὐκ
1129 756 1183 801 ἄν
1212 773 1277 807 τις
1306 755 1463 799 ε’λοιτο.

35 875 96 909 Gr.
125 888 158 921 p.
183 875 285 919 726.)
310 877 390 911 Sch.
440 875 609 912 λάϊνον
645 875 753 912 ἕσσο
779 889 844 921 χι-

33 936 53 956 τ
67 923 126 956 (ὃν
141 936 176 962 α,
202 923 378 966 lapideam
397 930 525 956 vestem
545 925 726 963 induis-ses,
752 935 843 956 more

35 967 222 1013 priscorum
247 968 374 1002 dictum
392 977 455 1010 est,
481 981 537 1002 res
558 981 618 1013 per
637 970 759 1003 similia
782 982 844 1014 po-

33 1015 103 1048 tius
128 1025 229 1059 quam
260 1016 374 1048 verbis
409 1016 560 1060 propriis
586 1016 844 1049 declarantium.

33 1060 84 1100 is,
119 1060 177 1105 qui
202 1060 400 1105 lapidatur,
438 1062 532 1094 visus
557 1068 610 1094 est
636 1062 735 1105 quasi
761 1062 845 1096 ami-

34 1113 110 1140 ctus
135 1107 321 1150 lapidibus.
372 1114 549 1161 comparat
579 1108 610 1140 E
635 1109 844 1142 Hesiodeum

32 1150 124 1198 ἠέρα
142 1151 335 1195 ἕσσασθαι,
356 1155 386 1187 11.
408 1166 436 1187 5.
461 1152 672 1189 ἐνδύεσθαι.
709 1167 844 1188 accom-

33 1199 201 1233 modatius
217 1207 269 1233 est
282 1200 420 1233 Pindari
439 1199 646 1243 ἐφέσασθαι
663 1203 729 1246 γῆν
742 1202 843 1236 Nem.

35 1249 89 1285 11,
118 1246 174 1281 21.
218 1246 263 1279 cf.
296 1247 452 1290 Apollon.
481 1247 594 1281 Rliod.
633 1251 668 1288 1,
700 1250 779 1283 691.
808 1253 844 1282 et

33 1292 184 1347 interpp.
217 1293 386 1335 Hesychii
429 1305 461 1326 v.
487 1291 730 1328 ἐπιέσσασθαι
762 1296 843 1338 γῆν,

33 1341 210 1381 ταφῆναι.
235 1338 391 1382 Apollon.
415 1339 436 1372 l.
459 1351 489 1372 c.
513 1342 612 1375 1326.
634 1341 676 1373 de
695 1341 842 1382 Glauco,

33 1385 95 1430 qui
121 1385 157 1418 in
178 1395 269 1419 mare
292 1385 422 1418 resilit:
457 1381 500 1430 ἧ,
526 1400 587 1421 και
618 1384 710 1429 κῦμ’
741 1387 844 1421 ἀλία-

33 1444 121 1467 στον
140 1429 339 1475 ἐφέσσατο,
365 1430 488 1466 νειόθι
510 1433 648 1475 δύψας.
676 1435 727 1466 Ex
749 1434 794 1467 H.

78 1479 135 1513 59.
185 1478 295 1510 oratio
333 1478 468 1512 confusi
504 1477 706 1519 οἷσύιδετος
740 1485 775 1513 et
807 1479 843 1512 in

33 1535 102 1569 qua
119 1523 236 1564 insint,
261 1534 350 1568 quae
370 1523 444 1568 ipsa
463 1525 555 1558 inter
575 1537 612 1558 se
629 1531 842 1569 repugnant.

31 1582 108 1604 nam
142 1569 200 1615 qui
219 1571 346 1613 justum
378 1571 631 1625 castigatorem
653 1572 746 1605 dicat
772 1572 844 1605 He-

33 1621 182 1657 ctorem,
209 1615 350 1649 eundem
373 1620 487 1650 tamen
508 1618 675 1652 saevitiae
700 1618 845 1658 incusat,

31 1664 130 1697 dona·
126 1674 191 1707 que
215 1662 351 1696 deorum
370 1664 616 1698 contemnenda
634 1676 709 1698 esse
729 1670 846 1708 negat.

31 1704 477 1744 8511.;κατάἴσαν.
511 1710 605 1746 κατὰ
634 1710 677 1746 τὸ
703 1711 844 1755 προσῆ-

30 1768 111 1791 κον.
158 1755 285 1789 dictum
304 1755 369 1789 hoc
382 1762 435 1790 est
451 1757 588 1798 fortius,
609 1762 736 1802 negato
761 1768 843 1790 con-

32 1801 153 1837 trario.
202 1801 311 1835 simile
336 1802 470 1836 notavit
492 1803 549 1844 H,
584 1804 686 1860 qmuod
711 1804 843 1849 legitur

33 1846 70 1891 ι’,
94 1850 175 1883 70..
167 1860 176 1868 ·
200 1846 296 1883 ἔοικέ
311 1860 391 1890 τοι,
430 1846 473 1883 οὕ
505 1862 563 1884 τοι
589 1848 725 1890 ἀεικέςι
761 1851 842 1883 item

31 1874 114 1929 iliud
145 1873 343 1950 Sophoclis
368 1895 555 1950 principio
571 1897 701 1941 Oedipi
736 1895 844 1952 Regis

33 1939 157 1986 γνωτοὶ
192 1952 284 1976 κουκ
319 1937 465 1984 ἄγνωτα
500 1954 565 1984 μοι
599 1940 841 1999 Προσηλθεθ’

34 1987 252 2031 ἱμείροντες,
277 1986 367 2031 quod
388 1987 524 2032 quidem
543 1996 578 2022 et
596 1988 652 2022 hic
677 1995 713 2024 et
736 1989 780 2022 ad
806 1987 847 2031 ζ’,

34 2034 114 2070 333.
141 2032 285 2077 protulit
308 2033 351 2066 E.

80 2079 136 2114 60.
187 2080 309 2113 durum
332 2079 536 2124 asyndeton,
561 2080 622 2113 sed
641 2079 846 2113 conveniens

34 2125 250 2179 perturbato
300 2125 408 2159 minus
443 2131 629 2160 commotus
663 2127 746 2160 haec
771 2127 846 2160 fere

36 2171 144 2206 hunc
135 2182 169 2204 111
188 2171 322 2206 modum
342 2172 505 2206 dixisset.
531 2173 676 2213 Hector,
688 2173 847 2216 quoniam

37 2229 89 2252 me
112 2218 387 2262 reprehendisti,
421 2230 534 2264 neque
560 2218 595 2252 id
619 2219 766 2262 injuste,
798 2217 848 2253 ita

35 2268 75 2298 ut
96 2264 161 2298 tibi
185 2264 459 2309 respondendum
486 2276 562 2298 esse
589 2265 723 2299 videam
751 2266 847 2309 (nam

36 2309 162 2355 injusto
186 2321 253 2345 non
276 2311 538 2356 responderem3
564 2323 755 2356 quanquam
782 2312 848 2346 etsi

37 2367 105 2390 non
129 2356 273 2400 injuste,
304 2363 418 2391 tamen
442 2369 576 2401 semper
602 2358 725 2391 acerbe
750 2358 845 2392 inve-

37 2402 130 2436 heris
154 2402 188 2436 in
213 2414 293 2446 eos,
328 2404 387 2448 qui
412 2404 651 2448 deliquerunt,
687 2416 753 2449 quo
779 2416 847 2438 non

0 2460 1 2479 2
39 2458 124 2493 opus
148 2449 272 2493 facto),
296 2461 339 2483 ne
363 2449 443 2483 milii
469 2450 612 2494 objiciis
631 2451 848 2505 donaVene-

0 3221 13 3269 ;-,,
0 3141 12 3207 μέ.
1 2750 11 3131 ..ἕψω-κ

38 2494 86 2528 tis
109 2499 175 2531 etc.
199 2515 245 2520 —
281 2496 386 2530 Sch..·
417 2492 622 2538 ἀτειρής.
657 2495 845 2532 ἀκαταπά-

39 2553 172 2598 νητος.
206 2544 297 2587 ,,Αρ.
332 2548 369 2576 et
401 2554 442 2576 ex
469 2555 508 2576 eo
534 2543 627 2588 Hes)
634 2544 707 2577 ch.:
745 2541 845 2578 ἀτει-

39 2586 117 2632 ρής·
151 2585 172 2623 6
194 2586 351 2632 στερεὸς,
376 2590 434 2624 καὶ
457 2602 630 2632 ατρωτος
655 2603 716 2624 και
737 2589 846 2625 ἀνέν-

40 2634 160 2676 δοτος,
183 2634 244 2671 καὶ
265 2633 559 2692 οἷκαταπόνητος.
607 2636 706 2670 addit
728 2637 844 2682 Etym-

41 2679 214 2736 σκληρὸς,
251 2687 288 2716 et
311 2681 455 2726 ἀτειρέα
482 2681 617 2727 χαλκὸν
647 2681 707 2726 (τ,
733 2684 813 2718 233.
816 2684 846 2727 ),

42 2724 151 2770 φύσει
180 2725 401 2772 δύστρωτον.
449 2728 636 2774 opponitur
662 2727 847 2769 ἁπαλός.“

41 2774 96 2807 Ex
120 2773 168 2806 H.
215 2775 363 2819 porrigit
382 2787 448 2811 vox
465 2776 618 2814 πέλεκυς
642 2781 847 2820 postremam

40 2823 187 2866 propter
211 2831 382 2855 caesuram
414 2827 450 2856 et
473 2820 522 2863 ὣς
544 2833 705 2866 sequens.
740 2822 786 2856 cf.
812 2823 844 2856 2.

85 2866 142 2901 61.
192 2861 267 2901 νπ’
297 2865 361 2902 ἄν.
385 2868 466 2904 sch.
493 2868 638 2924 supplet
678 2880 845 2908 καταφε-

39 2911 213 2955 ρόμενοςι
237 2912 298 2946 55(1
315 2911 448 2950 ἰέναι“
427 2913 502 2950 υπό
524 2927 626 2955 τινος
642 2915 727 2948 nihil
752 2914 844 2948 aliud

38 2963 92 2993 est
114 2970 214 3004 quam
238 2959 300 3000 ire,
323 2960 357 2994 11.
374 2973 405 2997 5.
429 2962 516 3008 agi,
538 2973 603 3006 per
619 2962 782 3006 aliquem.
805 2972 842 2996 v.

37 2971 164 3042 Matth.
195 3007 228 3048 ἕ.
248 3005 328 3041 592.

936 875 992 909 62.
1040 871 1194 931 νήὶον.
1221 871 1333 914 ξύλον
1354 869 1459 914 πρὸς
1460 868 1564 924 νηῶν
1588 882 1703 903 κατα-

892 919 1026 964 σκευὴν
1044 918 1265 962 ἐπιτήδειον.
1311 917 1397 975 ἔξιτ’.
1419 916 1597 952 ἐκκόπτει.
1615 917 1705 972 (ma-

891 967 947 1000 11111
968 967 1155 1022 uacans)
1205 965 1280 1010 ὀφ.
1305 961 1343 1000 6
1371 962 1406 999 οΞ.
1434 960 1494 1007 ε’ρ.
1528 961 1634 1006 αὔξει
1664 959 1705 996 δὲ

891 1015 959 1048 τοῦ
989 1010 1127 1059 ἀνδρὸς
1158 1012 1322 1055 δύταμιν
1357 1008 1376 1046 ὁ
1410 1010 1580 1050 πέλεκυς,
1618 1007 1706 1050 οξύς

890 1058 1068 1104 ὑπάρχων
1086 1060 1147 1094 καὶ
1176 1058 1414 1102 διερχόμενος
1437 1070 1509 1092 ετο
1515 1068 1610 1099 μως,
1636 1052 1707 1089 ω’σ-

890 1119 958 1150 περ
996 1105 1016 1142 6
1049 1104 1191 1157 αμβλύς
1220 1103 1444 1140 τούιαντίον
1473 1107 1583 1137 ποιεῖ.
1624 1102 1706 1135 Sch.

891 1166 1023 1189 εισιν
1060 1173 1099 1177 —
1139 1153 1446 1197 ἐκτάμνῃσιν
1479 1168 1525 1174 -
1561 1147 1709 1191 σφέλ-

891 1203 973 1234 λει.
1023 1201 1068 1232 W
1073 1211 1137 1233 enn
1168 1199 1229 1232 der
1254 1198 1401 1232 relative
1427 1198 1512 1230 Satz
1537 1196 1615 1228 eiue
1639 1194 1707 1228 Be-

889 1247 1120 1280 schaffenheit
1145 1245 1322 1286 andeutet‚
1348 1256 1385 1278 so
1411 1244 1507 1276 steht
1532 1241 1593 1275 der
1610 1240 1707 1274 Indi-

891 1293 1006 1333 cativ3
1032 1292 1094 1325 der
1110 1291 1331 1345 Conjuncfflv,
1356 1301 1458 1324 ἐκ-51111
1484 1299 1523 1321 er
1549 1288 1625 1321 eine
1638 1288 1708 1321 Be-

892 1338 1102 1382 gebenheit,
1134 1338 1235 1371 sumit
1274 1337 1374 1370 einen
1406 1339 1588 1378 gesetzten
1623 1335 1708 1367 oder

892 1395 1179 1428 angenommenen
1216 1383 1314 1422 Fall,
1353 1381 1497 1415 enthalt.
1553 1380 1628 1421 ,Ε,5
1660 1380 1709 1414 ist

891 1430 947 1463 die
972 1430 1165 1463 natiirliche
1186 1427 1470 1462 Beschaffenheit
1494 1427 1556 1460 des
1578 1426 1706 1467 Renes,

889 1476 924 1509 in
950 1476 1012 1509 das
1038 1477 1126 1509 Holz
1161 1487 1202 1508 zu
1227 1475 1396 1519 dringen,
1424 1472 1513 1515 εἶσι,
1549 1473 1618 1506 ι111(1
1645 1472 1708 1506 des

891 1522 1036 1555 Mannes
1071 1522 1175 1554 Kraft
1207 1532 1250 1554 zu
1277 1522 1502 1559 verstarken,
1538 1517 1707 1562 ὁφὲλλειε

891 1568 1010 1602 beides
1034 1567 1228 1624 geschieht‚
1252 1578 1352 1600 1151111
1369 1579 1408 1600 er
1432 1577 1469 1599 es
1493 1577 1567 1599 zum
1582 1566 1708 1599 Hauen

892 1616 1094 1717 ama-ends&
1119 1611 1359 1659 ἐκτάμνῃσι.“
1384 1612 1453 1646 Τ11.
1480 1612 1545 1645 Gr.
1569 1614 1604 1656 ἓ.
1624 1612 1706 1655 346,

891 1664 925 1702 3,
1011 1672 1031 1693 a
1068 1679 1112 1685 —-
1138 1660 1184 1693 U.

937 1707 996 1742 63.
1021 1705 1084 1741 ἆτ’.
1110 1703 1406 1750 ἀκαταπτόητος,
1425 1703 1583 1750 ἄφοβος.
1605 1704 1707 1748 (con-

891 1757 947 1786 tra
981 1764 1022 1786 ac
1060 1753 1294 1797 Trtjanorum
1330 1752 1461 1786 animos
1504 1762 1580 1785 esse
1616 1750 1708 1785 dixit

890 1799 1022 1833 Hector
1044 1799 1102 1834 53.
1106 1800 1123 1843 )
1161 1799 1243 1832 Sch.

936 1846 991 1881 64.
1040 1845 1260 1890 χρυσέης.
1292 1841 1555 1899 χρυσοφόρου,
1580 1844 1706 1888 καλῆς.

891 1892 997 1935 (auio
1018 1898 1178 1926 ornatam
1198 1892 1394 1936 intelligens
1416 1892 1566 1936 scriptor
1591 1890 1707 1935 hymni

892 1940 990 1972 Hom.
1023 1938 1057 1971 in
1084 1938 1250 1971 Venerem
1284 1938 1372 1972 dixit
1396 1938 1505 1972 πολύ
1493 1948 1629 1981 χρυσον
1656 1936 1710 1972 'A-

893 1985 1098 2029 φροδίτην,
1133 1984 1414 2027 quemadmodum
1432 1982 1476 2024 κ’,
1502 1987 1569 2020 315
1595 1983 1709 2018 Dolon

892 2036 1039 2065 vocatur
1071 2029 1325 2074 πολύχρυσος,
1358 2029 1600 2086 πολύχαλκος.
1645 2029 1710 2064 sed

893 2078 951 2112 hic
975 2077 1113 2122 quidem
1140 2084 1176 2110 et
1200 2077 1328 2122 Odyss.
1355 2076 1400 2119 δ’,
1427 2081 1471 2112 14
1496 2085 1531 2111 et
1555 2089 1612 2121 ap.
1637 2076 1711 2110 Mi-

895 2135 1079 2156 mnermum
1107 2125 1149 2161 1,
1179 2126 1208 2157 1.
1241 2124 1395 2168 aliosque
1429 2127 1551 2168 poetas
1576 2122 1710 2169 χρυσέη

892 2168 1089 2214 Ἀφροδίτη
1115 2176 1169 2204 est
1191 2170 1304 2203 lenus
1325 2171 1486 2214 pulchra,
1511 2181 1580 2215 quo
1604 2181 1710 2204 sensu

896 2216 998 2250 etiam
1033 2216 1148 2250 Latini
1183 2216 1302 2249 dicunt.
1333 2229 1490 2250 auiQeam
1541 2229 1575 2250 v.
1611 2216 1709 2261 Virg.

895 2265 982 2297 Aen.
1009 2265 1071 2304 10,
1100 2264 1176 2304 16.,
1209 2263 1313 2296 Ovid.
1341 2263 1427 2297 Met.
1455 2267 1520 2304 10,
1543 2264 1612 2298 277
1638 2268 1708 2298 etc.

894 2312 981 2364 Ap.·
1019 2309 1162 2364 χρυσῆς
1183 2305 1414 2354 Ἀφροδίτης.
1464 2311 1596 2353 καλῆς,
1629 2308 1706 2345 vind

894 2358 961 2398 τῆς
1002 2369 1079 2398 παρ
1142 2351 1232 2398 ἡμῖν
1273 2356 1563 2401 θαυμαζομένης
1587 2353 1709 2412 562779.

895 2402 1000 2458 Soph.
1027 2401 1116 2436 Oed.
1136 2401 1178 2434 R.
1201 2404 1278 2437 181.
1301 2404 1344 2437 de
1364 2404 1546 2436 Minerva:
1573 2402 1601 2437 αἱ
1621 2415 1710 2447 χρυ-

896 2447 960 2483 σέα
997 2448 1163 2492 θύγατερ
1193 2448 1302 2489 Διὸς,
1339 2449 1397 2483 ubi
1432 2450 1569 2483 schol.-
1602 2460 1707 2503 χρυσ.

891 2507 965 2539 τιμ·
964 2496 1026 2537 α.)
1054 2494 1224 2530 Εσνιαία
1258 2494 1297 2530 δε
1322 2493 1345 2541 ἡ
1374 2497 1610 2541 1’γραμματική
1634 2510 1708 2542 φη-

892 2553 951 2577 σιν
969 2542 1148 2586 (Histiaea
1166 2541 1239 2576 sive
1251 2542 1432 2582 Hestiaea,
1457 2543 1584 2576 femina
1604 2543 1708 2578 docta

894 2589 1144 2622 Alexandrina.
1178 2602 1211 2622 v.
1237 2589 1355 2622 Strab.
1385 2590 1438 2624 13.
1477 2601 1510 2633 p.
1537 2588 1628 2630 894,
1660 2589 1705 2624 D.

893 2636 947 2668 Ex
972 2636 1061 2678 Η),
1096 2633 1156 2670 ὅτι
1188 2637 1320 2670 πεδίον
1357 2634 1432 2670 ἐστὶ
1454 2637 1618 2679 χρυσοῦν
1641 2649 1706 2670 κα-

892 2680 1098 2725 λούμενον,
1124 2680 1163 2716 ἕν
1189 2677 1216 2725 ᾧ
1240 2682 1381 2737 χρυσῆν
1403 2679 1623 2726 Ἀφροδίτην
1646 2694 1705 2716 τι-

892 2729 1053 2771 μᾶσθαι,
1078 2741 1142 2763 και
1166 2727 1262 2763 εἶναι
1287 2726 1407 2769 ου’τως
1425 2730 1562 2773 χρυσῆς
1577 2727 1705 2783 Ἀφρο-

893 2775 998 2819 δίτης
1023 2773 1132 2819 ἱερόν.
1180 2775 1242 2810 καὶ
1275 2775 1311 2810 οὶ
1341 2774 1408 2817 μὲν
1433 2774 1507 2810 ἀπὸ
1532 2777 1600 2818 τῆς
1626 2772 1705 2809 Πά-

893 2835 994 2866 φου,
1028 2808 1068 2857 οἱ
1097 2820 1138 2856 δὲ
1173 2821 1242 2865 τήν
1265 2821 1391 2866 καλήν.
1440 2821 1638 2878 Κλεάνθης
1662 2819 1705 2856 δὲ

890 2868 952 2903 και
977 2868 1017 2904 ἐν
1041 2867 1168 2915 Λέσβῳ
1192 2867 1291 2904 οὕτω
1323 2869 1508 2914 τιμᾶσθαι
1535 2865 1703 2912 'Amenei-

889 2928 957 2960 την
981 2916 1131 2973 χρυσῆν.
1157 2915 1238 2950 8511.

936 2963 994 3003 65,
1021 2964 1054 2998 6.
1099 2959 1171 2996 cin
1196 2961 1364 3019 αποβολη
1351 2958 1498 3003 ’ςᾶξιομ
1519 2976 1564 2985 -
1588 2956 1702 3002 ἕρικ.

888 3007 1051 3054 μεγάλα,
1085 3007 1231 3052 ἔνδοξα.
1297 3005 1432 3044 εκών
1465 3005 1703 3051 βουλόμενος.
