1811 3269
616 149 1043 191 ΙΛΙΑΔΟΣ
1096 149 1144 188 Β.

1654 147 1712 187 89

225 263 299 309 καὶ
326 261 506 334 φεύγειν
541 258 621 312 ξὺν
649 258 781 328 νηυσὶ
809 257 1069 327 πολυκλήϊσι
1106 255 1315 301 κελεύσω·

140 323 195 367 75
224 320 348 378 ὑμεῖς
377 318 419 361 δ’
452 317 641 360 ἄλλοθεν
679 316 810 366 ἄλλος
850 314 1047 387 ἐρητύειν
1085 313 1316 358 ἐπέεσσιν.“

292 371 417 418 Ἦτοι
446 373 517 427 ὅγ’
551 372 609 424 039
637 373 772 415 εἰπών
798 389 877 415 κατ
929 370 999 441 ἅρξ
1032 372 1170 424 ἕζετο·
1211 374 1326 412 τοῖσι
1366 366 1409 412 δ’
1442 367 1596 425 ἀνέστη

229 431 443 501 Νέστωρ,
457 429 515 497 69
546 430 601 485 ῥα
632 428 800 473 Πύλοιο
831 427 940 480 α’ναξ
966 430 1023 484 ἡν
1055 425 1350 499 ήμαθήεντος·

224 488 250 532 ὅ
279 499 386 546 σφιν
426 486 682 557 ἐϋφρονέων
712 484 961 555 ἀγορήσατο
1003 485 1077 527 καὶ
1106 485 1347 537 μετέειπεν·

300 547 379 596 „352
407 545 540 612 φίλοι
557 541 763 613 Ἀργείων
800 541 1012 616 ἡγήτορες
1041 538 1125 610 ᾐδὲ
1156 541 1377 612 μέδοντες,

139 606 194 646 80
223 602 261 644 εἰ
289 601 370 656 μέν
399 617 464 651 τις
491 598 571 643 τόν
607 599 782 655 ὄνειρον
806 599 994 655 Ἀχαιῶν
1034 597 1165 648 άλλος
1206 597 1389 650 ἔνισπεν,

221 657 385 710 ’ψεῦδός
413 673 488 700 κεν
519 661 706 727 φαῖμεν,
737 657 810 700 καὶ
840 655 1158 726 νοσφιζοίμεθα
1187 656 1377 708 μᾶλλον·

220 717 308 758 νῦν
341 712 384 758 δ’
414 715 526 767 ἴδεν,
558 712 607 764 ὃς
636 712 737 768 μέγ’
768 712 944 766 ἄριστος
963 710 1162 770 Ἀχαιων
1176 709 1341 765 εὔχεται
1371 709 1494 754 εἶναι.

224 769 323 814 ἀλλ’
357 770 489 840 ἄγετ’,
522 771 571 813 αι’
597 770 673 813 κέν
702 785 795 820 πως
824 768 1085 827 θωρήξομεν
1114 770 1215 817 υιας
1238 766 1462 822 Ἀχαιῶνμ

290 827 372 878 ‘⁸523
403 826 489 879 ἄρα
520 825 730 882 φωνήσας
759 830 932 881 Βουλῆς
957 825 1004 877 εξ
1033 827 1135 880 ἦρχε
1175 822 1380 867 νέεσθαι·

138 887 193 930 85
223 886 267 928 οἱ
309 881 353 927 δ’
383 883 680 939 ἐπανέστησαν
707 882 920 927 πείθοντό
950 898 993 926 τε
1023 881 1200 936 ποιμένι
1229 883 1364 936 λαῶν,

223 944 490 1012 σκηπτοῦχοι
518 943 743 1001 βασιλῆες·
777 938 1063 984 ἐπεσσεύοντο
1095 938 1141 982 δε
1170 939 1285 981 λαοί.

224 995 330 1054 ἠΰτε
360 997 492 1041 ε’θνεα
523 1001 607 1041 εισι
630 997 877 1054 μελισσάων
905 993 1113 1050 ἁδινάων,

53 1116 154 1145 tuens
200 1123 258 1157 ap.
289 1114 390 1149 Hom.
423 1114 653 1149 Buttmaunus
687 1114 797 1151 Lexil.
836 1113 865 1148 Ι.

56 1169 93 1204 p.
117 1157 200 1193 240.
223 1159 371 1194 fallitur.

102 1214 159 1251 74.
207 1215 418 1262 φεύγειν.
451 1220 617 1260 νοστεῖν,
651 1217 786 1261 redire,
812 1217 867 1251 id-

57 1272 127 1304 que
151 1263 320 1299 celeriter.
345 1265 390 1297 cf.
414 1244 688 1305 141,159,’175,
713 1244 865 1320 α’,’ἐ173

57 1307 117 1349 W,
142 1308 187 1341 U.
211 1329 256 1334 —
279 1313 379 1345 πολ.
413 1310 731 1367 πολυκαθέδροις,
757 1309 796 1353 ἐξ
821 1304 866 1345 οὗ

56 1353 302 1395 πολυκώποις.
327 1356 473 1400 κλήϊδες
505 1355 576 1401 γὰρ
601 1358 803 1392 καλοῦνται
827 1356 868 1390 αἱ

44 1401 133 1435 ’τῶν
157 1399 377 1444 ἐρεσσόντων
402 1401 545 1448 καθέδρ
549 1416 598 1437 αι.
625 1403 707 1436 Sch.
749 1402 867 1436 simili-

58 1451 113 1481 ter
136 1449 202 1492 Ap.
228 1454 264 1482 et
287 1448 439 1492 Hesych.
473 1450 519 1483 cf.
526 1416 624 1489 ρ,175
647 1450 729 1484 293.

37 1540 39 1542 ,
105 1504 162 1539 75.
210 1503 269 1548 ἐρ.
292 1505 477 1551 κατέχειν,
499 1504 667 1541 κωλύειν.
693 1506 775 1539 Sch.
821 1505 868 1539 cf.

58 1549 124 1590 97,
149 1550 207 1592 99,
232 1565 279 1593 α,
305 1553 373 1588 192
396 1557 465 1586 etc.
503 1553 599 1587 infin.
631 1563 732 1586 sensu
758 1552 868 1597 impe-

59 1595 220 1676 rat717i.’
192 1639 271 1700 ἠμ.
295 1642 544 1688 ψαμμωδους,
572 1644 752 1690 τραχείας.
776 1639 869 1687 άμα-

59 1689 132 1728 θος
154 1687 225 1734 γάρ
239 1687 272 1744 ἡ
297 1689 463 1735 ψάμμος.
499 1691 584 1724 Sch.
631 1690 787 1730 arenosi,
814 1694 869 1723 ut—

59 1739 142 1780 pote
166 1736 250 1769 mari
274 1737 479 1781 adjacentis.
502 1748 536 1770 v.
555 1749 634 1770 ann.
656 1737 699 1770 ad
725 1736 772 1780 α’,
788 1737 868 1777 252,

61 1784 98 1817 et
120 1783 165 1815 cf.
186 1779 222 1823 ι’,
245 1784 322 1826 153,
340 1785 422 1825 295,
477 1785 585 1825 ,,711
610 1783 752 1818 Hesiod.
771 1783 870 1817 scut.

61 1825 167 1862 Herc.
196 1807 276 1864 360.
311 1834 377 1863 etc.

107 1885 163 1920 79.
209 1899 236 1930 μ
249 1899 264 1921 ε
258 1885 298 1921 ¹6
308 1899 328 1921 ο
339 1899 362 1921 ν
373 1900 393 1921 τ
406 1898 423 1921 ε
435 1899 464 1927 ς.
502 1886 731 1944 πρόβουλοι.
784 1889 867 1922 Sch.

61 1929 206 1965 formula
222 1933 404 1977 frequens·
427 1944 462 1967 v.
487 1930 526 1976 ι’,
545 1935 600 1975 17,
624 1932 668 1976 κ’,
688 1937 769 1977 301,
789 1937 870 1976 533,

61 1975 104 2018 λ’,
127 1979 198 2013 276
221 1984 288 2012 etc.

111 2035 168 2069 80.
216 2033 234 2069 ε’
245 2049 266 2071 ν
277 2049 290 2070 ι
299 2047 355 2071 σπ
365 2049 382 2072 ε
391 2050 425 2071 ν.
449 2034 562 2078 εἶπεν,
589 2036 693 2081 ἔλεξε.
720 2038 802 2073 sch.

109 2093 165 2129 81.
175 2105 323 2150 νοσφ.
343 2096 604 2138 χωριζοίμεθα.
625 2096 741 2130 Schol.
764 2097 872 2139 μᾶλ-

64 2140 142 2174 λον
166 2136 189 2184 ἢ
213 2142 447 2184 πιθοιᾙμεθα
471 2142 718 2175 deduceremur
736 2143 779 2176 ab
801 2144 830 2186 ej
834 2153 873 2176 us

64 2186 235 2221 sententia
256 2188 372 2231 potius
403 2198 503 2232 quam
534 2186 569 2221 in
594 2186 685 2221 illam
710 2155 872 2222 discecie-

64 2241 186 2265 remus.
222 2233 266 2267 cf.
299 2233 414 2267 Schol.
439 2233 468 2266 Β
500 2233 544 2267 ad
570 2232 622 2276 ω’,
647 2236 728 2270 222.
765 2235 874 2269 minus

65 2277 211 2322 placent,
237 2280 297 2324 qui
314 2281 454 2323 μᾶλλον
471 2279 746 2325 interpretantur
760 2280 874 2325 μάλα.

67 2333 102 2358 v.
128 2328 241 2359 tamen
263 2337 339 2360 ann.
364 2325 409 2359 ad
432 2325 556 2371 Eurip.
589 2326 696 2372 Hipp.
721 2328 802 2363 241.

113 2379 168 2416 84.
207 2382 331 2428 scripsi
352 2381 405 2425 ἓξ,
431 2395 473 2416 ne
491 2383 568 2428 quis
586 2384 758 2427 cogitaret
776 2382 874 2420 ἐκνέ-

69 2428 189 2468 εσθαι,
216 2430 306 2474 quod
324 2429 534 2464 inusitatum.
559 2441 591 2466 v.
604 2430 674 2464 Th.
693 2434 726 2474 ἓ.
745 2433 826 2473 279,
839 2434 872 2467 9.

115 2485 171 2520 85.
219 2485 261 2521 οἱ
303 2484 353 2522 δὲ
376 2506 423 2512 -
448 2490 749 2532 σκηπτοῦχοι
783 2490 872 2534 βα-

12 2562 14 2565 .
71 2531 180 2575 σιλῆ
192 2543 246 2572 ες.
285 2544 404 2567 nomen
425 2533 554 2567 illatum
580 2534 680 2568 simul
698 2547 772 2569 cum
792 2547 875 2589 pro-

70 2577 213 2620 nomine,
237 2579 495 2624 perspicuitatis
519 2590 635 2622 causa,
660 2586 697 2614 ut
720 2583 800 2621 105,
827 2579 873 2622 α’,

71 2621 149 2658 472.
174 2629 210 2658 et
231 2635 335 2670 saepe
359 2626 456 2659 alias.
474 2644 520 2651 —-—
545 2625 675 2663 ἐπαν.
700 2633 780 2673 post
798 2628 875 2662 Ne·-

73 2672 198 2703 ctorem
221 2672 411 2715 surgebant
439 2671 540 2706 etiam
576 2674 685 2707 ceteri
711 2683 874 2718 proceres

78 2719 182 2759 atque
203 2716 342 2752 exibant
365 2718 409 2751 ad
446 2719 644 2753 armandum
677 2720 878 2753 exercitum:

75 2757 318 2804 ἐπανέστησαν
347 2763 495 2807 ποιμένι
525 2766 643 2806 λαῶν,
668 2767 701 2799 h.
732 2778 761 2798 e.
788 2763 873 2800 οἰνέ-

76 2817 209 2851 στησαν
227 2807 285 2844 ἐπὶ
300 2822 400 2855 ποιμ.
421 2813 450 2844 λ.
479 2822 512 2843 v.
533 2790 658 2845 Mattli.
683 2814 716 2854 §.
732 2813 812 2847 586.
831 2831 877 2836 -

75 2865 206 2897 ποιμ.
229 2856 361 2891 λαῶν.
399 2857 445 2890 cf.
468 2856 548 2892 243.

120 2909 176 2943 87.
223 2909 363 2949 ε’θνεα
386 2911 681 2958 μελισσάων,
713 2918 752 2948 ut
777 2911 876 2960 ορνί-

75 2957 179 2997 fiam,
210 2957 354 3001 μυιάων
390 2959 505 2996 ἔθνεα
537 2961 626 3002 459,
652 2939 755 3002 4⁹69„
788 2961 820 2995 h.
846 2973 876 2995 e.

22 3016 27 3064 ἶ
77 3001 216 3048 σμήνη,
241 3003 368 3050 ἑσμοὶ,
391 3005 465 3043 ἀπὸ
500 3007 569 3042 τοῦ
600 3005 806 3050 ἐθίζεσθαι.
843 3019 875 3043 v.

913 1112 1018 1146 Schn.
1042 1122 1078 1145 v,
1102 1108 1226 1150 ἔθνος.
1273 1109 1376 1144 Sch.=
1403 1107 1546 1152 πλήθη.
1590 1105 1720 1151 πρώτη

913 1156 954 1193 δε
973 1154 1068 1213 αὕτη
1087 1153 1109 1199 ἡ
1138 1154 1332 1213 παραβολὴ
1362 1156 1414 1202 τῷ
1443 1153 1590 1200 ποιητῇ.
1636 1153 1718 1197 (Ε·

911 1217 1041 1262 πρωτη
1069 1215 1137 1246 μεν
1166 1200 1269 1248 αὐτῷ
1279 1191 1502 1260 βραχυτάτη
1525 1198 1719 1244 παραβολή

912 1251 979 1286 καὶ
1017 1249 1250 1290 οἷναπόδοτος
1272 1247 1311 1283 ἐν
1339 1250 1386 1295 τῇ
1411 1247 1446 1283 α’
1476 1247 1566 1293 ραψ.
1594 1247 1693 1290 [359.
1705 1247 1718 1303 J

914 1296 992 1332 ἐστὶ
1025 1295 1067 1332 τὸ
1101 1293 1213 1355 ήυτ’
1255 1293 1454 1340 ὀμίχλη·
1496 1296 1652 1329 πλατεῖα
1678 1293 1721 1327 δε

913 1342 1043 1388 πρώτη
1069 1342 1165 1386 αὕτη
1194 1342 1363 1379 ἐνταῦθα
1390 1341 1429 1377 ἐκ
1449 1342 1524 1376 τῶν
1541 1339 1722 1383 μελισσῶν

914 1392 1105 1446 ληφθεῖσα
1134 1394 1201 1423 etc.
1244 1388 1492 1432 intelligendae
1518 1393 1596 1420 sunt
1624 1396 1722 1430 apes,

915 1447 1000 1480 quas
1024 1434 1232 1478 ὑλονόμους
1256 1441 1360 1468 vocat
1383 1435 1527 1468 Aristot.
1552 1433 1596 1466 H.
1620 1434 1662 1467 A.
1687 1434 1722 1474 9,

914 1484 980 1523 27,
1005 1483 1061 1523 9.,
1093 1481 1182 1516 Plin.
1209 1485 1273 1522 11,
1301 1482 1354 1516 18.
1380 1481 1527 1514 rusticas
1558 1484 1592 1513 et
1619 1479 1724 1511 silve-

914 1533 1021 1568 stres,
1058 1539 1149 1572 quae
1181 1539 1289 1572 specu
1314 1527 1370 1560 vel
1394 1527 1553 1560 arborum
1578 1524 1725 1569 aliisque

916 1574 1014 1607 cavis
1033 1574 1172 1607 abditae
1197 1584 1273 1606 esse
1290 1573 1412 1606 solent.
1446 1573 1565 1616 (Virg.
1588 1572 1724 1614 Georg-

915 1618 961 1661 4,
985 1618 1064 1660 44.,
1098 1619 1229 1652 Colum.
1262 1619 1305 1652 de
1332 1619 1374 1652 R.
1400 1619 1443 1652 R.
1466 1619 1510 1658 9,
1536 1618 1590 1658 8.,
1625 1617 1724 1650 Judi-

916 1677 993 1700 cum
1018 1677 1095 1710 cap.
1123 1664 1187 1704 14,
1211 1665 1274 1705 9.)
1309 1665 1402 1709 quod
1444 1675 1516 1698 cum
1553 1663 1726 1697 nescirent

915 1711 1024 1758 prisci
1041 1711 1207 1752 homines,
1229 1711 1327 1744 mella
1342 1711 1468 1744 sudare
1488 1710 1631 1744 arbores
1649 1721 1725 1743 cre-

916 1759 1057 1792 debant.
1090 1757 1241 1801 (Tibulli
1268 1757 1419 1802 interpp.
1447 1757 1483 1798 Ι,
1509 1755 1551 1798 4,
1576 1755 1653 1799 45.)
1679 1774 1725 1781 -—

915 1803 1224 1844 homoeoteleuton,
1247 1804 1339 1848 quod
1360 1815 1437 1837 raro
1456 1809 1625 1846 usurpant
1641 1806 1725 1835 vett.

916 1853 1053 1896 poetae.
1088 1827 1604 1894 Voss.'Kr1·t.Bl.1.p.238.=
1628 1847 1726 1889 „Der

917 1896 1118 1930 Gleichlaut
1148 1894 1353 1939 μελισσάων
1393 1894 1584 1936 άδινάων,
1619 1893 1725 1938 ἐρχο-

916 1942 1087 1988 μενάων,
1112 1943 1287 1976 verstarkt
1305 1943 1373 1976 den
1388 1941 1528 1985 Begriff
1548 1942 1611 1974 der
1628 1941 1727 1974 Has]-

917 1989 1078 2044 figkeitf‘
1116 1988 1242 2034 Eurip.
1263 1989 1389 2023 Bacch.
1410 1991 1508 2024 678:
1533 1988 1666 2027 πέλτας
1687 1983 1726 2021 6'

919 2032 1002 2070 ὅσοι
1021 2032 1203 2069 πάλλον
1217 2046 1273 2076 σι,
1298 2036 1360 2070 καὶ
1375 2033 1494 2078 τόξων
1513 2033 1589 2078 χερὶ
1611 2031 1726 2068 Ψάλ-

918 2085 1057 2117 λουσι
1089 2080 1234 2125 νευράς.
1285 2082 1379 2126 Virg.
1407 2081 1483 2114 Ecl.
1516 2081 1556 2121 8,
1582 2081 1658 2116 8οα
1684 2079 1726 2113 Ιί-

919 2138 992 2161 mus
1012 2133 1049 2161 ut
1077 2127 1132 2160 hic
1147 2129 1319 2169 durescit,
1345 2134 1381 2162 et
1398 2128 1484 2161 haec
1509 2133 1547 2160 ut
1577 2138 1658 2160 cera
1681 2127 1726 2159 li-

919 2175 1060 2218 quescit.
1109 2174 1215 2207 ovid.
1237 2176 1276 2207 A.
1302 2176 1342 2209 A.
1374 2178 1404 2215 1,
1427 2175 1508 2209 59.=
1532 2177 1616 2218 quot
1644 2184 1725 2207 coe-

919 2220 988 2254 lum
1009 2220 1145 2263 stellas,
1174 2223 1228 2253 tot
1252 2221 1357 2255 habet
1376 2225 1436 2254 tua
1455 2219 1565 2254 Roma
1582 2220 1726 2262 puellas.

921 2267 967 2300 cf.
1001 2265 1135 2301 Vindio.
1159 2266 1267 2300 Ovid.
1294 2279 1329 2311 p.
1355 2267 1408 2301 15.
1445 2270 1481 2300 et
1511 2267 1651 2299 Annott.
1681 2265 1726 2298 ad

919 2313 1043 2346 Horat.
1061 2314 1094 2346 2.
1119 2323 1153 2356 p.
1177 2314 1253 2348 139.
1267 2338 1277 2354 ‚
1303 2314 1383 2346 item
1404 2312 1547 2347 inferius
1570 2312 1637 2346 484
1660 2316 1727 2345 etc.

919 2358 1067 2392 ridicule
1080 2359 1256 2403 Aristoph.
1279 2360 1372 2393 Nub.
1391 2361 1493 2394 691.=
1517 2355 1728 2393 δάκνον-

921 2405 969 2439 σί
1000 2403 1044 2448 μ’
1079 2403 1291 2448 ἐξέρποντες
1323 2405 1360 2440 οὶ
1396 2405 1620 2449 Κορίνθιοι,
1654 2404 1729 2439 Καὶ

919 2464 987 2491 τας
1021 2451 1181 2495 πλευράς
1227 2450 1616 2495 δαρδάπτουσιν,
1653 2451 1729 2486 Καὶ

918 2496 986 2553 τὴν
1018 2498 1144 2542 ψυχην
1180 2497 1497 2539 ἐκπίνουσιν,
1536 2497 1611 2532 Καὶ
1639 2510 1729 2539 τους

919 2540 1039 2587 ὄρχεις
1059 2543 1223 2587 ἐξέλκο
1237 2557 1354 2585 υσιν,
1380 2545 1452 2580 Καὶ
1474 2545 1540 2580 τὸν
1560 2542 1729 2587 πρωκτὸν

920 2590 1290 2647 διορύῖτουσιν,
1324 2594 1399 2627 Καί
1427 2590 1473 2636 μ’
1508 2589 1728 2626 ἀπολοῦ-

921 2638 1024 2681 σιν.)
1074 2635 1143 2673 άδ.
1175 2651 1249 2672 των
1277 2635 1375 2695 ἅδην
1404 2652 1466 2673 και
1494 2636 1647 2697 ἁθρόως
1666 2650 1729 2672 πε-

921 2683 1099 2727 ταμένων.
1141 2684 1243 2738 παρά
1270 2684 1312 2719 τὸ
1340 2683 1458 2730 ἅδην·
1485 2683 1544 2719 διὸ
1573 2685 1635 2719 καὶ
1664 2685 1730 2719 δα-

922 2728 1083 2765 σύνεται.
1130 2731 1180 2764 sic
1208 2738 1243 2764 et
1260 2732 1319 2766 alii
1345 2729 1577 2776 grammatici3
1601 2731 1662 2763 sed
1688 2727 1730 2763 ἅ-

923 2777 1014 2820 δην,
1039 2774 1188 2819 demis,
1214 2784 1357 2811 servant
1385 2777 1631 2831 EtymologpS‚
1656 2776 1729 2809 He-

923 2824 1038 2864 sych„
1064 2824 1151 2867 Ap.;
1177 2835 1240 2856 nec
1264 2824 1371 2864 male,
1397 2835 1470 2857 cum
1496 2828 1531 2856 et
1558 2822 1645 2856 ἆλτο
1668 2833 1729 2865 pro

924 2867 1013 2904 ἆλτο
1033 2874 1068 2902 et
1086 2869 1208 2902 similia
1226 2870 1396 2903 dicantur.
1422 2880 1455 2902 v.
1469 2870 1598 2902 Buttm.
1620 2867 1729 2901 Leoeil.

923 2915 951 2950 I.
984 2927 1017 2960 p.
1034 2917 1114 2950 206.
1131 2940 1141 2956 ,
1175 2915 1231 2960 qui
1259 2915 1395 2957 docuit,
1420 2913 1462 2950 τὸ
1494 2912 1627 2949 άδινὸν
1656 2924 1732 2947 esse

923 2964 1136 3004 confertum,
1160 2963 1352 3004 copiosum,
1385 2966 1420 2995 et
1445 2973 1466 2994 a
1497 2964 1731 3015 consequente

923 3009 1116 3042 vehemens.
1165 3009 1210 3042 cf.
1237 3008 1271 3041 H
1295 3013 1331 3042 et
1353 3007 1458 3041 Schn.
1483 3017 1518 3040 V.
1542 3003 1649 3050 ἄδην.
