1811 3269
83 150 167 190 312
721 146 1117 189 ΟΜΗΡΟΥ

329 258 598 326 ,,Τεθναίης,
632 260 666 299 ὠ
700 256 874 311 Προῖτ’,
903 255 930 310 ἢ
960 256 1145 299 κάκτανε
1175 257 1547 336 Βελλεροφόντην,

143 317 221 358 165
251 311 301 363 ὅς
330 311 377 365 μ’
410 313 556 356 ε’θελεν
587 311 801 383 φιλότητι
801 312 1048 382 μιγήμεναι
1079 311 1162 355 οὐκ
1193 311 1447 373 έθελούση.“

317 368 404 420 “Ὼς
433 369 567 439 φάτο·
597 368 676 412 τόν
707 371 753 412 δὲ
781 368 949 413 ἄνακτα
979 368 1106 424 χόλος
1135 368 1289 437 λάβεν,
1323 373 1421 413 οἱον
1451 369 1654 414 άκουσεν.
1787 425 1788 429 ¹

252 430 417 468 κτεῖναι
445 425 525 480 μέν
555 424 601 480 ῥ’
632 425 818 479 ἀλέεινε,
848 425 1088 495 σεβάσσατο
1119 424 1205 479 γάρ
1235 425 1333 480 τόγε
1363 430 1516 482 θυμῷ·
1785 434 1789 464 ἰ

251 481 389 550 πέμπε
420 483 467 525 δέ
503 498 579 538 μιν
609 485 848 538 Λυκίηνδε,
879 481 1016 535 πόρεν
1047 479 1088 524 δ’
1121 481 1194 549 ὅγε
1226 482 1395 537 σηματα
1424 469 1575 540 λύγρὰ,
1786 486 1787 491 ’

248 536 422 591 γράψας
451 538 498 581 ἐν
529 540 679 582 πίνακι
708 543 882 597 πτυκτῷ
911 536 1192 608 θυμοφθόρα
1221 539 1380 581 πολλά·

141 599 218 642 170
250 595 384 645 δεῖξαι
415 594 458 637 δ’
486 593 674 650 ἠνώγειν
703 597 736 654 ᾧ
768 599 993 650 πενθερῷ,
1026 592 1130 665 ὄφρ’
1166 593 1386 639 άπόλοιτο.

250 648 389 722 αὐτὰρ
422 649 445 694 6
481 655 539 707 βῆ
568 655 785 713 Λυκίηνδε
814 655 933 695 θεῶν
963 649 1041 693 ὑπ’
1076 649 1271 705 ἀμύμονι
1300 656 1470 709 πομπῇ

248 703 342 750 ἀλλ’
375 706 447 750 ὅτε
467 708 528 778 δὴ
562 711 732 764 Λυκίην
762 707 883 760 ἷξε

853 707 1038 756 Ξάνθον
1071 724 1115 750 τε
1148 707 1320 761 ῥέοντα,

245 763 538 833 προφρονέως
565 783 641 820 μιν
671 771 761 809 τῖεν
792 764 900 817 ἅναξ
931 765 1096 819 Λυκίης
1125 762 1306 819 εὐρείης.

246 818 439 890 ἐννῆμαρ
471 824 674 874 ξείνισσε,
708 823 782 865 καὶ
812 821 937 865 ἐννέα
971 824 1079 877 βοῦς
1110 820 1327 875 ἱέρευσεν·

136 877 216 919 175
245 873 345 920 ἀλλ’
378 875 458 921 ὅτὲ
480 878 532 934 δη
565 879 722 934 δεκάτη
754 878 895 934 ἐφάνη
928 876 1253 931 ῥοδοδάκτυλος
1280 876 1408 933 Ἠώς,

246 934 320 976 καὶ
349 933 446 978 τότε
483 951 558 989 μιν
587 935 769 988 ἐρέεινε,
802 936 876 978 καὶ
906 933 1002 991 ᾔτεε
1036 938 1153 990 σῆμα
1183 935 1369 985 ἰδέσθαι,

245 988 284 1034 ὅ
289 1006 356 1033 ττι
386 991 441 1062 ῥά
475 993 519 1034 οἱ
546 995 763 1046 γαμβροῖο
793 991 914 1047 πάρα
945 993 1159 1044 Προίτοιο
1195 991 1392 1047 φέροιτο.

247 1045 386 1103 αὐτάρ
418 1047 565 1104 ἐπειδη
598 1053 715 1105 σῆμα
745 1049 886 1093 κακὸν
916 1048 1180 1104 παρεδέξατο
1209 1050 1428 1104 γαμβροῦ,

121 1145 200 1182 164.
247 1146 300 1183 κά
311 1162 360 1183 nt
371 1162 394 1183 α
404 1163 425 1183 ν
439 1162 467 1186 ε.
500 1148 712 1187 κατάκτεινε
726 1152 784 1196 (ut
801 1165 888 1187 κακ-

74 1195 187 1229 κείειν
206 1196 303 1239 etc..)
331 1196 419 1231 Sch.

122 1264 200 1298 165.
249 1259 369 1307 ὅςμ’
394 1263 463 1299 ἔθ’.
498 1266 533 1300 11.
557 1278 587 1301 e.
612 1262 736 1310 ὅςμοι
756 1264 813 1300 ἕθ.
837 1267 888 1300 sic

75 1307 157 1352 οἴμ’
179 1321 240 1354 pro
263 1310 366 1353 οιμοι
390 1311 518 1346 dictum
538 1312 665 1356 legitur
685 1324 739 1356 ap.
753 1312 888 1346 Aristo-

74 1356 240 1400 phanem,
275 1363 312 1390 et
341 1357 500 1391 similiter
525 1371 564 1392 αι
586 1359 621 1392 in
651 1359 720 1391 fine
752 1363 886 1403 tempo-

72 1412 146 1434 rum
165 1402 352 1435 verbalium
374 1403 456 1436 elidi
475 1404 574 1438 solet.
622 1404 743 1438 maluit
771 1410 885 1438 tamen

73 1446 432 1485 Βοη11.ἐθε’λουσαν.

120 1518 337 1553 167—169.
387 1517 478 1573 σέβ.
512 1518 689 1563 σεβαστόν
710 1515 884 1564 ἡγήσατο.

73 1559 254 1608 ἐτίμησεν.
293 1563 485 1609 ε’νετράπη.
515 1565 611 1609 Hesy
605 1566 670 1599 011.
723 1567 884 1599 convenit

73 1608 155 1642 huic
181 1610 255 1643 loco
280 1609 480 1654 ἐνετράπη,
513 1612 643 1644 veritus
670 1617 730 1645 est.
779 1613 885 1655 majus

73 1655 204 1710 aliquid
231 1662 286 1689 est
305 1657 412 1703 σέβας
432 1668 531 1701 quam
554 1656 681 1696 αἰδώς.
730 1659 775 1691 cf.
801 1659 882 1701 417,

72 1699 117 1743 δ’,
142 1703 218 1736 178.
246 1703 382 1737 EKct
402 1704 449 1737 H.
483 1721 525 1728 -
567 1702 775 1747 σήματα,
814 1705 884 1748 σῆ-

71 1759 153 1791 μα,
178 1749 304 1793 signa,
329 1750 480 1803 signum.
515 1749 676 1804 Apollod.
701 1752 742 1784 2
769 1751 882 1790 3,1.:

70 1796 233 1851 Προῖτος
257 1794 297 1829 δὲ
321 1794 521 1834 πιστεύσας
540 1794 676 1830 ἔδωκεν
695 1794 882 1831 ἐπιστο-

71 1842 90 1874 λ
104 1839 126 1874 οὶ
139 1853 156 1880 ς
181 1839 281 1887 αὐτῷ
299 1840 394 1885 πρὸς
410 1839 574 1887 Ἰοβάτην
586 1844 746 1886 κομίσαι,
768 1842 805 1877 ἐν
824 1842 884 1883 αἷς

71 1877 310 1931 ἐνεγέγραπτο
336 1888 635 1933 Βελλεροφόντην
656 1887 883 1924 ἀποκτεῖναι.

70 1932 266 1975 ἐπιστολάς
303 1934 410 1976 dixit,
446 1936 480 1968 h.
514 1946 544 1968 e.
576 1936 766 1976 mandata,
799 1935 883 1968 nihil

71 1979 238 2024 amplius.
262 1981 366 2014 multo
381 1980 467 2014 enim
486 1979 616 2014 seriore
630 1987 785 2025 tempore
803 1992 884 2014 usus

69 2025 290 2060 litterarum
282 2038 339 2059 1nv
343 2026 448 2068 aluit,
474 2026 578 2070 idque
603 2028 637 2060 in
658 2027 884 2062 monumentis

70 2075 201 2105 tantum
234 2072 398 2116 publicis,
423 2078 590 2106 marmore
618 2078 653 2106 et
680 2085 781 2113 aere3
816 2085 884 2118 qua

70 2117 114 2151 de
140 2129 179 2152 re
203 2124 283 2163 post
306 2118 446 2160 Wolfii,
470 2118 642 2159 Meriani,
667 2119 794 2164 Hugii,
820 2131 882 2152 nu-

69 2175 199 2208 perque
219 2164 392 2198 Nitzschii
411 2170 446 2198 et
470 2164 611 2198 aliorum
631 2164 883 2209 disputationes

70 2210 284 2243 doctissimas
308 2221 374 2243 non
400 2216 453 2244 est
471 2211 561 2251 quod
583 2211 763 2244 ambitiose
788 2211 882 2244 dica-

69 2267 156 2290 mus.
195 2255 276 2290 vide
298 2255 451 2300 inprimis
474 2256 631 2290 Wolflum
656 2257 804 2301 Prolegg
781 2269 814 2301 g.
840 2257 884 2291 ad

69 2302 168 2336 Hom.
205 2314 239 2347 p.
264 2301 436 2343 LXXIV,
469 2303 547 2343 56.
586 2270 779 2336 LXXXIIg
783 2315 882 2347 seqq.

69 2348 187 2382 schol.
212 2350 261 2381 A.
294 2347 440 2391 γράψαι
473 2347 546 2383 ἐστὶ
579 2348 620 2383 τὸ
647 2349 766 2390 ξέσαιε
800 2355 882 2384 οἱον

70 2390 141 2428 οὖν
164 2393 366 2438 ἐγχαράξας
383 2395 529 2435 εἴδωλα,
556 2392 609 2429 δι’
628 2393 680 2429 ὧν
699 2395 772 2430 έδει
789 2397 881 2440 γνῶ·

69 2453 133 2474 ναι
163 2440 232 2475 τόν
263 2439 446 2484 πενθερὸν
474 2442 543 2475 τοῦ
576 2443 753 2484 Προίτου
791 2443 820 2475 Ε
845 2454 880 2487 p.

70 2487 159 2526 633,
183 2487 239 2521 38.
267 2486 320 2520 ed.
347 2488 463 2520 Rom:
499 2484 707 2532 Ευριπίδης
738 2488 779 2523 δέ
806 2501 881 2523 που

70 2530 117 2566 τοὶ
141 2528 324 2575 Ομηρικοὶ
360 2533 546 2577 σήματα
582 2536 633 2573 εἰς
667 2534 882 2580 ξύμβολα

68 2577 284 2634 μεταλαβών
310 2591 401 2624 φησι
426 2579 539 2622 (Med.
564 2581 685 2623 585.)-
719 2582 882 2623 ξένοις

69 2637 116 2660 τε
139 2623 346 2682 πέμπειν
371 2623 587 2671 σύμβολ’,
605 2626 651 2661 οι“
676 2626 883 2668 δράσου-

70 2672 117 2706 σί
151 2670 188 2705 σ’
216 2683 280 2706 ευ.
325 2672 520 2706 Wolfiusl.
546 2684 575 2704 0.
610 2685 642 2717 p.
668 2673 883 2707 LXXXVaI

69 2716 177 2759 „mihi
209 2717 285 2750 veri
317 2717 491 2761 persimile
527 2718 686 2759 videtur,
697 2723 720 2738 “
757 2721 882 2764 inquit,

69 2764 162 2807 „jam
187 2767 259 2796 tum
290 2762 380 2796 inter
412 2769 578 2806 cognatos
611 2765 798 2799 obtinuisse
822 2778 884 2799 no-

71 2815 125 2842 tas
151 2809 312 2852 quasdam
337 2810 557 2862 symbolicam.
583 2811 704 2854 quibus
729 2811 771 2844 de
795 2823 884 2856 gra-

69 2855 214 2888 vissimis
240 2855 340 2888 rebus
371 2865 470 2887 sensa
504 2855 689 2890 animorum
723 2858 815 2890 inter
846 2869 884 2891 se

72 2900 380 2941 communicarent,
415 2900 639 2955 inprimisque
672 2904 738 2936 hoc
776 2914 885 2947 genus

68 2944 404 2991 θυμοφθόρων
449 2944 669 2989 σημάτων
709 2949 885 2982 inventum

70 2993 217 3027 sortasse
241 2998 294 3028 est
319 3004 361 3027 ea
385 2998 522 3036 aetate,
547 3004 616 3038 qua
640 2994 780 3030 ultionis
806 3007 886 3030 cae-

934 1150 1026 1184 dium
1059 1156 1094 1185 et
1124 1150 1376 1185 inimicitiarum
1408 1150 1484 1184 dira
1515 1148 1660 1182 saevitia
1692 1148 1740 1182 vi-

934 1198 1050 1241 gebat.
1075 1218 1119 1222 —
1144 1198 1344 1241 Apollodori
1368 1198 1477 1230 locum
1501 1196 1592 1228 illum
1618 1197 1682 1238 (2,
1705 1196 1741 1235 3,

936 1244 984 1286 1.)
1012 1255 1085 1276 011111
1098 1243 1245 1277 Sclioliis
1271 1244 1396 1277 nostris
1422 1242 1633 1286 comparanti
1652 1220 1742 1273 haud

933 1299 1037 1332 aegre
1063 1289 1300 1333 persuadeam,
1324 1291 1506 1323 πίνακα
1530 1285 1742 1321 πτυκτὸν

933 1335 976 1367 ab
1002 1335 1071 1367 illis
1105 1335 1256 1368 habitum
1293 1347 1368 1368 esse
1398 1335 1543 1379 ligneam
1576 1339 1743 1368 tesseram

930 1381 986 1414 vel
1010 1381 1195 1423 symbolum
1220 1381 1386 1426 aliquem,
1421 1382 1479 1425 qui
1501 1385 1600 1414 notas
1623 1379 1742 1413 111οηὶ-

931 1427 1025 1460 feras
1050 1427 1126 1460 rudi
1151 1436 1225 1460 arte
1250 1428 1375 1461 incisas
1399 1427 1569 1460 habuerit.
1618 1427 1661 1459 de
1686 1431 1742 1460 ta-

930 1472 1010 1506 bula
1036 1482 1151 1506 cerata
1177 1475 1332 1517 cogitare
1362 1474 1421 1507 vix
1455 1473 1535 1506 sinit
1561 1476 1742 1506 consuetu-

931 1519 974 1552 do
1002 1522 1138 1563 poiitae,
1165 1519 1385 1553 artificiosam
1410 1519 1575 1563 ejusmodi
1602 1530 1741 1563 operam

929 1565 1045 1609 aliquo
1086 1571 1181 1598 certe
1216 1567 1372 1610 epitheto
1406 1566 1518 1599 aliave
1550 1565 1743 1609 adjectione

930 1611 1127 1644 ornaturi.“
1181 1611 1321 1644 videtur
1355 1618 1467 1645 tamen
1501 1612 1614 1654 πίναξ
1646 1623 1742 1645 πτυ-

929 1654 1012 1695 κτὸς
1036 1669 1112 1690 esse
1136 1657 1275 1701 tabula,
1302 1658 1433 1690 duobus
1459 1659 1633 1691 asseribus
1659 1669 1740 1691 con-

930 1709 1035 1743 stans,
1061 1703 1118 1747 qui
1136 1703 1331 1746 complicari
1350 1715 1389 1736 ac
1408 1704 1538 1746 signari
1556 1710 1739 1748 poterant;

931 1750 1119 1792 cujusmodi
1161 1750 1227 1782 fuit
1269 1751 1410 1784 δελτίον
1446 1750 1528 1782 illud
1563 1752 1740 1793 δίπτυχον

930 1795 1108 1829 Demarati
1133 1807 1188 1839 ap.
1216 1795 1346 1829 Herod.
1373 1798 1414 1837 7,
1440 1797 1544 1836 239.;
1580 1808 1643 1829 nec
1667 1797 1740 1829 dis-

929 1841 1051 1874 similia
1076 1847 1153 1873 sunt
1176 1842 1273 1886 βιβλ’
1276 1855 1299 1876 α
1326 1843 1504 1885 δίπτυχα,
1540 1853 1629 1885 quae
1665 1842 1740 1875 vul-

930 1898 974 1930 go
1000 1887 1172 1920 dicuntur.
1201 1899 1232 1921 v.
1258 1888 1302 1922 H.
1322 1889 1433 1921 -Ez
1453 1886 1494 1923 τὸ
1522 1887 1561 1923 63
1565 1890 1739 1944 θυμο-

932 1933 1099 1975 φθόρα
1136 1931 1284 1968 πολλοὶ
1320 1933 1531 1978 ἑρμηνεύων
1557 1931 1576 1972 6
1601 1949 1638 1970 π.
1663 1950 1741 1993 φη-

931 1990 987 2013 σιν
1015 1976 1124 2021 ὅφρ
1153 1977 1409 2015 ἀπόλοιτο·
1434 1982 1740 2041 θυμοφθόρα

929 2039 998 2069 γαρ
1027 2025 1174 2066 πάντως
1199 2040 1244 2060 τα
1270 2023 1490 2062 ἀπολλύντα.
1535 2028 1573 2064 ἐκ
1597 2028 1740 2065 τούτων

931 2070 970 2106 63
1006 2085 1067 2106 και
1105 2075 1289 2115 παροιμία
1323 2074 1541 2116 παρέξεσται
1581 2074 1740 2131 ὕστερον

929 2117 970 2153 τὸ
1007 2119 1304 2176 Βελλεροφόντης
1338 2121 1430 2154 καθ’
1458 2120 1595 2156 εαυτοῦ
1617 2123 1739 2166 γράμ-

929 2177 1051 2207 ματα,
1086 2164 1160 2212 ἐπι,
1169 2167 1241 2199 τῶν
1265 2166 1422 2201 τοιαῦτά
1448 2180 1521 2202 που
1549 2165 1740 2212 ἀγγελλόν-

930 2225 1024 2252 των,
1060 2210 1097 2253 ἐξ
1132 2206 1182 2245 ὧν
1215 2211 1449 2257 βλάπτονται.
1508 2222 1679 2250 nostrates
1702 2217 1741 2251 id

929 2258 1032 2302 vulgo
1060 2265 1186 2292 vocant
1210 2261 1308 2292 einen
1333 2261 1534 2303 Lriasbrief.

980 2305 1055 2338 173.
1103 2318 1129 2338 π
1140 2318 1160 2348 ρ
1174 2317 1192 2339 ο
1207 2318 1234 2349 φ
1248 2318 1280 2349 ρ.
1328 2305 1549 2349 προθύμως.

929 2351 996 2385 810
1022 2355 1086 2382 etc.

977 2395 1052 2430 174.
1107 2405 1150 2441 >-
1171 2397 1262 2441 quod
1295 2409 1433 2431 numero
1467 2398 1654 2432 novenario
1687 2399 1741 2433 lu-

929 2442 1048 2476 benter
1070 2445 1176 2477 utitur
1202 2448 1315 2487 potita.
1358 2444 1508 2488 repetita
1534 2445 1658 2489 passim
1679 2447 1740 2480 ob-

929 2490 1104 2530 servatio;
1130 2502 1170 2522 ex
1189 2490 1263 2523 aliis
1282 2501 1418 2534 quoque
1435 2491 1666 2535 scriptoribus
1685 2493 1739 2525 af-

928 2534 998 2568 fert
1034 2537 1189 2579 exempla
1231 2536 1386 2569 Clemens
1413 2536 1510 2570 Alex.
1541 2537 1575 2568 in
1611 2538 1738 2572 Strom.

931 2587 1113 2624 praeterea
1138 2583 1192 2615 hic
1217 2583 1312 2615 lucus
1336 2589 1390 2615 est
1412 2582 1574 2615 notabilis
1605 2583 1647 2616 de
1678 2584 1739 2616 ho-

931 2628 1026 2671 spitii
1047 2629 1124 2671 jure
1149 2634 1184 2661 et
1209 2640 1311 2669 more,
1338 2640 1410 2662 cum
1437 2639 1498 2672 per
1522 2629 1640 2673 plures
1664 2629 1738 2663 dies

932 2674 1055 2717 hospes
1081 2686 1122 2707 ne
1147 2674 1381 2707 sciscitaretur
1409 2674 1543 2718 quidem
1570 2676 1739 2708 adventus

931 2731 1088 2759 causam3
1123 2719 1213 2764 quod
1246 2725 1281 2753 et
1311 2720 1354 2753 de
1377 2720 1488 2753 Celtis
1512 2727 1630 2754 narrat
1653 2720 1739 2754 Dio-

931 2767 1036 2798 dorus
1061 2766 1130 2799 Sic
1157 2768 1199 2807 5,
1222 2768 1302 2807 28„
1339 2766 1383 2799 de
1413 2766 1594 2799 Germanis
1628 2771 1737 2800 autem

931 2812 1077 2844 Tacitus
1097 2812 1212 2844 Germ
1233 2814 1290 2846 21
1302 2823 1313 2851 3
1337 2818 1373 2846 et
1398 2823 1508 2855 usque
1526 2812 1568 2845 ad
1587 2818 1736 2847 nostram

930 2859 1121 2891 memoriam
1146 2869 1186 2890 ea
1210 2858 1332 2901 religio
1363 2858 1503 2891 duravit
1527 2870 1583 2902 ap.
1609 2858 1737 2892 Arabes

931 2904 1084 2948 aliosque
1118 2904 1260 2948 populos
1294 2903 1460 2937 rudiores.
1510 2905 1554 2938 cf.
1586 2906 1674 2945 213,
1699 2901 1736 2946 ι’,

933 2951 999 2985 193
1024 2961 1121 2993 seqq.
1133 2974 1143 2990 ,
1180 2949 1307 2994 Odjss.
1332 2948 1378 2990 α’,
1404 2952 1492 2991 124,
1528 2948 1572 2991 γ’,
1601 2952 1668 2992 69,
1692 2949 1736 2992 δ’,

931 2998 999 3040 60,
1024 2998 1146 3030 Athen.
1172 2997 1206 3031 5.
1231 2996 1421 3043 principio,
1445 2997 1501 3039 K,
1523 2996 1570 3031 H.

1612 2308 1658 2342 cf.
1693 2308 1738 2353 E,
