1811 3269
53 170 138 210 23⁰

689 168 1088 212 ΟΜΗΡΟΥ

111 280 193 323 255
223 276 326 329 τοὺς
356 277 402 322 δὲ
432 275 542 322 ἶδων
565 277 759 333 γήθησεν
789 275 898 330 αναξ
927 277 1105 334 ἀνδρῶν
1131 278 1425 352 Ἀγαμέμνων,

224 333 380 379 αὐτίκα
411 333 454 378 δ’
481 334 706 404 Ἰδομενῆα
736 335 968 403 προσηύδα
997 337 1292 391 μειλιχίοισιν·

288 392 566 463 ,,Ἰδομενεῦ,
595 390 696 445 πέρι
725 391 806 444 μέν
839 404 886 435 σε
914 394 991 436 τίω
1022 396 1213 436 Δαναῶν
1242 393 1511 451 ταχυπώλων

224 446 347 519 η’μὲν
363 448 428 491 ἐνὶ
459 447 682 517 πτολέμῳ,
711 445 788 518 η’δ’
821 447 977 505 οἷλλοίῳ
1008 448 1078 491 ἐπὶ
1108 449 1233 504 έργῳ,

219 504 298 573 ἠδ’
331 504 378 547 ἐν
414 502 551 554 δαίθ’,
585 503 655 547 ὅτε
684 503 765 558 πέρ
795 521 839 548 τε
868 495 1107 560 γερούσιον
1137 508 1304 550 αἴθοπα
1336 505 1465 552 οἶνον

109 566 193 606 260
219 559 424 616 Ἀργείων
454 562 498 604 οἱ
527 559 697 614 ἄριστοι
726 561 790 604 ἐνὶ
819 567 1031 631 κρητῆρσι
1061 561 1289 615 κέρωνται.

223 634 341 670 ειπερ
372 634 456 672 γαρ
487 616 527 660 τ’
562 618 686 661 ἄλλοι
714 634 761 672 γε
791 617 1156 674 καρηκομόωντες
1180 618 1342 674 Ἀχαιοὶ

222 673 404 729 δαιτρόν
433 676 640 746 πίνωσιν,
677 674 756 719 σὸν
786 675 831 718 δὲ
861 679 1014 718 πλεῖον
1045 675 1177 725 δέπας
1208 676 1290 718 αἰεὶ

223 730 367 803 ἕστηχ’
372 765 384 784 ‚
421 731 565 785 ὥσπερ
597 731 713 801 ἐμοὶ,
744 731 904 780 πιέειν,
940 731 1011 774 ὅτε
1040 731 1184 786 θυμὸς
1214 730 1393 787 ἄνωγοι,

219 786 317 831 ἀλλ’
349 787 480 842 όρσευ
510 786 762 848 πόλεμόνδ’,
796 791 890 839 οῑος
917 803 1058 842 παρος
1088 787 1233 858 εὔχεαι
1263 788 1438 832 εἶναιίιζ

109 848 191 890 265

314 845 403 888 Τὸν
433 843 475 889 δ’
508 840 609 889 αὖτ’
637 843 902 899 Ἰδομενεύς,
921 848 1124 917 ἱΚρητῶν
1155 843 1284 915 οἶγὸς,
1316 845 1468 889 αντίον
1495 843 1627 901 ηὔδα·

220 899 461 973 ,,Ἀτρείδη,
493 900 608 957 μαλα
638 902 717 956 μέν
747 918 816 945 τοι
846 901 960 956 έγων
991 901 1164 957 ἐρίηρος
1193 900 1364 972 ἑταῖρος

223 958 426 1027 εσσομαι,
456 976 514 1010 ως
543 973 774 1012 τοπρωτον
801 957 995 1030 ὑπέστην
1024 959 1097 1001 καὶ
1127 957 1387 1003 κατένευσα·

224 1013 322 1058 ἀλλ’
355 1016 515 1066 ἄλλους
547 1014 705 1068 ὄτρυνε
736 1015 1107 1071 καρηκομόωντας
1130 1013 1341 1087 Ἀχαιούς,

224 1069 345 1128 ὄφρα
375 1072 555 1128 τάχιστα
584 1069 834 1128 μαχώμεθ’·

51 1170 140 1205 mine
175 1173 299 1217 auriga
333 1186 436 1208 curru
470 1174 562 1208 vecti
595 1174 771 1208 bellatoris
796 1174 866 1208 dici

51 1218 163 1259 soiet3
195 1219 256 1253 sed
282 1220 444 1265 armigeri
468 1232 626 1265 quoque,
652 1221 783 1264 legati,
807 1232 868 1254 co-

51 1263 142 1298 mitis
173 1271 209 1298 et
241 1267 408 1309 ejusmodi
443 1266 634 1321 adjutoris,
670 1267 730 1311 qui
763 1266 867 1299 hodie

50 1315 198 1344 vocatur
222 1313 415 1354 Adjutant,
442 1318 477 1346 et
501 1311 680 1356 θεραπων
707 1316 742 1345 et
766 1310 875 1347 ὀπα-’

52 1369 104 1390 ων
138 1357 296 1401 fungitur
333 1369 490 1400 munere,
527 1363 648 1404 estque
681 1358 756 1391 fere
789 1369 866 1391 cum

52 1402 162 1437 altero
194 1404 446 1439 necessitudine
487 1405 602 1448 aliqua
644 1405 864 1447 conjunctus·

53 1462 86 1484 v.
119 1449 233 1482 Feith.
301 1450 419 1486 ..495
455 1455 491 1484 et
521 1451 648 1495 Ksspke
682 1451 767 1484 u'ber
804 1451 867 1484 das

52 1461 296 1539 Kriegswesen
323 1498 357 1530 d.
390 1497 449 1530 Gr.
476 1507 509 1542 p.
538 1497 616 1532 141.
641 1508 737 1541 seqq.
776 1496 868 1549 figu-

52 1545 130 1574 rato
139 1521 269 1575 *autem
294 1553 396 1577 sensu
427 1544 548 1576 heroes
573 1543 717 1578 audiunt
748 1541 869 1585 θερά-

52 1599 186 1627 ποντες
202 1587 341 1632 ”.Αρηος
398 1588 573 1622 Diodorus
608 1589 680 1622 Sic.
705 1588 750 1629 5,
785 1590 866 1624 79.=

53 1635 181 1668 Μίνωι
206 1635 247 1671 δέ
272 1646 387 1679 φασιν
403 1633 514 1675 υὶους
533 1633 707 1678 γενέσθαι
723 1638 867 1670 Δευκα-

53 1678 169 1715 λίωνά
190 1693 228 1716 τε
248 1683 311 1716 καὶ
338 1680 486 1716 Μόλον·
522 1681 585 1716 καὶ
607 1683 864 1721 Δευκαλίωνος

52 1739 120 1771 μεν
137 1723 343 1771 Ἰδομενέα,
367 1726 501 1762 Μόλου
521 1725 562 1762 δὲ
566 1726 778 1786 ΙΙῙηριόνην
796 1725 869 1762 671-

53 1773 184 1818 άρξαι·
217 1772 376 1814 τούτους
406 1773 446 1809 δὲ
467 1774 599 1809 ναυσὶν
636 1773 869 1832 ὀγδοήκοντα

54 1821 272 1880 στρατεῦσαι
298 1817 379 1865 μετ’
395 1820 661 1865 Ἀγαμέμνονος
683 1820 747 1861 εἰς’
747 1819 868 1864 Ἰλιον,

53 1867 115 1902 καὶ
141 1867 398 1927 διασωθέντας
417 1868 468 1908 εἰς
483 1866 551 1912 τὴν
567 1867 730 1921 πατρίδα
748 1870 868 1902 τελευ-

52 1915 177 1957 τῆσαι,
203 1914 265 1949 και
284 1914 420 1969 ταφῆς
427 1913 636 1958 ἐπιφανοῦς
655 1910 869 1958 ἀξιωθῆναι

51 1960 113 1994 καὶ
146 1962 263 2004 τιμῶν
290 1958 508 1996 αθανάτων.
555 1960 616 1994 καὶ
649 1959 716 1994 τὸν
740 1959 868 2003 τάφον

53 2004 180 2042 αὐτων
201 2006 240 2042 ἐν
269 2009 316 2052 τῇ
340 2007 480 2052 Κνωσῷ
503 2005 762 2050 δεικνύουσιν,
786 2006 869 2042 ἐπι-

52 2066 202 2099 γραφην
221 2053 350 2098 ἔχοντα
374 2053 544 2088 τοιάνδε·

99 2112 273 2147 Κνωσίου
289 2106 536 2156 Ἰδομενῆοςς
520 2110 610 2154 ορᾷς
622 2120 774 2166 ταφον·
799 2106 870 2146 αὖ·

474 2170 543 2202 ταρ
563 2154 632 2201 ἐγώ
654 2170 713 2192 τοι

170 2203 325 2250 πλησίον
351 2202 724 2286 ιδρυμιΞΞῦΜηριόνης
743 2199 763 2239 6
783 2201 871 2238 Μό-

55 2306 249 2350 (distichon
271 2319 313 2342 cx
335 2307 535 2342 AristoteHs
561 2308 681 2352 Peplo.
714 2304 806 2354 ὁρας
833 2319 869 2352 p.

57 2351 128 2397 ὅρα
157 2353 281 2398 scripsi
306 2365 381 2388 cum
405 2354 582 2408 Stephano
613 2359 650 2388 et
679 2344 868 2387 Brunckio.

56 2411 89 2433 v.
114 2400 324 2444 Wesseiing.
353 2401 398 2434 ad
426 2399 526 2434 Diod.
549 2399 583 2432 h.
610 2399 633 2433 l.
665 2405 700 2433 et
730 2399 868 2434 Jacobs.

56 2446 193 2479 Anthol.
216 2447 287 2479 Pal.
303 2447 336 2481 3.
356 2458 389 2492 p
408 2445 507 2489 294.)
531 2444 689 2487 τούτους
694 2444 775 2505 μὲν
800 2440 869 2481 οὖν

57 2489 107 2532 ὠς
128 2490 253 2536 η’ρωας
271 2491 465 2536 ἐπιφανεῖς
485 2503 640 2535 τιμωσιν
669 2491 705 2526 οἱ
730 2494 871 2549 Κρῆτες

56 2538 314 2583 διαφερόντως
331 2537 503 2578 θύοντες,
527 2538 589 2573 καὶ
610 2539 705 2573 κατὰ
724 2538 813 2578 τούς
831 2551 870 2573 εν

55 2588 135 2624 τοῖς
166 2585 339 2628 πολέμοις
366 2583 564 2626 κινδύνους
583 2582 872 2639 ἐπικαλούμενοι

57 2630 239 2676 βοηθούς,
288 2632 505 2666 Cretensium
544 2627 707 2675 ου’ραγὸν
740 2631 872 2665 Merio-

57 2689 122 2711 nen
148 2677 256 2711 fuisse
274 2683 393 2711 censet
412 2678 454 2711 K.
490 2678 605 2732 Cyrus
633 2689 688 2722 ap
712 2677 870 2722 Xenopl.1

58 2724 142 2778 Cyn
167 2725 210 2763 3,
234 2725 277 2764 3,
301 2723 358 2757 41.
390 2723 432 2757 de
464 2720 572 2779 οὖρα)
574 2727 640 2764 οἷς
666 2725 871 2757 Persarum:

56 2768 179 2825 χώραν
205 2768 300 2814 ἔχετε
326 2767 438 2804 οὐδὲν
463 2783 575 2813 ηττον
600 2767 704 2826 ἡμων
726 2769 872 2813 ε’ντιμον

56 2818 131 2855 τῶν
154 2816 388 2872 προστατῶν·
416 2812 524 2869 ὑμεῖς
545 2815 613 2859 γὰρ
632 2815 791 2852 ὄπισθεν
811 2814 871 2850 όν-

57 2875 114 2903 τες
137 2861 228 2902 τούς
251 2859 284 2896 τ’
312 2860 484 2915 ἁγαθους
510 2857 556 2896 obv
578 2862 790 2907 ἐφορῶντες
809 2862 873 2897 καὶ

59 2908 328 2948 ἐπικελεύοντες
350 2904 479 2947 αὐτοῖς
504 2908 557 2942 ετι
581 2911 769 2954 κρείττους
790 2922 872 2943 ποι-

59 2959 136 2991 οἵτε
161 2963 228 2990 etc.
273 2955 319 2990 cf.
345 2954 505 2999 Xenoph.
532 2956 639 2989 Anab.
665 2958 706 2998 3,
731 2957 766 2999 3,
792 2958 848 2991 29.

105 3025 184 3060 256.
231 3027 370 3069 μειλ-,
394 3027 432 3057 ut
455 3021 497 3065 ζ,
523 3022 603 3064 214,
628 3023 708 3065 343,
733 3022 777 3067 ρ’,
790 3023 869 3059 431

866 1072 959 1116 ἐπεὶ
987 1073 1066 1125 ξύν
1095 1069 1142 1128 γ’
1173 1070 1294 1128 ὅρκι’
1328 1073 1481 1129 ε’χευαν

914 1180 981 1209 etc.
1029 1173 1174 1209 επεσσιν
1208 1174 1362 1208 additum
1395 1180 1448 1208 est
1485 1173 1522 1216 ι’,
1555 1176 1642 1219 113,
1677 1175 1722 1227 κ’,

913 1221 1000 1263 542,
1025 1221 1151 1266 Odyss.
1173 1219 1213 1264 ζ,
1241 1221 1308 1256 146
1328 1227 1363 1255 et
1385 1221 1480 1256 alias.

958 1248 1079 1303 257—
1091 1269 1171 1304 259.
1219 1265 1326 1310 πέρι
1342 1274 1393 1295 ³⁴-
1411 1269 1506 1301 τίω.
1544 1267 1726 1310 περισσῶς

912 1311 980 1357 μέν
1005 1325 1044 1348 σε
1067 1315 1180 1357 τιμῶ,
1217 1327 1236 1348 ο
1263 1314 1361 1348 ἐστιν
1385 1309 1477 1357 ’ὅπερ
1500 1312 1654 1352 πάντας.
1677 1332 1726 1338 —-

914 1359 1032 1403 (Vrat.
1058 1371 1097 1394 a:
1134 1358 1170 1400 ἐς
1196 1359 1325 1402 60106',
1351 1359 1443 1404 quod
1470 1359 1600 1404 placuit
1625 1359 1725 1416 Hey-

912 1417 977 1440 neo
1003 1410 1146 1451 propter
1171 1405 1341 1464 duri0r7em
1366 1405 1540 1441 elisionem
1563 1405 1599 1439 ἰιι
1620 1402 1725 1441 δαίθ’

914 1463 948 1497 p.
975 1451 1107 1496 δαιτί.)
1154 1465 1244 1496 γερ.
1278 1451 1448 1496 ἔντιμον,
1486 1465 1582 1487 κατα
1614 1451 1726 1507 τιμὴν

914 1497 1113 1542 διδόμενον
1136 1498 1256 1542 γέρας.
1282 1499 1521 1542 (Ehrenwein.
1562 1499 1607 1535 cf.
1630 1498 1726 1533 infe-

913 1544 984 1578 rius
1003 1544 1102 1588 344.)
1137 1546 1239 1581 aze.
1273 1545 1425 1588 μέλανα.
1448 1543 1515 1588 (α’,
1531 1542 1725 1589 462.)Sch.

913 1602 948 1624 v.
972 1601 1051 1624 ann.
1077 1590 1120 1625 ad
1146 1590 1193 1632 α’,
1221 1593 1297 1626 118.

959 1637 1040 1672 260.
1090 1635 1162 1680 κέρ.
1197 1638 1237 1680 (a
1261 1637 1367 1680 κέρω.
1411 1649 1444 1671 v.
1476 1636 1592 1671 Schol.
1616 1637 1725 1684 Lips„

915 1681 970 1725 U,
997 1683 1122 1717 Matth.
1149 1686 1181 1726 ἓ.
1206 1685 1307 1728 239.)
1338 1693 1502 1726 κιρνωσι.
1527 1683 1609 1718 Sch.

959 1730 1047 1771 261,
1072 1730 1106 1763 2.
1154 1729 1346 1764 recitantur
1379 1730 1413 1763 hi
1450 1741 1574 1763 versus
1601 1730 1644 1764 ab
1677 1732 1725 1765 Α-

914 1774 1061 1807 thenaeo
1086 1777 1119 1810 5.
1155 1788 1190 1821 p.
1217 1778 1284 1811 193
1308 1777 1368 1816 A„
1399 1781 1439 1809 ut
1463 1775 1608 1817 doceat,
1642 1775 1727 1811 viris

915 1819 1127 1864 principibus
1162 1824 1321 1856 honorem
1356 1832 1431 1855 eum
1463 1832 1540 1855 esse
1563 1822 1728 1867 habitum,

916 1870 956 1900 ut
978 1877 1113 1911 semper
1146 1868 1266 1912 plenus
1305 1867 1464 1901 adstaret
1485 1867 1586 1903 calix.
1634 1873 1729 1904 cete-

915 1911 963 1945 ris
998 1923 1109 1957 aequa
1141 1914 1257 1959 portio
1300 1914 1375 1946 vini
1419 1913 1596 1957 assignata
1639 1921 1727 1961 erat,

916 1958 1142 2002 δαιτρὸν,
1175 1959 1268 2004 quod
1291 1959 1373 1994 Sch.
1396 1959 1649 2004 interpretatur
1664 1974 1728 2006 με-

915 2004 1156 2048 μερισμένον,
1191 2007 1398 2048 διαίρετον,
1434 2005 1583 2051 Hesych.
1617 2019 1728 2051 μεμε-

915 2051 1115 2096 τρημένον,
1147 2052 1238 2086 Plut.
1264 2052 1374 2085 Conv.
1397 2052 1419 2086 7
1440 2051 1525 2098 Sap.
1550 2065 1585 2098 p.
1604 2055 1727 2091 15613.

916 2098 1110 2156 μετρητόν.
1133 2098 1188 2131 Ea:
1209 2099 1255 2132 H.
1282 2099 1333 2131 E:
1360 2097 1562 2155 δαιτρόν
1586 2098 1626 2134 δε
1650 2102 1730 2136 πί·-

916 2157 1019 2180 νειν
1052 2143 1349 2187 ἐπιρρηματικῶς
1387 2141 1470 2178 ἀντὶ
1492 2157 1560 2179 του
1583 2158 1730 2192 μεμερι-

918 2190 1070 2234 σμένως.
1093 2191 1277 2248 (Ηοεμιικ
1302 2202 1405 2232 παρα
1428 2187 1470 2224 τὸ
1497 2192 1603 2234 daim,
1627 2195 1728 2238 μερί-

916 2237 998 2280 ζω.)
1034 2257 1080 2262 -
1118 2235 1158 2272 ἐν
1190 2235 1229 2271 δὲ
1262 2239 1313 2283 τῷ
1348 2234 1431 2270 σὸν
1466 2236 1515 2272 δὲ
1554 2242 1729 2276 πλεῖον

917 2282 1061 2324 δέπας
1093 2280 1113 2318 6
1146 2280 1194 2317 δε
1229 2272 1433 2338 σύνδεσμος
1466 2280 1485 2317 ὁ
1512 2281 1629 2326 αὐτός
1652 2286 1728 2323 ἐστι

916 2331 968 2376 τῷ
992 2327 1038 2374 δὴ
1063 2325 1085 2373 ἢ
1110 2330 1162 2375 τῷ
1186 2326 1320 2365 ἀλλά.
1363 2326 1404 2364 τὸ
1430 2327 1471 2364 δὲ
1495 2334 1666 2369 πλειον
1685 2348 1728 2370 το

915 2377 1028 2422 γέμον
1044 2365 1164 2420 δηλόῖ
1184 2374 1225 2411 vd
1251 2375 1353 2421 παρὰ
1379 2377 1459 2417 τοῖς
1482 2374 1638 2424 ὕστερον
1668 2379 1730 2425 ἔμ-

915 2426 1034 2458 πλεων
1059 2429 1125 2456 etc.

962 2471 1052 2510 263,
1075 2467 1109 2503 4.
1159 2464 1351 2513 οἷνιόγοι.
1384 2467 1540 2505 κελεύοι.
1585 2468 1728 2516 ὄρσευ

919 2513 1058 2566 (ὄρσεο.
1095 2514 1141 2548 cf.
1166 2515 1276 2560 204.)
1301 2516 1495 2574 διεγείρων.
1509 2517 1593 2551 Sch.
1625 2516 1730 2560 οἷος

917 2582 962 2587 -
987 2567 1130 2597 εἰναι.
1156 2562 1262 2595 ordo:
1290 2566 1368 2602 οἱος
1393 2561 1516 2606 εὔχεαι
1540 2561 1637 2598 εἶναι
1654 2564 1729 2600 πά·
1792 2566 1795 2593 :¹

918 2621 1002 2652 ρος,
1037 2608 1173 2652 qualem
1207 2613 1241 2641 te
1274 2613 1380 2642 antea
1414 2609 1521 2642 fuisse
1551 2611 1727 2655 gloriaris.

918 2667 951 2689 v.
976 2655 1103 2688 Matth.
1129 2655 1160 2694 ς.
1186 2652 1266 2690 499.

964 2701 1043 2736 265.
1094 2696 1222 2742 οἷγός.
1257 2696 1413 2745 ἡγεμών.
1454 2712 1558 2745 παρα
1582 2700 1625 2738 τὸ
1650 2699 1728 2749 ἄγω
1790 2749 1791 2763 ¹

922 2746 1034 2792 ρῆμα.
1058 2745 1139 2778 Sch.

963 2794 1044 2828 266.
1092 2790 1147 2834 ἐρ.
1173 2789 1217 2836 γ’,
1242 2790 1307 2833 47,
1332 2793 1399 2827 378
1426 2797 1492 2826 etc.

963 2841 1042 2875 267.
1093 2835 1166 2871 ὑπ
1208 2834 1440 2882 ὑπεσχόμην,
1481 2836 1726 2894 ἀνεδεξάμην,

919 2898 957 2919 εκ
981 2883 1195 2929 μεταφορᾶς
1219 2886 1342 2924 κίονος
1366 2883 1543 2920 ’ὑποκάτω
1574 2886 1726 2928 thvtog
1787 2899 1789 2904 ’

919 2931 981 2966 καὶ
1006 2930 1199 2989 ἀνέχοντος
1223 2930 1268 2966 τοὶ
1295 2930 1512 2975 ἐπικείμενα.
1539 2933 1592 2965 Ex·
1613 2933 1658 2966 E.

965 2979 1045 3013 269.
1093 2975 1460 3032 ἐπεὶ-ἔχευαν.
1494 2976 1621 3022 ἐπειδὴ
1642 2990 1726 3013 συν-

922 3023 1050 3068 έχευαν
1075 3036 1163 3063 τους
1190 3020 1345 3067 όρκους,
1379 3023 1609 3070 ἐπιόρκησαν.
1643 3026 1726 3060 Sch.
