1811 3269
0 581 8 701 —v-=.ff
0 504 1 523 μ

588 182 1030 224 ΙΛΙΛΛΟΣ
1087 183 1132 223 Ζ.

1605 184 1690 225 305

111 301 166 344 35
204 296 414 352 Πήδασον
444 292 687 348 αἰπεινήν)·
720 290 931 334 Φύλακον
962 290 1006 334 δ’
1039 291 1105 334 ἕλε
1134 288 1297 347 Λήϊτος
1325 289 1446 346 ἥρως

196 350 424 409 φεύγοντ’·
458 349 725 404 Εὐρύπυλος
755 348 801 391 δὲ
831 347 1097 390 Μελάνθιον
1127 347 1378 401 ἐξενάριξεν.

262 410 509 463 ’Ἄδρηστον
540 406 582 450 δ’
613 405 687 459 ἄρ’
718 407 862 449 ἔπειτα
894 404 1007 460 βοὴν
1037 403 1208 459 ἀγαθὸς
1238 405 1470 456 Μενέλαος

198 465 310 517 ζωόν
340 463 425 508 ἕλ’·
457 466 574 507 ἵππω
604 464 688 518 γάρ
721 465 765 506 οἱ
794 461 1041 516 ἀτυζομένω
1071 463 1254 513 πεδίοιο,

194 521 275 578 ὄζῳ
307 521 370 563 ἔνι
399 521 648 577 βλαφθέντε
677 520 913 575 μυρικίνω,
952 516 1146 572 ἀγκύλον
1176 518 1296 574 ἅρμα

109 582 163 624 40
194 577 344 630 ἄξαντ’
377 578 422 620 ἐν
451 577 610 635 πρῴτῳ
644 578 789 633 ῥυμῷ,
822 564 940 618 azimi
971 574 1050 628 μὲν
1083 573 1241 629 ἐβήτην

190 634 301 688 πρὸς
329 632 477 685 πόλιν,
508 636 617 690 ᾐπερ
652 636 695 677 οἱ
725 634 850 676 ἄλλοι
879 629 1139 686 ἀτυζόμενοι
1167 628 1408 686 φοβέοντο·

193 690 327 742 αὐτὸς
358 689 397 735 δ’
433 692 479 735 ἐκ
511 693 689 745 δίφροιο
719 689 841 744 παρὰ
875 687 1035 744 τροχόν
1067 688 1321 742 ἐξεκυλίσθη

190 747 359 804 πρηνὴς
390 749 436 791 ἐν
471 750 674 804 κονίῃσιν
704 747 771 790 ἐπὶ
805 745 967 800 στόμα·
997 744 1086 797 παρ
1120 743 1165 787 δέ
1196 745 1240 786 οἱ
1270 743 1369 799 ἔστη

188 804 401 861 Ἀτρείδης
433 805 684 855 Μενέλαος,
718 805 826 859 ἔχων
857 800 1135 857 δολιχόσκιον
1165 800 1302 856 ἔγχος.

105 864 160 908 45
175 861 417 917 ’Ἄδρηστος
448 860 488 905 δ’
523 859 595 916 ἄρ’
629 862 772 904 ἔπειτα
801 858 952 914 λαβών
981 857 1198 901 ἐλλίσσετο
1231 854 1434 912 γούνων·

270 918 489 974 ,,Ζώγρει,
519 917 684 972 Ἀτρέος
713 918 802 969 υἱὲ,
834 915 889 959 σὺ
921 913 963 959 δ’
995 915 1095 967 ἄξια
1129 914 1248 965 δέξαι
1278 911 1455 955 ἄποινα.

191 975 331 1018 πολλὰ
364 974 406 1019 δ’
440 976 487 1019 ἐν
517 973 707 1031 ἀφνειοῦ
735 972 901 1027 πατρὸς
929 972 1131 1028 κειμήλια
1161 975 1310 1022 κεῖται,

190 1031 351 1087 χαλκός
384 1048 428 1075 τε
464 1031 626 1088 χρυσός
651 1048 695 1076 τε
724 1028 1002 1086 πολύκμητός
1032 1045 1076 1073 τε
1106 1030 1305 1085 σίδηρος·

18 1144 86 1179 trio
120 1144 388 1191 Adramytteum
423 1147 483 1192 qui
515 1151 650 1191 spectat
681 1147 829 1181 Lesbum

18 1191 178 1233 insulam,
205 1200 448 1227 concesserunt
467 1194 502 1227 in
528 1193 686 1236 Cariam,
713 1193 830 1238 ibique

18 1239 137 1272 urbem
159 1239 408 1283 cognominem,
435 1239 480 1274 τοὶ
508 1240 687 1284 Πήδασα,
712 1241 831 1273 condi·-

19 1284 163 1325 derunt,
188 1291 226 1318 ut
250 1291 370 1319 auctor
394 1293 446 1319 est
469 1287 689 1331 geographus
717 1288 770 1321 13.
796 1298 830 1331 p.

20 1332 100 1366 909.
136 1331 201 1364 fuit
235 1338 270 1365 et
301 1332 440 1365 tertium
466 1334 540 1376 ejus
564 1333 706 1366 nominis
731 1333 832 1377 oppi-

20 1377 100 1410 dum
113 1378 315 1418 Messeniae,
333 1378 509 1422 Πήδασος
525 1377 753 1422 οἷμπελόεσσα
773 1377 830 1422 (ι’,

22 1424 138 1467 152),
166 1424 290 1457 Achilli
316 1426 516 1469 promissum
542 1427 584 1459 ab
606 1427 831 1469 Agamemno-

19 1480 76 1510 ne,
104 1471 147 1502 de
172 1481 238 1514 quo
260 1470 386 1515 oppido
407 1484 439 1507 v.
461 1473 629 1506 Mannert.
650 1474 680 1506 8.
704 1484 736 1517 p.
749 1473 829 1506 531.

19 1521 56 1549 et
79 1515 159 1550 543.
186 1517 287 1549 sen:
322 1516 562 1561 Πήδασον.
597 1516 700 1556 πόλις
735 1521 830 1560 Φρυ-

16 1563 100 1607 γίας
128 1559 150 1605 ἡ
177 1561 365 1606 Πήδασος.
395 1585 430 1589 -
454 1562 649 1606 Ἀχιλλεύς,
671 1561 745 1599 ὑπὸ
766 1564 830 1600 τόν

22 1608 190 1652 Τρωϊκὸν
223 1609 387 1654 πόλεμον
417 1613 574 1655 πορθῶν
598 1611 665 1650 τοὶς
688 1612 830 1654 περιοί-

17 1668 107 1695 κους
129 1656 195 1700 τῆς
213 1652 322 1691 Ἰλίου
346 1655 481 1698 πόλεις,
507 1655 660 1699 ἀφίκετο
688 1659 740 1698 εἰς
761 1657 829 1701 τήν

17 1700 135 1738 πάλαι
166 1699 234 1746 μὲν
269 1703 450 1747 Μονηΐαν
482 1705 711 1748 (Μονηνίαν
742 1705 830 1738 dixit

17 1749 92 1793 1⁴2),
114 1751 185 1784 νῦν
209 1746 249 1783 δὲ
277 1749 455 1795 Πήδασον
474 1751 718 1795 καλουμένην,
740 1754 829 1796 βου-

16 1795 170 1838 λόμενος
193 1794 292 1839 ὁμοῦ
326 1801 408 1838 ταῖς
442 1795 569 1837 ἄλλαις
604 1798 665 1832 καὶ
690 1798 830 1842 ταύτην

15 1841 122 1877 ἑλεῖν.
183 1840 411 1887 ἀπογνόντος
446 1843 486 1878 δὲ
520 1843 639 1880 αὐτοῦ
674 1843 742 1888 τὴν
778 1846 830 1885 εἰς

16 1889 120 1929 τέλος
161 1892 380 1933 πολιορκίαν
419 1890 481 1925 διὰ
520 1891 587 1935 τὴν
621 1889 829 1936 ὀχυρότητα

17 1937 89 1970 τοῦ
113 1934 252 1977 τόπου,
278 1938 338 1971 καὶ
363 1936 558 1979 μέλλοντος
584 1936 656 1981 ἤδη
683 1938 828 1984 ἀναχω-

17 1985 120 2026 ρεῖν,
160 1982 274 2025 φασὶν
316 1983 400 2017 εἴσω
437 1986 511 2018 τῶν
542 1986 671 2028 τειχῶν
711 1985 829 2019 οὖσαν

0 2027 210 2072 Ἰπαρθένον
235 2028 441 2074 ἐρασθῆναι
466 2031 535 2065 τοῦ
558 2029 748 2074 Ἀχιλλέως,
765 2031 828 2066 καὶ

0 2074 205 2132 ἶλαβοῦσαν
222 2074 428 2120 ἐπιγράψαι
452 2078 514 2112 καὶ
539 2076 631 2112 αὐτὸ
649 2077 760 2120 ῥίψαι
778 2079 830 2118 εἰς

16 2133 128 2166 μεσον
148 2123 222 2157 τῶν
244 2121 404 2167 Ἀχαιῶν.
455 2121 498 2168 ἧν
525 2123 563 2158 δὲ
589 2123 627 2159 ἐν
653 2122 755 2169 αὐτῷ
770 2137 826 2169 γε·

16 2168 229 2214 γραμμένα·
279 2169 336 2215 μὴ
387 2167 572 2211 σπεῦδ’,
611 2168 826 2214 Ἀχιλλεῦ,

15 2216 132 2260 πρὶν
192 2216 419 2261 Μονηΐαν
475 2216 586 2263 ἕλῃς
607 2228 615 2235 ·
675 2217 825 2262 ”’Ί’δωρ

15 2262 102 2307 γὰρ
138 2261 224 2297 οὐκ
268 2262 443 2298 ἔνεστι·
489 2265 699 2304 διψῶσιν
740 2278 825 2298 κα-

15 2310 116 2349 κῶς.
164 2308 230 2344 τὸν
253 2309 292 2345 δὲ
316 2308 471 2355 Ἀχιλλέα
495 2310 732 2354 ἐπιμείναντα
757 2310 824 2346 οὕ-

0 2368 67 2390 ῑτω
101 2358 226 2402 λαβεῖν
255 2355 324 2401 τὴν
359 2357 468 2392 πόλιν
502 2359 547 2403 τῇ
582 2359 651 2392 τοῦ
684 2357 825 2399 ὕδατος

0 2401 157 2437 ’σπάνει
194 2401 216 2447 ἡ
237 2401 380 2448 ἱστορία
394 2402 493 2446 παροὶ
512 2406 711 2449 Δημητρίῳ
735 2405 826 2447 (De—

0 2449 138 2485 {mettio
157 2449 318 2494 Scepsio)
343 2447 588 2496 καὶ“Ησιόδῳ.
622 2451 739 2495 inepte
755 2452 827 2484 He-

0 2494 101 2529 :siodi
126 2507 245 2529 nomen
277 2497 474 2542 interponi,
515 2497 570 2530 vel
603 2497 730 2530 senarii
766 2497 826 2530 isti

0 2541 188 2583 indicant,
213 2544 304 2587 quod
329 2555 439 2588 genus
463 2544 555 2577 haud
581 2543 675 2576 novit
694 2543 752 2575 illa
767 2554 825 2576 ae-

15 2591 91 2628 tas;
123 2588 180 2632 qui
205 2589 342 2633 quidem
368 2601 489 2623 versus
514 2602 556 2622 ex
582 2590 736 2622 dramate
762 2589 825 2621 ali-

17 2644 85 2678 quo
109 2635 277 2679 satyric0‚
303 2637 403 2680 quale
429 2636 496 2669 fuit
519 2636 599 2668 illud
629 2635 825 2679 Sophoclis,

17 2680 107 2722 quod
129 2679 308 2726 inscripsit
324 2681 505 2727 Ἀχιλλέως
525 2680 699 2725 Ἐρασταὶ
712 2707 722 2722 ,
745 2693 824 2725 pro-

17 2724 79 2758 lati
103 2736 179 2758 esse
203 2728 372 2764 videntur.
422 2735 516 2762 certe
546 2728 590 2761 de
621 2729 684 2761 hac
708 2728 826 2762 fabula

1 2781 81 2808 ,nec
104 2771 182 2804 vo!a
204 2784 267 2806 nec
292 2774 472 2817 vestigium
498 2780 552 2808 est
574 2787 630 2819 ap.
656 2775 755 2807 Hom.
781 2792 825 2799 —

17 2816 61 2849 de
77 2816 186 2897 7Ιὲεδῐίο
211 2819 337 2853 Boeoto
363 2825 398 2855 et
423 2822 599 2865 Eurypylo
632 2832 665 2854 v.
691 2819 736 2866 β’,
756 2819 826 2855 494

17 2866 53 2896 et
149 2889 156 2896 .

62 2910 107 2944 37
127 2928 172 2934 —
191 2908 248 2945 45.
285 2908 558 2958 Ἄδρηστον.
611 2912 715 2946 alium
751 2912 826 2954 ejus

11 2954 158 2988 nominis
183 2956 370 2999 Trojanum
394 2959 580 3003 peremisse
605 2959 732 2992 dicitur
757 2958 824 2991 Pa-

15 3001 146 3056 tryclus
169 2999 311 3043 222694.
337 3023 382 3029 —-
407 3006 509 3038 Sch.:
535 3003 664 3047 ἀτυζ.
688 3015 826 3048 ταρασ-

15 3057 175 3091 σομενοι.
223 3049 574 3097 καταπλησσόμενοι,
600 3051 663 3088 καὶ
685 3048 825 3098 φοβού-

58 3104 201 3141 Houssn.
225 3106 254 3141 l.

876 1157 991 1189 μενοι.
1017 1142 1060 1186 (02
1070 1157 1099 1178 τ.
1124 1143 1243 1181 πεδ.,
1273 1137 1408 1175 turbati
1423 1135 1608 1181 fugientes
1627 1147 1691 1179 per

878 1192 1066 1235 campum.)
1100 1187 1187 1233 ὄζῳ
1221 1187 1248 1224 ε’.
1281 1189 1344 1233 βλ.
1390 1180 1466 1237 ὑπὸ
1501 1184 1571 1218 τοῦ
1602 1180 1691 1225 ὄζου

876 1237 1140 1281 ἐπισχεθέντες.
1180 1232 1255 1270 ὑπὸ
1278 1234 1346 1268 τοῦ
1373 1231 1514 1266 κλαδου
1538 1230 1691 1279 ἐμποδι-

878 1284 1042 1323 σθέντες.
1088 1295 1192 1327 μυρ.
1224 1282 1277 1327 τῷ
1300 1280 1366 1325 τῆς
1389 1279 1564 1321 μυρίκης,
1590 1278 1691 1317 εἶδος

877 1331 1041 1375 (εἴδους)
1066 1329 1234 1372 δένδρου.
1270 1326 1464 1370 (μυρίκη
1496 1328 1550 1357 est
1572 1328 1691 1356 tama-

878 1379 931 1410 rix
961 1377 1099 1410 Gallica
1133 1375 1254 1415 Linn.‚
1287 1383 1387 1418 quam
1422 1371 1579 1404 arborem
1603 1373 1690 1403 vett.

876 1424 994 1457 Latini
1017 1422 1118 1455 etiam
1144 1420 1329 1455 tamaricen
1355 1421 1500 1456 vocant,
1526 1421 1562 1449 et
1585 1427 1691 1460 grae-

878 1481 917 1503 co
943 1470 1075 1503 nomine
1100 1468 1275 1513 myricam.
1307 1466 1404 1508 Virg.
1432 1463 1552 1506 Eclog.
1577 1464 1618 1503 4,
1641 1464 1689 1497 22

877 1528 944 1549 ηοη
959 1516 1066 1548 omnis
1078 1516 1221 1547 arbusta
1230 1514 1361 1556 juvant
1372 1511 1582 1552 humilesque
1599 1519 1691 1552 my-

877 1563 1016 1596 ricae.
1050 1573 1083 1594 ν.
1100 1560 1305 1593 Billerbeck.
1331 1557 1425 1591 Flor.
1453 1555 1552 1589 class.
1580 1565 1612 1598 p.
1630 1556 1688 1589 83.

877 1628 919 1633 --
957 1605 1163 1651 ἀγκύλον
1199 1603 1334 1648 ἅρμα.
1371 1602 1463 1636 idem
1496 1600 1690 1644 καμπύλον

876 1653 913 1690 ἅ.
940 1654 1029 1688 dixit
1052 1651 1092 1694 ε’,
1117 1654 1209 1693 231.,
1235 1651 1359 1685 ibidem
1384 1659 1468 1681 vero
1494 1652 1530 1680 et
1548 1646 1689 1692 saepius

876 1699 1018 1745 ἀγκύλα
1041 1700 1142 1742 τόξα.
1192 1698 1276 1732 mire
1308 1694 1445 1741 quidam
1479 1693 1690 1748 interpreta-

875 1749 1002 1781 bantur
1026 1742 1199 1790 ἰσχυρόνι
1224 1757 1255 1778 v.
1282 1742 1374 1777 Toll.
1402 1741 1446 1795 ad
1472 1742 1535 1798 Apt.
1562 1751 1594 1773 v.
1624 1753 1690 1796 ay:

874 1793 1009 1836 κόλον,
1035 1791 1215 1835 σκολιόν.)
1249 1790 1294 1825 ἐν
1318 1801 1486 1834 πρωτῳ
1512 1799 1545 1829 ρ.
1577 1784 1615 1821 ἐν
1637 1800 1688 1832 τῳ

875 1840 975 1883 ἄκρω
1001 1841 1070 1875 τοῦ
1095 1839 1228 1884 ῥυμοῦ.
1254 1836 1386 1879 (‚‚Hier
1412 1845 1488 1867 war
1513 1832 1575 1865 das
1601 1833 1689 1867 Joch

875 1879 960 1921 oder‘
982 1888 1103 1920 Kumm
1128 1883 1297 1927 besestigt
1330 1879 1393 1926 [ε’,
1419 1880 1539 1923 729.]:
1565 1878 1686 1923 daher,

873 1934 994 1967 sobald
1020 1934 1082 1966 der
1100 1932 1217 1965 Bruch
1235 1929 1310 1962 hier
1327 1926 1491 1972 geschah‚
1517 1923 1572 1958 die
1587 1924 1688 1959 Pser-

874 1981 918 2013 de
943 1979 1010 2012 frei
1036 1989 1154 2012 waren
1180 1988 1211 2009 u.
1237 1976 1299 2009 mit
1326 1975 1402 2006 dem
1426 1972 1534 2006 Joche
1559 1971 1688 2005 durch-

873 2027 962 2070 gehn
988 2026 1149 2058 konnten.
1185 2023 1230 2056 cf.
1256 2020 1307 2062 π’,
1324 2021 1431 2074 371(ς
1457 2018 1490 2050 Ε
1511 2017 1576 2061 Κ.)
1601 2015 1688 2074 ocaz-

873 2086 892 2106 τ
906 2070 932 2105 ὠ
959 2085 996 2115 μ.
1020 2070 1081 2117 ἐβ.
1115 2068 1306 2115 γραφικῶς
1326 2065 1362 2101 οὶ
1382 2077 1448 2108 μεν
1467 2064 1579 2119 ἵπποι
1595 2076 1688 2108 φευ-

873 2130 1026 2163 γουσιν,
1073 2115 1304 2154 ἐπικειμένου
1349 2113 1418 2146 τοῦ
1464 2112 1577 2160 ζυγλου
1619 2115 1688 2146 etc.

873 2166 966 2210 („>-
988 2163 1228 2209 φοβέοντο
1254 2173 1288 2207 p.
1312 2158 1452 2204 ἔφυγον
1477 2169 1496 2191 e
1519 2162 1687 2201 perpetuo

872 2215 999 2256 poetae
1042 2213 1154 2244 usu.“
1190 2210 1233 2242 H.
1279 2226 1321 2231 ——
1372 2203 1614 2239 ἐλλίσσετο
1651 2215 1686 2249 p.

873 2258 1051 2298 ἐλίσσετο,
1085 2262 1123 2290 ut
1153 2257 1238 2289 haec
1271 2257 1306 2287 et
1337 2248 1687 2304 similia'fflmozfflqv

873 2305 1001 2349 Odyss.
1021 2302 1061 2343 λ’,
1081 2304 1138 2338 35.
1173 2302 1342 2345 ἔλλαβεν,
1365 2297 1602 2334 ε’λλιτανευεν.
1653 2308 1685 2330 v.

874 2352 927 2385 Cl.
962 2356 998 2384 et
1029 2351 1098 2384 Th.
1134 2352 1167 2392 §-
1203 2348 1289 2388 174,
1323 2346 1356 2381 3.
1390 2363 1436 2368 -
1469 2347 1687 2388 comparatur

872 2398 972 2441 Virg.
1006 2398 1089 2431 Aen.
1116 2399 1147 2437 1,
1169 2394 1270 2435 478„
1297 2394 1361 2431 10,
1383 2391 1453 2426 570
1474 2401 1571 2434 seqq.

919 2444 965 2478 46
979 2444 1091 2478 -5o.
1126 2440 1297 2487 expressit
1313 2437 1413 2481 Virg.
1434 2436 1573 2491 10‚'524
1585 2446 1685 2480 seqq.

872 2490 975 2524 Sch.:
1000 2487 1057 2532 ζοό
1069 2501 1118 2532 γρ
1132 2501 1146 2523 ε
1159 2501 1182 2522 ι.
1209 2489 1329 2529 ζῶντα
1354 2481 1429 2528 ἄγε.
1451 2484 1485 2526 (ε
1500 2508 1510 2523 ,
1525 2483 1603 2517 698.
1619 2483 1685 2523 ζω-

871 2540 970 2581 γρεῖν
1003 2535 1180 2580 significat
1212 2535 1248 2567 in
1285 2533 1395 2565 vitam
1430 2540 1605 2585 revocare:
1638 2546 1686 2552 —-

872 2582 895 2617 ἄ
908 2586 1000 2626 ξια,
1015 2584 1130 2626 τίμια,
1149 2592 1213 2614 non
1229 2575 1367 2615 εὔωνοι,
1387 2587 1454 2621 quo
1468 2586 1569 2609 sensu
1582 2574 1686 2616 αξιος

872 2630 939 2664 dici
959 2629 1047 2663 solet
1064 2629 1107 2661 ab
1134 2626 1269 2661 Atticis.
1307 2637 1341 2658 v.
1365 2624 1514 2666 interpp.
1528 2621 1685 2674 Tbomae

872 2677 965 2720 Mag.
993 2676 1026 2708 h.
1055 2687 1087 2709 v.
1113 2680 1180 2707 etc.
1210 2692 1256 2696 —-
1287 2683 1345 2706 vv.
1371 2669 1529 2704 46—50
1561 2671 1684 2722 iterum

871 2724 1032 2767 leguntur
1049 2719 1092 2763 λ’,
1121 2722 1237 2755 131-
1253 2719 1329 2752 135.
1358 2716 1411 2749 Ea:
1429 2714 1473 2746 H.
1508 2713 1553 2747 cf.
1578 2718 1614 2746 et
1638 2725 1683 2767 ιι,

871 2770 938 2804 378
959 2780 1079 2813 seqq„
1114 2771 1150 2799 et.
1173 2765 1216 2798 de
1241 2762 1404 2809 genitivis
1429 2758 1519 2814 α’φν.
1543 2771 1684 2814 πατρος

872 2827 950 2849 ann.
975 2816 1019 2848 ad
1044 2813 1123 2848 378.
1172 2823 1295 2855 κειμ.
1338 2807 1385 2843 τοὶ
1418 2805 1512 2850 ἀργα
1546 2804 1608 2861 καὶ
1636 2817 1683 2837 α-

870 2860 1018 2897 πόθετα
1040 2857 1218 2904 χρήματα.
1251 2876 1296 2882 -
1336 2856 1456 2910 ποηλ.ξ
1477 2864 1573 2906 μεται
1594 2853 1682 2907 πολ,-

871 2910 938 2944 λοῦ
962 2906 1131 2952 καμάτου
1156 2903 1364 2949 γενόμενος.
1390 2915 1412 2943 η
1439 2913 1458 2934 ο
1482 2900 1598 2932 πολυν
1614 2910 1682 2930 κα-

870 2968 989 3000 ματον
1012 2950 1273 2995 παρεχόμενος.
1307 2947 1415 2992 (quod
1436 2945 1551 2998 ²⁰b⁰T⁶
1574 2944 1682 2976 multo

866 3007 1030 3047 paratur.
1063 2998 1218 3033 similiter
1239 2995 1389 3040 Hesych.
1415 2996 1449 3025 et
1474 2999 1602 3044 prifnus
1617 2990 1680 3034 Ap.

870 3062 904 3084 V.
929 3046 1179 3091 πολύκμητον.
1217 3043 1261 3078 cf.
1286 3043 1340 3081 K,
1366 3039 1410 3074 H.
1445 3039 1681 3081 πολυκμητον

1299 3091 1356 3129 20
