1811 3269
579 163 1113 204 ΙΛΙΑΔΟΣΚ.

1630 168 1685 208 77

189 266 315 307 ι’πποι
344 261 384 307 δ’
419 263 537 314 οἵδε,
569 262 736 317 γεραιὲ,
770 261 997 334 νεήλυδες,
1030 262 1110 313 οὓς
1139 262 1353 318 ἐρεείνεις,

192 323 414 377 Θρηΐκιοι·
446 318 525 363 τὸν
556 320 601 362 δέ
633 332 740 388 σφιν
774 317 930 362 ἄνακτ’
962 318 1133 373 α’γαθός
1147 320 1390 387 Διομήδης

77 383 158 423 560
189 378 359 427 ἔκτανε,
392 376 480 428 πὰρ
514 374 557 419 δ’
591 375 772 431 ἑτάρους
803 377 1069 420 δυοκαίδεκα
1098 375 1265 428 πάντας
1296 376 1514 429 αρίστους.

190 434 267 477 τὸν
296 433 653 488 τρισκαιδέκατον
682 432 848 477 σκοπὸν
878 435 1051 488 εἵλομεν
1080 431 1234 489 ἐγγύθι
1264 438 1400 490 νηῶν,

179 489 257 534 τόν
285 490 341 545 ῥα
372 492 587 546 διοπτῆρα
619 493 810 545 στρατοῦ
840 490 1019 546 ἔμμεναι
1047 490 1310 569 ήμετέροιο“

178 546 346 601 Ἐκτωρ
374 563 418 591 τε
447 548 634 603 προέηκε
662 549 734 591 καὶ
765 547 891 591 ἄλλοι
927 551 1073 601 Τρωες
1103 545 1310 603 οέγαυοίέ*

260 625 342 678 Ὼς
377 627 513 670 εἶπων
524 626 737 699 τάφροιο
766 625 944 683 διήλασε
975 625 1182 681 μώνυχας
1211 628 1387 677 ι’ππους,

78 688 159 729 565
191 684 471 757 καγχαλόων·
507 702 596 738 αμα
627 683 669 728 δ’
703 683 827 727 ἄλλοι
856 686 957 726 ι’σαν
987 685 1212 739 χαίροντες
1238 681 1409 739 Ἀχαιοί.

192 743 236 784 οἱ
265 740 309 784 δ’
344 740 414 785 ὅτε
448 743 664 784 Τυδείδεω
696 743 869 812 κλισίην
900 739 1112 783 εὔτυκτον
1143 741 1306 792 ι’κοντο,

190 800 350 849 ἵππους
379 799 458 852 μὲν
487 797 732 870 κατέδησαν
761 797 1040 866 ἐϋτμήτοισιν
1069 799 1219 852 ἱμᾶσιν

191 855 338 925 φάτνῃ
369 853 439 910 ἐφ’
474 857 642 911 ἷππείη,
676 855 752 899 ὅθι
781 871 860 907 περ
891 854 1138 927 Διομήδεος
1167 856 1294 897 ι’πποι.

191 911 378 954 ε’στασαν
409 911 654 963 ωκύποδες,
674 913 886 985 μελιηδέα
915 913 1059 965 πυρὸν
1089 911 1281 962 ἔδοντες·

77 972 159 1015 570
189 971 265 1024 νηῒ
293 967 334 1012 δ’
366 969 429 1011 ἐνι
460 968 638 1025 πρύμνη
671 970 806 1042 ἔναρα
834 969 1073 1040 βροτόεντα
1103 968 1313 1018 Δόλωνος

187 1025 299 1079 θῆκ’
328 1023 561 1077 Ὀδυσεύς,
593 1026 701 1080 ὄφρ’
731 1026 829 1080 ἱρόν
860 1025 1184 1096 ἑτοιμασσαίατ’
1214 1023 1394 1080 Ἀθήνη.

190 1082 315 1126 αὐτοὶ
347 1081 389 1125 δ’
422 1085 533 1134 ἵδρω
562 1083 727 1126 πολλὸν
757 1082 1012 1153 ἀπενίζοντο
1040 1081 1255 1137 θαλάσση,

189 1139 413 1191 ἐσβάντες,
445 1138 615 1196 κνήμας
645 1156 689 1182 τε
721 1141 784 1183 ἰδὲ
813 1139 958 1194 λόφον
989 1138 1102 1194 ἀμφί
1132 1155 1175 1182 τε
1207 1137 1387 1208 μηρούς.

193 1195 331 1250 αὐταρ
362 1196 454 1239 ἐπεί
484 1209 590 1252 σφιν
626 1201 747 1252 κῦμα
780 1196 1005 1252 θαλάσσης
1035 1198 1144 1249 ιδρῶ
1175 1194 1344 1239 πολλὸν

76 1256 158 1299 575
188 1255 315 1305 νίψεν
345 1251 430 1296 απὸ
459 1254 624 1308 χρωτὸς
654 1255 727 1297 καὶ
758 1253 1006 1309 ἀνέψυχθεν
1037 1255 1172 1323 φίλον
1203 1247 1326 1308 ἦτορ,

191 1309 233 1360 ἔς
264 1309 304 1365 ῥ’
339 1308 614 1365 ἀσαμίνθους
639 1311 724 1367 βάν
729 1328 794 1360 τες
823 1310 1022 1362 ἐυξέστας
1052 1309 1283 1354 λούσαντο.

191 1369 250 1410 τῶ
282 1368 327 1411 δὲ
354 1367 631 1424 λοεσσαμένω
661 1369 736 1412 καὶ
767 1367 1043 1424 ἀλειψαμένω
1074 1365 1165 1410 λίπ’
1198 1367 1327 1420 ἐλαίῳ

22 1529 159 1587 δόμων
169 1527 347 1571 Ἑριννύς·
373 1529 481 1579 Soph.
503 1528 592 1563 Oed.
613 1529 688 1565 Col.
710 1530 832 1566 1262.-

23 1579 93 1612 νῦν
119 1574 159 1611 6'
186 1574 360 1619 όξιωθεὶς
378 1580 458 1610 εἰσι.
484 1576 582 1619 Virg.
600 1576 685 1609 Aen.
708 1578 738 1619 1,
757 1576 831 1611 462:

22 1629 79 1658 ast
98 1635 181 1669 ego,
209 1635 297 1667 quae
317 1623 430 1655 divom
457 1624 575 1656 incedo
599 1624 737 1666 regina.
786 1623 830 1656 cf.

22 1682 101 1704 ann.
138 1669 182 1703 ad
208 1668 368 1714 Aeschyl.
402 1670 468 1713 Ag.
502 1671 602 1703 1118.
638 1676 673 1702 et
703 1669 833 1702 Comici

22 1717 170 1752 Acharn.
197 1717 297 1750 1006.
331 1734 376 1739 —
403 1713 651 1770 νεήλυδες.
678 1715 756 1750 434.
787 1735 833 1739 —-

22 1763 151 1820 σφίν.
189 1759 338 1802 αὐτοῖς,
363 1758 510 1803 αὐτῶν,
535 1762 609 1795 τῶν
635 1775 769 1795 ιππων.

23 1806 232 1852 ἄνακτα,
276 1809 467 1850 dominum,
510 1819 753 1852 possessorem.
788 1827 834 1832 —

23 1853 227 1900 ἀγαθός.
262 1853 309 1895 α’,
334 1856 398 1890 131
423 1860 489 1889 etc.

70 1925 140 1959 562
159 1943 204 1948 —-
224 1924 303 1958 571.
357 1925 611 1967 διοπτῆρα.
648 1921 833 1959 κατασκο-

24 1984 109 2006 πον.
135 1970 216 2003 Sch.
260 1971 304 2003 cf.
339 1982 401 2014 sup
404 1982 443 2004 ra
467 1970 547 2005 451.
578 1988 623 1995 --
656 1971 833 2015 Hesych.:

24 2014 320 2061 καγχαλόων.
344 1982 406 2060 (γρ,
431 2016 488 2057 43,
518 2014 559 2058 ζ’,
585 2016 681 2073 514.)
707 2017 833 2060 γελῶν,

24 2065 173 2108 χαίρων.
199 2082 244 2088 -
269 2063 501 2108 μελιηδέα
525 2063 698 2106 πυρόν,
721 2068 757 2096 ut
774 2075 835 2119 με·

24 2112 188 2157 λίφρονα
212 2109 265 2151 θ’,
295 2111 369 2144 188-
391 2130 434 2135 -—
459 2110 543 2154 νηὶ·
563 2109 764 2164 πρύμνῃ.
789 2107 836 2153 η’,

25 2159 106 2194 383.
151 2162 189 2190 ut
213 2136 291 2190 an'te
324 2155 458 2200 (466.)
495 2157 629 2198 arbori,
664 2157 715 2189 ita
746 2168 836 2189 nunc

27 2204 138 2258 puppi
161 2215 256 2245 suae,
281 2207 443 2247 tanquam
469 2203 544 2237 loco
570 2203 718 2244 excelso,
730 2203 836 2248 Ulys

27 2261 82 2284 ses
103 2249 264 2295 imposuit
287 2249 398 2294 spolia
423 2249 583 2291 Dolonis,
610 2249 686 2283 dum
704 2260 837 2283 sacrum

28 2308 70 2330 ex
100 2296 143 2330 iis
177 2296 254 2341 ipse
290 2300 325 2329 et
356 2296 540 2330 Diomedes
571 2299 745 2329 struerent
770 2295 839 2328 Mi-

27 2354 177 2382 nervae,
201 2343 234 2375 h.
256 2353 286 2375 e.
314 2341 392 2375 dum
428 2354 469 2376 ea
502 2342 538 2375 in
572 2342 699 2398 templo
725 2342 837 2397 aliquo

29 2388 115 2423 deae
140 2400 184 2422 ex
208 2392 289 2422 voto
315 2388 536 2430 dedicarent,
572 2385 693 2444 ὄφρα
729 2384 839 2429 αὐτὰ,

28 2434 74 2469 τὰ
99 2433 231 2515 ἕναραᾶ
249 2432 629 2517 Σέὃοιμοὶσσαιντο
653 2431 838 2481 Ἀθήνῃ.

28 2493 62 2515 v.
85 2493 150 2515 ann
188 2493 206 2514 a

75 2551 302 2586 572—579.
351 2549 659 2593 απένίζοντο.
709 2549 778 2583 Τ11.
805 2551 836 2592 §.

34 2595 119 2638 147,
146 2600 199 2631 10.
225 2609 363 2632 31111.-
385 2595 560 2652 λόφον
587 2598 838 2641 collumapar-

31 2647 78 2676 te.
110 2655 144 2678 v.
164 2645 228 2699 Ap.
255 2649 289 2676 et
305 2644 530 2687 grammatici.
567 2644 618 2676 Ε.
624 2642 763 2699 λόφος
783 2641 838 2677 ἐν·

31 2690 159 2723 ταῦθα
181 2687 201 2723 ὁ
228 2703 304 2724 ανω
329 2689 464 2732 τένων,
500 2688 583 2734 ἤτοι
617 2686 635 2722 ὁ
668 2689 751 2733 περὶ
774 2688 840 2724 τὸν

31 2733 441 2825 3⁶10ffl3522623234‘.
451 2750 561 2826 ῗὲ.
549 2733 839 2838 κόδῖξσῖῗᾳφᾶ,

33 2829 152 2872 169.‚)
177 2841 207 2862 κ.
232 2827 334 2872 παρὰ
358 2832 563 2885 Σοφοκλεῖ
569 2825 611 2863 τὸ
636 2825 729 2863 νπό
756 2829 837 2870 ζυ-

30 2874 89 2920 γῷ
110 2876 262 2909 νῶτον
281 2873 491 2931 εὐλόφως
510 2874 696 2918 φέρειν·
711 2874 835 2918 (Soph.

31 2920 148 2965 Antig.
170 2922 271 2956 277*
297 2919 402 2957 οὐδ’
428 2921 516 2958 ὑπὸ
540 2919 836 2966 ζυγῷΛόφον

29 2968 231 3009 δικαίως
255 2964 401 3012 εἶχον.
439 2981 559 3003 verum
583 2967 638 3001 hic
663 2971 717 3001 est
737 2967 836 3012 igno-

879 1532 934 1563 tus
960 1527 1094 1568 adhuc,
1120 1525 1210 1571 qued
1231 1524 1356 1581 sciMam,
1373 1523 1528 1558 senarius
1545 1521 1691 1567 Tragici

880 1588 922 1609 ex
945 1576 1078 1609 incerta
1103 1568 1505 1630 ῐ311υ13τνπὸζυγῷ
1530 1568 1577 1605 δὲ
1602 1571 1691 1605 νῶ-

879 1635 961 1656 τον
987 1633 1013 1655 ε.
1034 1621 1094 1664 φ)
1120 1633 1169 1659 ως
1193 1618 1315 1673 λόφου
1342 1616 1380 1653 ἐν
1405 1622 1484 1656 τοῖς
1503 1615 1640 1659 ζιόοις’
1628 1614 1691 1651 όν-

879 1682 942 1707 τος
966 1668 1034 1701 τοῦ
1059 1665 1154 1701 κατα),
1179 1662 1243 1701 τὸν
1267 1665 1452 1721 τραχηλον
1472 1664 1628 1719 μέρους,
1661 1658 1691 1709 ᾧ

878 1713 1057 1750 ἐπίκειται
1083 1709 1102 1746 ὁ
1127 1711 1247 1756 ζυγός.
1298 1711 1402 1745 ordo:
1430 1708 1528 1754 αμφὶ
1549 1708 1692 1754 κνήμας

879 1775 917 1797 τε
943 1759 998 1796 ἰδε
1023 1758 1143 1802 λόφον
1167 1759 1229 1793 καὶ
1257 1755 1412 1803 μηρούς.
1461 1758 1691 1803 hyperbaton.

879 1829 923 1833 —
950 1804 1426 1849 αὕταρ-λούσαντι).
1455 1810 1490 1838 et
1513 1804 1692 1838 lavatione

879 1853 1040 1898 frigida‘
1032 1865 1067 1886 111
1093 1853 1177 1886 mari
1203 1856 1365 1894 utuntur,
1400 1855 1436 1884 et
1467 1862 1543 1884 mox
1579 1850 1692 1884 calida

880 1900 992 1940 domi,
1038 1911 1131 1933 more
1168 1900 1238 1932 Rus
1224 1909 1376 1939 ssorum,
1420 1896 1486 1930 nisi
1517 1896 1610 1942 quod
1644 1896 1693 1938 hi,

880 1954 1060 1991 postquam
1084 1945 1120 1978 in
1144 1945 1250 1978 fluvio
1271 1945 1445 1984 lavarunt,
1470 1943 1600 1977 adeunt
1619 1943 1694 1977 bal-

881 2005 965 2033 nea,
992 1992 1025 2025 in
1051 1992 1177 2035 quibus
1202 2002 1290 2035 aqua
1313 1990 1426 2023 infusa
1446 1989 1537 2023 tubis
1556 1991 1695 2023 subter-

881 2038 995 2072 raneis
1019 2038 1124 2071 sudor
1145 2037 1283 2070 elicitur
1306 2037 1616 2091 (Schwitzbc‘ider).
1642 2037 1693 2069 Ε·

883 2081 941 2119 ὅτι
967 2082 1090 2129 ῥύπου
1115 2096 1182 2124 μεν
1209 2079 1438 2118 αποθετικὸν
1471 2082 1513 2116 τὸ
1547 2081 1586 2117 ἐν
1614 2085 1695 2117 θα-

882 2131 1017 2189 λασσῃ
1031 2132 1244 2175 νιφθῆναι,
1281 2143 1312 2164 κ.
1344 2127 1543 2173 οἷιαψυχῆς
1575 2127 1616 2164 δέ
1641 2142 1696 2164 τι-

883 2192 946 2218 νος
980 2177 1119 2213 αι’τιον·
1164 2176 1534 2220 θεραπευτικώτερον
1568 2174 1609 2211 δε
1643 2177 1696 2215 εἰς

885 2227 989 2268 σῶμα
1022 2224 1064 2259 τὸ
1100 2224 1257 2267 λοῦτρον
1291 2221 1594 2258 κατασκευασθὲν
1618 2220 1694 2258 ὑπὸ

884 2270 1130 2316 θεραπόντων
1160 2283 1256 2305 κατα
1292 2268 1334 2305 τὸ
1368 2267 1624 2313 σιωπώμενον.
1650 2288 1696 2294 -

884 2319 989 2353 Sch.:
1029 2317 1358 2374 ἀσαμίνθους.
1396 2315 1571 2357 πυέλους,
1608 2327 1696 2351 σκα-

886 2379 980 2410 φας.
1014 2378 1138 2421 παρα
1147 2362 1188 2399 τὸ
1221 2361 1289 2407 τὴν
1322 2363 1427 2403 ἄσιν,
1462 2363 1529 2398 τόν
1561 2361 1696 2406 ῥύπον,

884 2410 1081 2456 μινύθειν,
1117 2425 1135 2446 ο
1170 2409 1267 2446 ἐστιν
1292 2408 1467 2445 ἐλαττοῦν
1492 2423 1524 2446 κ.
1551 2410 1695 2453 μειοῦν.

886 2457 1071 2501 (similiter
1096 2458 1180 2501 Ap.,
1210 2457 1241 2490 E
1268 2468 1347 2491 ann
1381 2457 1425 2491 ad
1459 2457 1528 2491 Od.
1553 2455 1599 2498 δ’,
1624 2457 1695 2498 48,

885 2505 1011 2539 Pollux
1046 2506 1109 2546 10,
1142 2483 1198 2539 64.
1250 2504 1296 2537 cf.
1322 2504 1368 2539 H.
1402 2514 1468 2537 vox
1502 2503 1589 2537 satis
1622 2504 1696 2537 fre-

885 2562 994 2607 quens
1025 2550 1061 2583 in
1094 2550 1293 2593 Odyssea.)
1358 2550 1481 2585 λίπα.
1518 2550 1694 2604 λιπαρῶς,

884 2599 907 2642 ἢ
933 2595 1099 2636 εὐεκτῶς.
1122 2597 1256 2640 (Thuc.
1283 2597 1314 2637 1,
1339 2598 1391 2631 6.:
1423 2593 1695 2652 ἐγυμνώθησάν

884 2657 922 2679 τε
946 2645 1112 2687 πρῶτοι,
1144 2656 1176 2678 κ,
1201 2641 1238 2682 ἐς
1261 2640 1302 2677 τὸ
1336 2642 1499 2686 φανερὸν
1524 2640 1694 2677 ἀποδύν-

884 2703 942 2731 τες
966 2692 1056 2725 λίπα
1080 2702 1173 2731 μετα
1206 2690 1274 2724 τοῦ
1307 2688 1562 2733 γυμνάζεσθαι
1595 2686 1695 2732 η’λεί-

885 2745 1022 2782 ψαντο.
1061 2736 1106 2770 cf.
1131 2737 1178 2769 ib.
1204 2734 1238 2776 4,
1263 2736 1318 2771 68
1343 2735 1693 2780 sumitHantiquam

882 2796 1000 2818 vocem
1026 2782 1115 2825 λιψ,
1140 2780 1270 2822 λιπὸς,
1294 2782 1394 2822 λιπὶ,
1418 2783 1520 2823 λίπα,
1541 2782 1694 2839 pingue-

884 2831 947 2871 do,
981 2831 1094 2868 nitor,
1130 2832 1168 2862 ut
1198 2825 1280 2862 λίπ’
1305 2827 1416 2874 ἐλαίῳ
1448 2828 1496 2862 sit
1529 2829 1606 2862 λιπὶ
1631 2826 1693 2868 ἐλ.,

882 2878 993 2910 m'tore
1013 2877 1106 2915 oleo,
1133 2875 1167 2907 h.
1189 2887 1219 2908 e.
1248 2862 1401 2915 nitenti,
1425 2874 1555 2918 pingui.
1600 2885 1694 2915 „non

883 2922 1068 2956 convenire
1093 2923 1219 2964 putes,‘
1223 2923 1233 2939 ‘
1256 2920 1378 2965 inquit,
1402 2919 1692 2964 „Thucydideum

882 2969 969 3004 λίπα
993 2967 1064 3013 γάρ
1089 2965 1327 3010 ἀλείφεσθαι.
1375 2971 1412 3000 at
1438 2969 1492 2999 est
1516 2966 1623 3000 forma
1644 2966 1692 3000 lo-
