1811 3269
581 141 1013 184 ΙΛΙΑΔΟΣ

1624 139 1683 179 59

185 315 286 359 ἀλλ’
317 311 416 368 ἄγε,
445 311 676 381 Διογενὲς
685 307 978 362 Πατρόκλεις,
1021 308 1168 366 ἔξαγε
1178 305 1361 380 κούρην,

186 373 261 416 καί
286 370 432 425 σ’ξοωϊν
461 367 538 420 δὸς
568 366 703 423 ἄγειν.
731 383 792 410 τω
823 363 866 414 6'
889 363 1017 407 αὐτοὶ
1050 365 1270 420 μάρτυροι
1298 363 1436 407 ἔστων

185 427 296 482 πρός
325 443 369 470 τε
395 429 515 470 θεῶν
544 424 787 480 μακάρων,
811 421 924 477 πρός
954 437 1004 465 τε
1023 426 1206 495 θνητῶν
1229 419 1500 478 ἀνθρώπων,

73 488 156 532 340
186 485 261 529 καὶ
289 483 400 538 πρὸς
429 486 510 525 τοῦ
539 485 759 552 βασιλῆος
779 478 994 550 ἀπηνέος,
1010 480 1186 527 ahons
1190 477 1243 527 16}
1261 479 1375 525 mite
1428 508 1460 514 1.

185 541 327 610 χρειώ
346 540 462 593 ἐμεῖο
493 539 688 608 γένηται
700 536 846 580 ἀεικέα
876 535 1026 591 λοιγόν
1051 534 1236 590 ἀμῦναι-

186 605 278 649 τοῖς
308 596 468 646 ἄλλοις
494 598 520 653 ἡ
549 595 645 655 γαρ
671 593 744 664 ὅγ’
775 592 974 649 ὀλοιῇσον
1004 591 1148 649 φρεσὶ
1160 592 1276 644 θύει,

3 143 7 189 Ξ
1066 130 1268 320 Α,

0 193 6 337 ἒ
187 259 213 305 ὂ
243 260 363 324 σφῶί
384 257 533 309 προΐει
560 253 798 309 Βρισηΐδος
826 252 971 295 εἵνεκα
985 249 1113 305 κούρ

0 508 3 529 ι

186 654 304 707 οὐδὲ
319 671 360 698 τι
391 652 483 697 οἶδε
512 658 670 709 νοῆσαι
701 650 807 724 ἅμα
817 650 999 704 πρόσσω
1025 650 1122 699 καὶ
1134 648 1316 700 ὀπίσσω,

157 712 345 763 *ὅππως
376 712 420 754 οἰ
448 710 569 763 παρὰ
599 709 740 766 νηυσὶ
759 707 858 752 σόοι
887 708 1116 764 μαχέοιντο
1147 705 1361 760 Ἀχαιοίᾝ
1436 736 1441 740 -
1486 736 1487 739 ,

228 768 324 818 ,Ως
348 768 483 822 φάτο·
517 762 774 820 Πάτροκλος
797 765 851 808 δὲ
881 767 995 822 φίλῳ
1026 761 1276 808 ἐπεπείθεθ’
1311 762 1506 820 εταίρῳ·

73 772 155 816 345

186 826 234 869 ἐκ
265 825 310 869 δ’
341 824 476 897 α’γαγε
505 826 672 879 κλισίης
693 825 915 893 Βρισηΐδα
945 820 1263 877 καλλιπάρῃον,

158 886 297 927 ’δῶκε
328 879 370 925 δ’
403 879 538 952 ἄγειν
568 897 628 924 τω
660 877 704 923 δ’
737 882 859 930 αὐτις
884 881 983 951 ἰ’την
1004 878 1138 977 παρὰ
1161 882 1275 939 νῆας
1298 874 1490 932 Ἀχαιῶν.

145 939 213 996 ἡ
253 937 294 983 δ’
326 936 508 982 οἷέκουσ’
544 937 639 993 ἅμα
665 941 779 980 τοῖσι
815 935 928 993 γυνὴ
968 938 1123 980 κίεν..

236 1007 300 1041 hac
332 1008 492 1041 incensus
523 1006 647 1051 injuria
667 1005 807 1051 juvenis
842 1017 923 1039 acer
957 1005 1096 1043 statuit..
1106 1016 1146 1040 se
1178 1015 1256 1041 cum
1281 987 1560 1047 Myrmidonibus
1584 1012 1605 1034 a
1623 1004 1687 1041 ξρ-

153 1054 282 1088 cietate
305 1054 386 1088 belli
410 1055 614 1098 sejungere3
651 1052 744 1098 quod
765 1052 979 1097 propositum
1000 1064 1025 1086 a
1049 1057 1156 1091 matre
1172 1051 1253 1095 ejus
1277 1048 1431 1084 Thetide
1454 1047 1689 1089 confirmatur,

150 1112 242 1146 quae
265 1106 303 1138 et
325 1099 537 1146 suppiicanti
560 1099 723 1136 ultionem
747 1098 930 1145 promittit.

1042 1118 1196 1197 Λύιάρ
1222 1137 1440 1197 Ἀχιλλεύς
1493 1197 1496 1200 Δ

185 1203 409 1258 δακρύσας
438 1201 607 1258 ἑτάρων
635 1201 772 1259 ἄφαρ
780 1200 903 1254 ἕζετο
932 1200 1073 1257 νόσφι
1103 1199 1299 1250 λιασθεὶς

16 1291 68 1333 ὣς
108 1291 206 1329 κύνα
254 1293 350 1330 κοιτοὶ
390 1295 460 1330 τοῦ
499 1281 726 1341 βεβλημένου
765 1294 826 1328 λιῖ·

16 1342 106 1375 θον.
135 1340 218 1376 Sch.

63 1387 157 1422 337.
170 1389 312 1429 Πατρ.
338 1398 372 1432 p.
397 1385 658 1431 Πατρόκλεεςᾶ
682 1388 829 1427 Haemo-r

12 1433 142 1490 κλέης,
169 1433 259 1467 unde
287 1435 523 1487 Πατροκλῆς,
549 1438 586 1468 ut
608 1432 828 1476 Ἐτεοκλέης,

12 1476 216 1523 Ἐτεοκλῆς.
249 1480 399 1535 saepius
426 1487 569 1514 vocatur
593 1478 828 1521 Πάτροκλοςὲ

18 1537 52 1559 v.
71 1527 151 1567 345,
179 1523 238 1566 θ’,
267 1526 348 1567 476,
376 1524 424 1567 ι’,
456 1530 536 1566 201,
565 1524 626 1566 π’,
656 1526 734 1560 478.
761 1530 827 1558 etc.

63 1572 142 1607 338.
167 1571 421 1616 μάρτυροι.
441 1572 717 1616 sormaantiqua‚
738 1582 825 1615 quae

18 1624 98 1664 post
138 1619 320 1653 obso!evit.
354 1630 388 1652 v.
427 1619 526 1652 Sext
570 1618 702 1663 Empir.
745 1618 825 1651 adv.

18 1675 157 1708 gramm.
183 1676 217 1710 p.
235 1667 339 1706 260„
365 1665 408 1708 E,
435 1665 588 1698 Heth.
613 1664 637 1698 l.
664 1670 699 1698 et
716 1660 826 1710 adst,

63 1737 144 1792 339
176 1756 300 1800 πρὸς
340 1758 494 1797 θεῶν,
537 1758 633 1801 apud
665 1757 757 1790 deos.
783 1756 828 1789 cs.

18 1803 143 1838 Matth.
169 1806 201 1845 §-
226 1805 307 1845 590,
326 1805 360 1838 6.
384 1823 428 1829 —
450 1816 556 1847 μακ.
585 1824 629 1829 -
653 1799 830 1846 εὐδαιμό-

17 1861 104 1884 νων
127 1851 208 1886 Sch.
255 1848 294 1892 ζ,
326 1852 423 1886 138..
448 1850 536 1884 θεοὶ
560 1849 641 1894 ῥεῖα
665 1849 831 1892 ζώοντες·

18 1901 140 1951 contra
171 1896 323 1930 homines
358 1896 498 1941 ὀιζυροὶ
525 1896 571 1939 ν’,
590 1898 673 1939 569,
699 1896 831 1940 Odyss.

18 1943 40 1978 ὁ
55 1969 64 1985 ,
88 1944 163 1978 197.
188 1944 245 1976 W.

65 1988 145 2024 340.
181 1986 251 2023 ἀπ.
285 1986 476 2032 ἀπηνοῦς,
510 1989 690 2033 χαλεποῦ,
724 1991 831 2032 σκλη-

19 2037 103 2080 ροῦ.
125 2035 206 2068 sch.
238 2055 281 2060 —
309 2035 398 2070 εἴπ.
425 2033 477 2071 δ’.
503 2037 537 2069 h.
562 2048 592 2069 e.
621 2035 744 2070 εἴποτε
769 2034 828 2078 δή.

19 2081 104 2116 nihil
134 2081 331 2115 mutandum
357 2088 430 2124 est,
463 2094 506 2115 ne
535 2083 744 2115 infuscemus
769 2093 830 2115 an-

19 2127 246 2181 tiquitatem,
273 2127 339 2162 etsi
370 2127 412 2169 λ’,
448 2130 525 2164 137.
551 2128 679 2172 legitur
705 2126 829 2172 εἰμὲν

21 2173 68 2218 δὴ
98 2172 330 2218 Ἀντιμαχοιο
364 2179 400 2209 et
430 2174 558 2208 ibidem
590 2176 672 2210 386.
707 2175 740 2210 εἰ
763 2175 831 2230 μὲν

20 2220 68 2264 δὴ
94 2219 262 2264 ανὶιβιον
286 2232 349 2266 per
368 2221 552 2265 synizesin‚
576 2222 702 2265 quibus
728 2222 829 2255 etiam

20 2266 106 2312 ipsis
124 2267 207 2301 locis
226 2268 314 2301 haud
336 2268 422 2300 male
441 2267 622 2313 scripseris
645 2269 679 2302 εἰ
692 2266 758 2312 μὲν
777 2265 831 2303 6²:

21 2313 82 2348 sed
108 2325 150 2347 ne
176 2313 228 2347 ibi
262 2313 400 2358 quidem
425 2313 532 2347 latum
558 2326 706 2358 unguem
731 2326 831 2348 rece-

22 2359 168 2393 dendum
204 2364 258 2393 est
292 2371 313 2393 a
325 2360 514 2414 ‘scriptura
538 2360 722 2402 librorum,
746 2373 833 2406 quo-

21 2406 111 2439 niam
136 2406 221 2439 haec
245 2405 353 2450 magis
376 2408 555 2451 magisque
582 2407 743 2441 excultae
768 2407 833 2441 lin-

21 2463 112 2496 guae
133 2457 212 2485 sunt
235 2451 394 2496 vestigia.

70 2498 149 2534 341.
175 2495 345 2533 αεικέα
370 2495 549 2553 λοιγὸν,
568 2500 758 2555 indignam
775 2513 835 2533 ca-

23 2544 244 2584 lamitatem,
279 2543 425 2589 λοιγόν,
465 2541 508 2579 ὃν
533 2544 602 2580 οὐκ
628 2545 723 2582 ἔοικε
746 2548 833 2589 τλῆ-

23 2603 98 2626 ναι.
123 2591 170 2625 K.
196 2591 297 2625 Sch.:
324 2590 552 2633 αἰκιστικὸν,
579 2592 749 2637 χαλεπόν.
781 2594 836 2626 di-

25 2643 116 2671 ctum
141 2648 204 2694 per
226 2636 422 2683 λιτότητα,
448 2643 485 2673 ut
508 2639 554 2672 W
579 2651 656 2674 ann.
683 2641 728 2676 cf.
752 2641 834 2681 398,

24 2683 113 2723 456,
133 2683 172 2726 ι’,
194 2683 272 2719 491.
292 2690 359 2719 etc.

72 2729 150 2766 342.
175 2733 279 2771 τοῖς
302 2729 481 2772 αὟλλοις
506 2743 541 2764 v.
564 2733 619 2766 11.
631 2752 670 2757 -
695 2730 837 2778 ὀλοιῇσι

27 2776 124 2820 (nam
147 2776 197 2810 ita
230 2777 449 2812 scribendum
473 2784 549 2819 est,
581 2789 650 2813 uon
675 2777 835 2824 ὀλοίῃσι)

27 2822 135 2856 codex
158 2823 245 2856 Ven-
278 2829 313 2858 et
335 2825 838 2869 Schol.A‚quen1adm0dum

27 2868 177 2914 scriptor
184 2870 450 2925 antiquissimus
470 2870 611 2924 hymni‘
601 2884 636 2905 m
650 2874 734 2906 Ven.
746 2873 839 2908 225..

28 2915 139 2958 ξῦσαί
161 2911 194 2948 τ’
222 2913 296 2951 ἀπὸ
320 2919 435 2962 γῆρας
461 2915 598 2953 ὀλοιόν.
623 2919 670 2952 cf.
688 2919 733 2957 Ε,
757 2919 839 2954 item

27 2961 123 3006 Hesy
126 2963 179 2995 ch.
213 2968 249 2996 et
280 2963 396 3010 Etym.
430 2975 466 2999 v,
490 2959 645 3011 ὀλοιῇσι.
676 2965 840 3010 vulgares

30 2974 123 3043 libriy
143 3006 291 3056 ὀλοῇσι,
329 3015 439 3045 metro
474 3001 680 3058 durissimo,
713 3012 769 3047 oui
803 3016 840 3047 ut

874 1295 1117 1333 succurreret,
1136 1292 1307 1336 digamma
1327 1289 1424 1324 Aeol.
1441 1269 1626 1324 inferciri
1612 1300 1689 1333 Jus-

874 1339 921 1373 sit
939 1340 998 1380 H,
1014 1339 1141 1393 idque,
1167 1339 1197 1372 si
1221 1338 1286 1371 diis
1313 1337 1440 1382 placet,
1464 1336 1690 1382 duplicatum.

876 1386 977 1419 sch..
1003 1383 1181 1428 ὀλοῇσιν.
1206 1381 1410 1427 ὀλεθρίους.

922 1432 1002 1466 343.
1038 1431 1144 1467 οἶδε
1176 1432 1367 1474 νοῆσαι,
1400 1434 1440 1462 ut
1464 1425 1582 1463 οἶσθα
1615 1425 1689 1462 ἐνι-

875 1478 955 1513 δεῖν
975 1489 1030 1523 ap.
1050 1479 1157 1522 Soph.
1174 1459 1261 1511 Phil.
1281 1478 1360 1512 811.
1385 1475 1460 1509 Liv.
1479 1476 1536 1516 38,
1556 1476 1633 1510 52.-
1643 1493 1690 1498 ——-

875 1536 980 1567 quam
1014 1529 1052 1557 ut
1084 1536 1165 1557 rcus
1196 1535 1267 1556 esse
1300 1524 1414 1557 sciret.
1449 1522 1495 1556 cf.
1530 1533 1608 1555 ann.
1637 1519 1691 1554 ad

875 1570 984 1615 Soph.
1018 1572 1100 1606 Ant.
1135 1569 1224 1610 450,
1248 1569 1428 1613 Aristoph.
1464 1568 1573 1612 Vesp.
1607 1567 1690 1602 364.

871 1617 1040 1656 acescit,
1066 1616 1100 1649 h
1127 1628 1156 1649 e.
1183 1627 1246 1650 nec
1270 1620 1387 1660 potest
1411 1626 1472 1659 per
1490 1614 1693 1647 1ndom1tum

874 1662 1021 1696 animum
1046 1662 1326 1706 superbiamque,
1350 1661 1406 1694 vel
1422 1661 1618 1704 prospicere
1637 1660 1693 1693 vel

873 1711 1106 1752 retrospicere
1129 1709 1228 1742 sch:
1251 1720 1321 1750 πρ.
1340 1719 1416 1741 και
1440 1706 1509 1742 dn
1527 1705 1569 1741 τὸ
1596 1719 1692 1749 παρ-

876 1754 920 1790 ὁν
942 1770 1005 1791 και
1030 1754 1071 1790 τὸ
1097 1754 1239 1798 μέλλον.
1272 1754 1484 1794 τουτέστιν,
1520 1751 1588 1788 οὐκ
1609 1751 1692 1788 οἶδε

875 1803 1131 1857 προσκοπῆσαι
1164 1801 1225 1836 καὶ
1265 1800 1332 1845 τὴν
1374 1799 1492 1845 ἀρχὴν
1525 1800 1588 1835 καὶ
1621 1797 1693 1844 τὴν

878 1846 1066 1907 απόβασιν
1098 1849 1166 1883 τοῦ
1199 1846 1427 1903 πράγματος.
1453 1847 1517 1881 BL:
1543 1866 1586 1871 —
1611 1845 1693 1882 ἐπει

878 1895 948 1931 οὐκ
984 1895 1086 1931 οἶδεν
1117 1892 1195 1936 ὅτι,
1225 1892 1348 1938 ω’σπερ
1384 1908 1432 1929 τα
1439 1892 1526 1948 πρὸ
1553 1892 1693 1930 τούτου

877 1942 931 1978 δι’
960 1942 1051 1986 ἐμοῦ
1075 1943 1401 1999 πολεμαρχοῦντος
1425 1939 1589 1986 ἠνύητο,
1625 1939 1692 1977 οὕ,

876 2003 928 2024 τω
954 1990 1015 2024 καὶ
1039 2003 1085 2023 τα
1112 1987 1309 2030 ἐσύστερον
1337 1994 1404 2023 etc.
1439 1994 1494 2021 est
1518 1988 1605 2021 haec
1630 1989 1692 2022 de-

877 2036 1020 2082 scriptio
1046 2035 1112 2068 viri
1138 2035 1336 2080 prudentis,
1363 2046 1465 2078 quem
1483 2039 1595 2090 negat
1615 2046 1693 2068 esse

877 2084 1171 2126 Agamemnonem.
1198 2082 1243 2116 cf.
1269 2081 1323 2126 γ’,
1354 2083 1431 2116 109.
1463 2078 1516 2121 σ’,
1549 2082 1631 2116 250.
1656 2086 1693 2115 et

877 2130 1005 2174 OdJss.
1029 2127 1082 2167 ω’,
1107 2128 1212 2162 452.;
1242 2129 1260 2162 ὁ
1287 2141 1356 2172 γαρ
1380 2126 1461 2166 οἶος
1485 2125 1555 2169 ὅρα
1574 2125 1692 2170 πρόσ-

876 2187 928 2211 σω
962 2175 1024 2210 καὶ
1056 2173 1209 2210 ὀπίσσω.
1253 2175 1344 2229 idem
1380 2173 1456 2232 sin⁷e
1488 2176 1693 2219 metaphora

877 2223 1005 2256 dicitur
1029 2223 1101 2262 7o.‚
1126 2218 1167 2261 ὃς
1190 2218 1263 2267 ῄὸη
1288 2219 1335 2256 τά
1359 2219 1401 2255 τ’
1428 2219 1542 2255 ἐόντα
1566 2227 1634 2255 etc.

924 2269 1004 2305 344.
1049 2267 1314 2312 μαχέοιντο
1355 2267 1546 2310 Ἀχαιοί.
1593 2272 1692 2301 recte

878 2317 948 2350 H.:
974 2315 1118 2357 „hiatus
1158 2326 1224 2348 non
1256 2320 1310 2349 est
1352 2314 1577 2356 Homericus,
1625 2313 1692 2348 etsi

879 2374 946 2396 non
991 2361 1092 2395 aliter
1133 2362 1240 2403 Ven.,
1274 2361 1389 2394 Schol.
1426 2362 1458 2394 A
1497 2365 1533 2394 et
1573 2360 1692 2394 Schol.

882 2409 1035 2442 Theocr.
1069 2408 1113 2449 3,
1138 2407 1230 2441 24.“
1262 2414 1328 2441 etc.
1360 2407 1577 2441 scribendum
1614 2417 1693 2441 esse

882 2454 1035 2488 arbitror
1089 2451 1286 2497 μαχεοίατ’
1333 2454 1524 2487 secundum
1571 2453 1693 2495 Bam„

881 2501 1096 2545 Bendejum,
1133 2502 1322 2545 Payneum.
1353 2499 1526 2543 μαχέοιτο
1561 2500 1693 2544 legitur

881 2547 976 2588 272,
1009 2559 1074 2581 nec
1105 2547 1244 2591 ineptus
1278 2546 1358 2580 huic
1385 2547 1460 2581 loco
1486 2552 1540 2580 est
1563 2546 1694 2590 optati-

881 2605 964 2627 vus:
1001 2606 1034 2626 v.
1067 2594 1194 2627 Matth.
1229 2596 1263 2636 ἓ.
1289 2594 1367 2629 518.
1403 2604 1481 2626 anun.
1511 2595 1541 2627 1.
1575 2592 1694 2626 maluit

882 2644 996 2673 tamen
1021 2640 1088 2675 Th.
1116 2652 1149 2684 p.
1165 2640 1246 2675 545.
1266 2640 1330 2673 fut.
1352 2639 1456 2676 indic.
1480 2637 1693 2684 μαχέονται.

927 2685 1009 2720 345.
1034 2684 1096 2721 ἐπ.
1121 2686 1166 2719 cf.
1193 2688 1275 2722 218.

928 2729 1009 2766 348.
1042 2733 1160 2767 κίεν.
1194 2733 1240 2766 cf.
1265 2733 1322 2767 35.

928 2777 1009 2813 349.
1029 2777 1170 2824 ἄφαρ.
1196 2777 1349 2819 εὐθέως,
1363 2776 1511 2823 ταχέως.
1535 2775 1694 2822 νόσφι.

883 2826 1006 2868 χωρίς.
1038 2826 1280 2865 λιασθείς.
1315 2824 1694 2879 (ολιαζεσθαι.)χω-

885 2872 1041 2915 ρισθείς.
1066 2872 1248 2930 (Hesych.
1283 2871 1485 2916 ἐκκλίνας.)
1518 2872 1599 2905 sch.
1636 2867 1695 2906 ὅτι

886 2921 1097 2963 συμπαθεῖς
1130 2920 1167 2954 οὶ
1201 2917 1318 2963 ἥρωες
1350 2917 1451 2961 παρὰ
1487 2919 1539 2964 τῷ
1568 2929 1606 2951 π.
1629 2918 1696 2954 καὶ

885 2964 1181 3010 ἓτοιμοδάκρυες.
1206 2966 1268 3001 καὶ
1288 2964 1385 3001 ἔστιν
1405 2955 1559 3022 οἶγαθοῦ
1574 2963 1698 3009 ἤθους

885 3011 928 3049 τὸ
962 3015 1138 3049 τοιοῦτον
1170 3011 1466 3059 παραστατικόν·
1501 3009 1560 3047 διὸ
1584 3012 1648 3048 καὶ
1671 3011 1694 3058 ἡ
