1811 3269
103 158 162 199 28

745 162 1142 204 ΟΜΗΡΟΥ

215 305 219 311 ,
276 270 386 324 ἕζετ’
418 270 547 315 ἔπειτ’
581 268 807 314 ἄπανευθε
838 275 972 323 νεῶν,
1018 273 1125 328 μετὰ
1157 274 1201 318 δ’
1234 274 1305 317 ἰὸν
1339 275 1491 340 ἕηκεν·

278 328 399 383 δεινὴ
439 329 485 382 δὲ
513 328 678 383 κλαγγή
709 325 849 381 γένετ’

892 329 1140 398 ἀργυρέοιο
1165 333 1299 386 βιοῖο.

190 389 245 428 50
276 385 460 458 οὐρῆας,
462 385 578 455 μὲν,
599 387 803 437 πρῶτον
805 386 1001 457 ἐπῳχετο
1030 387 1106 430 καὶ
1135 387 1272 439 κύνας
1290 363 1517 521 (περγούς,ι
1590 368 1591 371 ¹
1626 394 1673 426 ff*
1710 384 1724 398 ‘

275 442 415 494 αὕταρ
446 440 586 485 ἔπειτ’
611 439 787 484 αὐτοῖσι
815 441 941 512 βέλος
979 442 1203 499 ἐχεπευκὲς
1232 444 1370 499 ἐφιεὶς

273 497 421 558 βάλλ’

98 619 123 637 ¹⁸
117 623 205 661 '’48-
217 625 365 683 μέτα
376 645 416 651 ——
445 622 603 680 ἕηκεν,
605 614 754 660 emisit.
777 618 911 660 tmesis.

95 663 234 705 11111105
235 677 339 706 ¹recte
364 671 467 705 Sch.:
501 669 615 716 μετά·
649 671 743 716 μετά
778 674 910 713 ταῦτα,

99 712 303 765 Heroduteo
342 719 394 762 (v.
429 718 638 762 wesseling.
672 730 707 763 p.
743 720 910 763 81‚17.)

99 775 194 797 more
214 759 411 814 loquendi,
443 770 481 797 ut
506 766 552 797 W
577 764 768 809 annotavit.
810 777 910 799 3000-

99 804 170 864 dit,
204 808 295 862 quod
321 810 418 844 modo
447 810 573 844 dictum
599 817 653 845 est
680 810 815 853 ἔπειτα.

114 850 202 903 [50.
243 856 392 900 (1111101ᾱο
441 856 608 891 describit
645 863 819 902 pestem,‘
849 868 911 891 seu

95 887 315 947 contagium,
350 910 418 948 quo
444 903 544 937 citius
575 903 668 937 affici
686 908 834 937 constat
853 904 910 947 ju-

97 954 214 982 menta
249 954 352 994 atque
386 949 576 991 animalia,
599 949 705 1004 quia
734 951 808 983 sere
847 950 910 983 5111)

94 987 179 1040 dio
190 995 319 1028 vivunt.
371 995 433 1031 E.:
467 996 530 1031 ναὶ
562 993 634 1040 μὴν
668 996 730 1031 καὶ
767 993 909 1052 ὀσφρή-

98 1036 188 1080 (ieme
210 1041 254 1076 εὐ
283 1041 424 1086 ἔχοντες
449 1039 607 1086 (ὀρέες),
643 1043 704 1077 καὶ
739 1039 785 1077 δι’
814 1041 908 1077 αὐτὸ

96 1085 209 1133 ῥᾴον’
208 1088 477 1133 φθειρόμενοι.
503 1088 594 1133 φασὶ
615 1088 702 1144 γαρ
700 1089 775 1128 τοὶ-ς
800 1086 908 1132 ἡμιό-

97 1147 188 1190 νους
204 1135 519 1193 ἀπολειφθείσας
539 1137 651 1179 τινῶι
678 1133 908 1182 οξνευρίσκξιν

92 1170 157 1216 ’δι”
174 1179 411 1233 ὀσφρήσεως
446 1181 514 1225 τήν
540 1180 645 1217 ὁδόν.
670 1202 716 1207 -
749 1181 908 1227 μάλιστα

98 1220 165 1263 δὲ
174 1220 211 1271 οἱ
243 1227 421 1277 καθαροῦ
461 1228 568 1272 ἀέρος
601 1227 770 1272 δεόμενοι
801 1228 909 1269 κύνες

93 1267 266 1334 ᾔσθοντο
297 1278 365 1312 τὀὖ
398 1277 515 1313 κακοῦ
549 1274 613 1310 διὰ
646 1274 713 1321 τὴν
746 1275 908 1320 ὀξύτητα

94 1321 161 1370 uoci
187 1320 298 1359 αυτοὶ
325 1324 390 1368 τῆς
413 1322 643 1380 ὀσφρήσεως.
661 1342 706 1347 —
731 1323 906 1367 Τ11110)(1.,

97 1364 177 1404 31111.
207 1371 264 1403 W
279 1373 349 1414 ,2,
381 1372 458 1405 50.:
497 1370 533 1405 οι
564 1367 604 1404 ὁὲ
629 1367 735 1407 κύνες
767 1369 908 1412 μᾶλλον

96 1410 279 1464 ᾳίσθησιν
318 1421 495 1461 παρεῖχον
529 1417 597 1452 τοῦ
633 1413 908 1469 αποβαίνοττος

99 1457 183 1502 διαὶ
210 1462 252 1498 τό
302 1464 602 1507 ξυνδιαιτᾶσθαι.
651 1461 907 1495 01’.Α1111111311.

91 1504 256 1555 Marcell.
283 1511 337 1550 14,
362 1510 411 1550 4,
437 1509 612 1543 Heraclid.
632 1508 734 1541 Pont.
743 1507 905 1552 Allegor.

97 1552 200 1589 Hom.
228 1556 280 1589 in
326 1556 431 1590 Galei
473 1556 602 1600 Opusc.
652 1548 792 1602 nquior
838 1558 904 1585 etc.

96 1602 221 1646 Amst.
232 1604 333 1643 1688.
390 1601 528 1642 ,427,
554 1602 692 1634 Lucret.
718 1602 773 1640 6.
806 1598 904 1642 Virg.

91 1640 147 1684 G.
163 1649 198 1690 3,
221 1644 299 1684 474.
317 1615 413 1693 seqq.
418 1674 428 1689 ,
454 1647 559 1681 ovid.
579 1647 665 1680 Met.
688 1647 720 1686 7,
740 1646 820 1680 536.
838 1650 903 1678 etc.

95 1674 249 1749 -—'q'uod
265 1696 307 1747 ab
324 1694 510 1749 Apolline'
502 1693 681 1727 immissam
702 1690 788 1724 dicit
805 1691 905 1732 luem,

92 1730 143 1774 de¹
171 1752 212 1774 eo
242 1740 304 1776 Η.’
320 1741 516 1774 an'notavit.
555 1739 620 1773 etsi
650 1737 816 1783 Apollinis
842 1749 903 1770 eo-

93 1787 173 1834 deni
197 1787 272 1821 loco
298 1799 371 1821 cum
396 1787 477 1820 Sole
502 1775 608 1821 habiti
635 1790 756 1829 aperta
780 1795 905 1817 memo-

92 1827 184 1868 'ratio
209 1833 299 1868 nulla
318 1833 528 1875 inveniatur,
549 1831 765 1866 manifestam
790 1837 904 1863 tamen

94 1872 173 1927 fi6ri
198 1880 310 1914 multis
333 1879 443 1924 signis
464 1880 532 1924 jam
557 1882 637 1919 ante
653 1877 794 1910 Homeri
817 1882 904 1910 tem-

90 1924 188 1982 pora
206 1928 334 1960 factam
358 1928 476 1960 horum
498 1925 671 1958 numinum
692 1923 903 1969 conjunctio-

90 1973 191 2010 ’1101111
226 1966 330 2006 velut
347 1972 446 2006 radii
459 1972 540 2006 solis
573 1964 714 2014 antiquo
749 1979 905 2002 sermone

92 2024 169 2052 bum
195 2019 332 2064 sagittis
359 2018 550 2063 comparari
572 2017 706 2050 soleant
728 2015 903 2058 (Macrob.

93 2059 237 2099 Saturn.
266 2069 297 2107 1,
326 2065 398 2109 17.)
432 2070 466 2098 et
499 2061 700 2110 λυκηγενής
725 2071 822 2094 mane
847 2072 903 2094 or-

94 2116 152 2144 tus
177 2111 222 2144 sit
248 2112 387 2166 Apollo,
423 2111 478 2145 cui
512 2117 622 2144 mater
645 2113 701 2153 Λη
705 2105 780 2148 τώ,
805 2118 904 2142 soror

96 2162 133 2190 et
156 2157 233 2202 ipsa
258 2157 458 2201 sagittifera
481 2157 615 2197 Diana,
641 2161 708 2189 etc.
744 2133 834 2187 itiem
860 2153 903 2186 ad

95 2201 154 2238 48.
180 2205 288 2250 pestis
311 2204 402 2237 illius
427 2215 502 2237 cum
525 2203 609 2236 alias
645 2212 719 2235 esse
751 2199 904 2245 potuisse

96 2243 147 2284 ait
172 2261 316 2294 causas,
342 2255 410 2283 tum
437 2249 580 2283 maxime
605 2248 763 2281 nocuisse
788 2246 903 2278 Grae-

97 2296 148 2329 cis
172 2296 283 2330 ν1’(101·1
307 2308 420 2330 aerem
454 2308 496 2329 ex
528 2295 628 2340 aquis
662 2291 903 2345 stagnantibus

97 2347 134 2376 et
157 2342 333 2388 paludosis
367 2345 432 2376 sub
461 2343 549 2376 ostia
574 2340 758 2374 Simoentis
784 2337 901 2379 amnis,

97 2400 141 2423 ex
168 2389 331 2422 imbribus
348 2389 488 2434 primum
509 2387 685 2422 exundare
705 2384 796 2419 soliti
815 2390 901 2417 tem-

122 2446 182 2469 ore
207 2447 333 2475 verno,
359 2435 484 2469 deinde
507 2446 570 2479 per
595 2438 762 2467 aestatem
788 2430 901 2464 recol-

94 2446 157 2530 11ςί
182 2481 215 2515 111
242 2482 395 2521 alveum3
420 2492 519 2526 quam
543 2491 623 2521 rem,
649 2482 799 2530 praeter
809 2476 840 2509 E
864 2477 899 2509 in

96 2528 269 2562 annotatis
303 2528 344 2562 ad
379 2507 438 2562 48.
450 2552 460 2569 ,
505 2534 625 2560 nostra
662 2522 824 2558 memoria
857 2522 900 2556 de

96 2570 238 2608 Troade
272 2586 293 2608 a
324 2573 435 2607 doctis
465 2570 782 2625 peregrinatoribus
808 2568 901 2602 aliis-

95 2631 162 2665 que
183 2620 314 2665 scripta
335 2620 570 2660 illustrarunt,
595 2617 656 2651 sed
680 2619 814 2669 pofitam
837 2626 899 2659 pro

94 2666 232 2700 ratione
263 2667 379 2712 operis
411 2666 464 2700 sui
499 2664 664 2710 originem
697 2661 776 2696 mali
801 2672 821 2694 a
845 2672 901 2694 re-

95 2711 222 2759 ligione
245 2718 425 2756 repetere,
461 2711 620 2756 Apolline
647 2708 781 2742 scilicet
805 2709 900 2751 Aga-

95 2769 302 2792 memnonem
334 2766 369 2792 et
393 2759 583 2792 exercitum
617 2756 690 2800 ejus
713 2753 900 2788 ulciscente

95 2809 239 2858 propter
271 2805 396 2838 factam
428 2802 602 2838 sacerdoti
635 2813 696 2835 suo
729 2799 898 2844 injuriam.

94 2849 194 2884 tela'
184 2861 260 2895 lpsa
286 2850 451 2894 Apollinis
476 2854 512 2884 et.
537 2849 670 2883 Dianae
695 2857 785 2880 nunc
809 2845 898 2879 luem

94 2896 255 2941 infligere
289 2895 379 2936 dici,
420 2907 510 2929 nunc
549 2896 666 2930 febres
708 2897 828 2926 acutas
864 2895 899 2924 et

94 2950 241 2984 mortes3
272 2941 316 2976 de
348 2953 414 2987 quo
447 2941 566 2976 laudat
599 2939 653 2981 ω’,
680 2940 770 2979 758,
793 2939 827 2972 9.
863 2941 900 2971 et

96 2991 226 3037 Odyss.
251 2986 302 3044 λ’,
311 2989 390 3029 171,
407 2988 440 3022 2.
465 2987 591 3022 Strabo
614 2965 667 3022 14-
693 2996 729 3032 p.
742 2983 822 3019 942.
835 2984 898 3019 Α..

96 3056 139 3061 —
163 3035 228 3072 καὶ
257 3048 306 3071 τα
327 3031 477 3079 λοιμικὰ
509 3031 550 3069 δὲ
582 3031 692 3076 πάθη
725 3029 788 3066 καὶ
811 3040 900 3070 τους

465 499 547 542 αἰεὶ
580 496 649 542 δὲ
646 499 795 576 πυρᾷὶ-
825 498 999 544 νεκύων
1029 502 1210 545 καίοντο
1240 504 1432 558 θαμειαί.
1455 518 1504 543 1

960 620 1199 671 αὐτομάτους
1244 625 1465 669 θανάτους
1481 623 1630 668 τούτοις
1670 624 1769 666 οἶνοί-

959 685 1096 709 πτονσι
1121 677 1200 714 τοῖς
1223 676 1341 715 θεοῖς.
1369 680 1552 727 prafferea
1577 673 1695 707 laudat
1717 674 1768 707 lo-

959 731 1057 762 cum,
1084 721 1145 766 qui
1170 721 1344 765 sequitur,
1370 724 1514 764 pro'pt'er
1537 719 1768 765 perspicuita-

957 771 1047 807 tem,
1081 767 1287 800 brevitatem
1316 778 1356 800 30
1382 765 1448 799 vim
1475 766 1704 807 narrationis,
1729 772 1768 800 ut

957 811 993 845 in
1015 825 1081 858 qua
1112 813 1310 857 magnitudo
1333 811 1544 866 calamitatis
1570 792 1766 868 declaretur

960 869 1022 902 per
1046 859 1183 894 effecta.
1211 879 1253 884 —
1289 856 1484 902 οὐρῆας.
1520 856 1637 919 ὀρεῖς,
1673 855 1765 894 ὑπο-

958 903 1077 948 ζύγια.
1121 903 1313 960 ἀργούς.
1357 908 1500 949 ταχεῖς,
1536 905 1585 953 ’ἢ
1596 902 1762 944 λἐυκούς.

957 952 1039 985 Sch.
1064 952 1236 1008 posterior
1256 953 1374 985 harum
1402 946 1664 1006 explicationum
1690 952 1763 984 ine-

957 1003 1017 1052 pta
1043 1003 1104 1031 est.
1144 997 1268 1042 ταχέες
1298 1002 1466 1032 vocantur
1491 1008 1594 1031 canes
1618 995 1660 1042 γ’,
1694 999 1763 1037 26,

957 1042 1001 1087 ρ’,
1028 1045 1106 1079 558.“
1142 1052 1176 1078 et
1202 1044 1298 1078 alias.
1342 1041 1505 1087 ουρῆας’,
1519 1043 1573 1101 “,Ι.”11
1581 1047 1618 1078 ’0.
1642 1042 1762 1087 desae,

956 1090 1059 1146 παρά
1085 1089 1126 1126 τὸ
1152 1088 1259 1134 ὅρος,
1283 1089 1361 1125 ἐπεὶ
1386 1090 1432 1124 τοὶ
1457 1087 1537 1124 ἑν”
1517 1095 1640 1133 ὀρεσιν
1664 1087 1762 1134 ἔργα,

956 1150 1007 1177 ως
1039 1137 1100 1171 κάὶ
1142 1136 1180 1172 ἐν
1218 1139 1264 1183 τῇ
1295 1137 1364 1171 τοῦ
1396 1136 1616 1183 Πατρόκλου
1656 1135 1763 1191 ,τοιφῇ

955 1181 1045 1228 (ψ’,
1057 1174 1273 1240 11lffseqq.)
1300 1180 1570 1227 δηλωθήσεται,
1597 1178 1664 1217 διοῖ
1687 1184 1762 1217 τῶν

954 1228 1137 1280 τοιούτων
1161 1229 1264 1273 ζώων
1287 1228 1544 1289 ἐξετελοῧπζτο,
1548 1227 1760 1286 διαφερόν-

955 1290 1047 1318 τως,
1075 1275 1211 1320 φασὶν,
1237 1276 1438 1320 ἰσχυόντων
1458 1275 1551 1317 ἐκεῖ,
1577 1273 1630 1316 ὦς’
1641 1278 1759 1310 ταλα-

953 1325 1068 1368 εργῶν
1093 1322 1211 1358 ὄντων
1234 1324 1296 1358 καὶ
1324 1322 1566 1367 ἀχθοφόρων,
1591 1326 1629 1356 ut
1647 1322 1696 1355 ait
1715 1323 1760 1356 Ε.

999 1372 1056 1405 51.
1091 1367 1266 1414 αὗτοὶρ,
1295 1371 1457 1426 frequens
1477 1380 1533 1413 ap.
1559 1369 1660 1402 Hom.
1679 1379 1761 1422 par·

953 1415 1079 1456 ticula‚
1112 1416 1201 1449 idem
1227 1419 1280 1449 est
1304 1416 1356 1460 τῷ
1382 1413 1498 1458 ἄταρ,
1532 1411 1600 1460 quo
1626 1419 1662 1448 et
1684 1415 1761 1458 ipse

954 1462 1038 1495 alias
1063 1462 1185 1502 utitur,
1213 1467 1247 1496 et
1272 1461 1410 1507 saepius
1436 1462 1534 1494 Plato
1560 1464 1665 1504 atque
1688 1460 1761 1494 Xe-

954 1509 1114 1551 nophon,
1150 1508 1258 1542 ceteri
1283 1514 1395 1542 autem
1420 1512 1576 1543 oratores
1601 1505 1655 1541 vel
1678 1514 1758 1540 raro

952 1554 1009 1586 vel
1030 1565 1208 1610 nunquam.
1233 1574 1270 1578 -
1302 1552 1509 1588 αυτοῖσι.
1535 1553 1578 1587 cs.
1592 1550 1626 1593 4,
1646 1550 1703 1586 47.
1713 1570 1760 1578 ——

952 1597 1174 1643 ἕχεπευκὲ
1189 1614 1206 1640 ς
1230 1598 1269 1634 δε
1291 1599 1331 1635 τὸ
1356 1598 1438 1634 οἷον
1453 1598 1535 1642 ἕχον
1556 1612 1590 1632 τι
1607 1597 1758 1641 πεύκης,

951 1647 1103 1690 πικρίαν
1121 1645 1277 1691 δηλαδή·
1300 1660 1359 1681 και
1378 1645 1448 1703 γάρ
1467 1643 1599 1690 πικρὸν
1615 1644 1678 1680 και
1693 1645 1760 1701 τῆς

950 1691 1089 1737 πεύκης
1113 1692 1153 1727 τό
1182 1692 1361 1736 δάκρυον.
1397 1690 1490 1727 ὅθεν
1517 1692 1603 1732 ισως
1628 1686 1690 1726 κᾶὶ
1713 1689 1755 1725 τὸ

951 1740 1176 1776 πευκὲδανον
1200 1740 1492 1782 παρωνόμασται
1508 1743 1584 1772 etc.
1616 1734 1667 1771 Ε
1695 1735 1758 1772 ad-

952 1786 1054 1828 dunt,
1081 1786 1132 1820 sic
1151 1785 1193 1825 δ’,
1216 1789 1293 1821 118
1319 1792 1353 1820 et
1378 1785 1462 1819 alias
1487 1781 1616 1820 ὀιστὸν
1637 1783 1759 1817 vocari

950 1833 1096 1876 πικρόν.
1122 1813 1193 1866 sed,
1205 1832 1426 1866 verisimilior
1441 1838 1494 1865 est
1511 1830 1642 1864 notatio
1653 1829 1755 1865 Butt

951 1879 1069 1913 (11311111
1081 1879 1216 1933 [besil.
1239 1880 1270 1913 1.
1293 1891 1325 1923 p.
1348 1880 1400 1915 16.
1414 1890 1510 1922 seqq.
1505 1878 1546 1920 .),
1571 1881 1607 1909 et
1627 1873 1757 1919 πικρὸς

952 1933 988 1959 et
1019 1925 1138 1969 πεύκη
1163 1925 1354 1959 derivantis
1390 1936 1409 1957 a
1445 1923 1559 1958 verbis
1592 1921 1756 1961 obsoletis

949 1970 1066 2007 πύκω
1092 1970 1229 2011 πεύκω,
1251 1971 1374 2014 quibus
1399 1974 1559 2014 cognata
1560 1969 1755 2024 sffltpngo,

948 2030 1083 2062 pungo,
1106 2019 1161 2062 pic
1186 2017 1363 2061 (spitze).
1398 2021 1436 2050 ut
1459 2014 1591 2059 πικρὸς
1614 2014 1756 2068 proprie

950 2065 1125 2109 significet
1165 2070 1325 2100 acutum.
1368 2061 1488 2105 πεύκη
1529 2062 1641 2098 aciem
1681 2059 1755 2093 sive

951 2123 1116 2148 acumen.
1155 2111 1210 2144 0111
1245 2109 1364 2143 similis
1391 2109 1537 2161 quodam
1571 2105 1671 2145 modo
1703 2109 1757 2140 est

949 2158 1154 2192 amaritudo·
1173 2161 1208 2190 et
1232 2157 1346 2195 dolor,
1380 2166 1467 2199 quae
1499 2152 1552 2187 his
1577 2157 1614 2186 et
1636 2151 1755 2185 simili-

950 2205 1014 2237 bus
1050 2202 1230 2236 vocabulis
1275 2206 1436 2234 notantur
1479 2211 1672 2241 τροπικως.
1708 2217 1753 2222 -

950 2249 1121 2304 posterior
1158 2249 1192 2282 in
1235 2247 1339 2293 βέλος
1373 2245 1576 2300 producitur
1610 2248 1754 2289 propter

949 2297 1054 2330 ictum
1079 2295 1279 2334 metricum,
1306 2293 1508 2346 praesertim
1533 2295 1586 2324 tot
1608 2301 1753 2325 concur-

948 2343 1106 2376 rentibus
1125 2340 1310 2378 brevibus,
1336 2350 1444 2383 quae,
1470 2338 1504 2372 ni
1528 2337 1578 2370 ita
1602 2337 1686 2377 fiat,
1711 2347 1754 2369 ne

947 2393 1056 2422 metro
1089 2386 1225 2431 quidem
1260 2390 1463 2429 congruunt.
1510 2384 1556 2417 cf.
1592 2382 1659 2424 45,
1686 2383 1752 2425 70,

946 2435 1012 2474 74,
1037 2435 1081 2469 85
1107 2435 1173 2466 etc.

992 2479 1222 2516 5201522—
1241 2476 1458 2520 θαμειαί.
1483 2474 1569 2509 dicit
1585 2473 1676 2518 quod
1696 2474 1750 2506 fa-

948 2530 1038 2560 ctum
1063 2530 1134 2564 est,
1166 2522 1196 2578 4.
1223 2529 1336 2558 autem
1361 2522 1448 2556 dixit
1471 2521 1528 2564 id,
1556 2519 1647 2564 quod
1672 2518 1750 2552 fieri

947 2571 1063 2617 potuit
1097 2570 1228 2605 nemine
1269 2569 1494 2614 prohibente;
1535 2565 1753 2618 quemadmo-

946 2619 1024 2652 dum
1049 2616 1202 2651 Patrocli
1226 2627 1350 2659 corpus
1374 2615 1601 2648 dilaceratum
1628 2609 1753 2643 fuisset

947 2676 968 2698 a
992 2664 1075 2698 feris
1100 2669 1204 2707 atque
1230 2662 1380 2701 alitibus,
1407 2660 1473 2693 11151
1493 2657 1639 2692 Αο1111105
1657 2656 1752 2689 Tro-

942 2710 1034 2767 janis
1059 2709 1094 2743 id
1120 2707 1316 2754 eripuisset.
1355 2707 1485 2752 primus
1509 2709 1620 2737 autem
1646 2701 1751 2746 Argei

946 2754 1143 2801 (Ἄργειοῦ)
1174 2765 1297 2798 corpus
1322 2763 1491 2787 cremasse
1515 2749 1641 2783 dicitur
1657 2747 1751 2781 Her-

947 2803 1042 2837 cules
1083 2806 1119 2836 et
1150 2799 1283 2834 misisse
1324 2799 1419 2844 patri
1453 2793 1648 2840 Licymnio,
1694 2793 1750 2826 cui

945 2850 1053 2883 filium
1085 2859 1122 2881 se
1154 2847 1375 2880 reducturum
1407 2841 1633 2895 promiserat,
1674 2850 1750 2873 cum

944 2894 1208 2929 Laomedontem
1252 2891 1405 2936 punitum
1457 2887 1749 2940 proficisceretur.

944 2941 994 2975 ita
1019 2941 1051 2975 E
1077 2944 1112 2973 et
1136 2938 1218 2973 Sch.
1211 2963 1238 2979 .‚
1273 2942 1413 2971 auctore
1439 2935 1495 2967 hic
1519 2932 1655 2988 quidem
1680 2932 1748 2964 An—

945 2985 1276 3030 (110110.σημει’ωσις
1296 2984 1349 3027 (h.
1363 2994 1393 3016 0.
1409 2978 1589 3032 scholium)
1600 2974 1747 3019 Ἴστρου

945 3036 1088 3067 vocatur
1120 3042 1177 3077 ap.
1212 3030 1329 3065 Schol.
1359 3026 1457 3063 Leid.
1449 3051 1477 3067 .‚
1510 3025 1605 3068 cujus
1638 3022 1748 3057 locum
