1784 3242
393 863 1338 943 PRAEFATIO.

33 1265 110 1348 P
114 1309 206 1353 etiit
241 1324 267 1351 a
303 1323 376 1352 me
413 1307 641 1362 Halmius,
683 1305 751 1349 vir
785 1304 1144 1359 honestissimus,
1191 1304 1268 1361 qui
1303 1317 1457 1346 amore
1492 1301 1714 1345 bonarum

33 1400 281 1442 litterarum
316 1398 438 1441 velut
472 1397 745 1440 hereditario
781 1396 965 1455 flagrat,
1002 1401 1052 1438 ut
1086 1410 1177 1452 quo
1212 1394 1396 1438 consilio
1434 1409 1580 1454 nuper
1615 1393 1714 1437 edi-

35 1490 199 1534 dissem
249 1487 450 1532 scenicos
494 1487 776 1530 Graecorum
807 1489 990 1546 poetas,
1038 1486 1202 1529 eodem
1236 1486 1490 1530 Homerum
1530 1500 1715 1544 quoque

35 1582 243 1640 ederem,
290 1595 393 1623 cum
437 1579 562 1623 nefas
611 1585 727 1623 esset
761 1585 829 1622 tot
864 1579 1193 1638 exemplaribus
1241 1583 1412 1621 temere
1461 1578 1712 1638 profligatis

36 1674 386 1719 contaminatum
422 1672 698 1715 circumferri
734 1677 883 1715 vatem
920 1671 1275 1715 celeberrimum.
1347 1670 1417 1714 lta
1452 1670 1623 1713 factum
1648 1675 1714 1714 est

35 1774 85 1811 ut
120 1781 235 1826 opus
274 1780 362 1825 ego
394 1763 699 1824 aggrederer,
746 1763 804 1807 de
850 1779 941 1822 quo
990 1762 1275 1823 suscipiendo
1318 1778 1547 1821 nunquam
1583 1768 1715 1806 antea

36 1858 321 1918 cogitassem.
393 1872 499 1899 nam
536 1856 632 1914 quis
669 1871 761 1899 non
793 1855 972 1916 diligat,
1010 1856 1108 1914 quis
1143 1870 1235 1899 non
1269 1855 1314 1898 in
1351 1854 1518 1898 deliciis
1546 1853 1715 1898 habeat

34 1948 324 1994 Homerum?
386 1949 482 2006 quis
530 1963 618 1991 non
663 1949 898 2008 praeclare
944 1963 1097 1992 secum
1133 1954 1282 1991 actum
1323 1953 1477 2008 putet,
1523 1948 1559 1992 si
1605 1948 1716 1991 tanti

36 2041 232 2085 studium
276 2040 442 2099 ingenii
493 2040 562 2083 vel
604 2040 725 2083 tenui
771 2055 850 2084 sua
892 2055 1034 2100 opera
1069 2039 1273 2100 adjuvari
1306 2055 1442 2100 posse
1478 2040 1716 2084 videatur?

33 2132 117 2176 Est
150 2132 242 2176 hoc
278 2132 445 2175 scilicet
482 2147 658 2175 sacrum
693 2132 927 2190 quoddam
963 2132 1254 2191 antiquitatis,
1291 2138 1357 2176 est
1391 2148 1592 2192 perenne
1625 2132 1716 2177 hu-

34 2225 154 2268 mani
189 2224 367 2284 generis
403 2229 766 2280 monumentum,
811 2223 871 2267 ad
906 2224 1030 2282 quod
1064 2224 1280 2268 tuendum
1314 2225 1715 2284 exornandumque

35 2315 264 2376 philologi
309 2330 490 2373 omnes,
536 2322 752 2375 tanquam
796 2316 948 2360 officio
986 2316 1208 2373 obstricti,
1251 2316 1543 2377 impelluntur
1578 2324 1714 2376 atque

32 2409 282 2452 incitantur.

172 2499 283 2544 Feci
328 2500 465 2561 igitur
512 2507 556 2545 et
604 2515 718 2561 ego,
766 2499 892 2558 quod
936 2500 1087 2560 potui,
1141 2500 1325 2554 sedu103
1382 2516 1576 2560 cumque
1620 2516 1709 2545 non

35 2596 129 2636 tam
167 2572 279 2636 illud
324 2597 558 2652 ageretur,
602 2598 652 2636 ut
695 2607 814 2636 nova
848 2593 1106 2652 proferrem
1141 2592 1187 2636 in
1230 2592 1452 2649 medium,
1491 2609 1626 2652 quam
1660 2600 1709 2638 ut

38 2681 263 2728 delectum
298 2684 564 2728 adhiberem
609 2684 669 2728 ad
713 2700 788 2741 ea,
831 2700 947 2743 quae
982 2684 1064 2729 viri
1105 2684 1228 2729 docti
1270 2701 1372 2729 cum
1405 2690 1579 2729 veteres
1615 2691 1708 2730 tum

37 2776 306 2821 recentiores
343 2777 633 2821 commentati
669 2782 837 2834 essent,
881 2776 1002 2820 libris
1040 2792 1219 2833 eorum,
1261 2782 1483 2836 quotquot
1516 2783 1592 2821 aut
1628 2792 1708 2821 co-

36 2866 124 2909 e‘mi
159 2872 234 2911 aut
269 2883 324 2912 ex
358 2869 603 2913 amicorum
638 2869 921 2930 publicisque
956 2868 1240 2913 bibliothecis
1278 2869 1440 2913 arcessi
1483 2874 1707 2929 poterant,

33 2942 328 3020 comparatis,
363 2962 650 3022 propriisque
687 2961 820 3006 etiam
857 2961 1114 3020 conquisitis
1155 2966 1200 3005 et
1234 2961 1357 3005 velut
1405 2960 1464 3004 ad
1498 2961 1704 3021 regulam
