1811 3269
99 150 181 189 156

738 150 1136 193 ΟΜΗΡΟΥ

267 264 371 316 γαῖα
401 259 446 304 6'
474 260 776 316 ὑπεστενάχιζε
804 262 885 304 Διῒ
913 259 972 312 ὡς
1000 263 1325 332 τερπικεραύνῳ

267 318 497 374 χωομένῳ,
530 317 599 361 ὅτε
629 317 667 360 τ’
704 317 818 373 ἀμφὶ
852 319 1032 374 Τυφωέϊ
1059 325 1192 375 γαῖαν
1222 322 1386 378 ἷμοίσση

267 376 332 417 εἰν
358 363 572 429 Ἀρίμοις,
603 373 681 417 ὅθι
711 375 820 429 φασὶ
853 376 1060 431 Τυφωέος
1089 376 1268 432 ε’μμεναι
1302 377 1443 430 εὐνας,

267 428 326 481 ὡς
356 431 442 483 ἄρα
471 436 561 473 τῶν
589 429 678 474 ὑπὸ
708 432 840 475 ποσσὶ
868 433 976 487 μέγα
1008 435 1271 489 στεναχίζετο
1299 440 1403 489 γαῖα

152 490 235 531 785
266 487 534 543 ἐρχομένων
564 489 681 542 μάλα
711 486 754 532 δ’
787 485 881 532 ὦκα
913 488 1178 544 διέπρησσον
1207 493 1388 535 πεδίοιο.

317 566 397 600 item
423 567 588 611 Trojani,
613 574 811 613 comperto,
836 568 917 613 quid
942 569 1111 602 minentur
1135 570 1284 611 Graeci,
1322 570 1409 604 duce
1433 571 1586 605 Hectore
1609 571 1645 605 in
1669 582 1759 606 cam—

234 623 313 657 pum
339 613 565 656 egrediuntur
590 620 626 648 et
649 614 715 659 ipsi
741 622 776 649 et
798 615 904 656 socii,
928 626 1071 659 quorum
1095 615 1233 649 brevior
1257 627 1420 650 recensus
1444 617 1620 661 adjicitur.

351 681 521 736 Τρωσὶν
550 680 592 726 δ’
623 681 805 739 ἅγγελος
834 676 945 739 ἦλθε
975 681 1223 740 ποδήνεμος
1254 681 1368 726 ὠκέα
1390 678 1493 739 Ἶρις

93 800 139 807 -
165 781 278 818 ὡσεί
303 796 351 819 τε
386 805 430 811 -
463 784 676 830 νέμοιτο.
710 800 760 827 ως
793 782 840 821 ἂν
874 788 908 822 εἰ

92 827 154 863 ἐπὶ
179 830 303 865 πᾶσαν
333 831 400 875 τήν
429 833 499 875 γῆν
534 832 681 887 γέμοιτο
714 833 775 867 καὶ
800 845 904 868 κατε-

92 875 198 910 σθίοι
222 875 263 911 vti
301 879 388 919 πῦρ.
415 879 496 912 Sch.
542 881 614 912 und
645 880 694 913 sie
727 880 904 921 schritten,

90 922 156 1000 thule
187 923 286 968 rings
305 924 412 957 durch
443 925 508 958 das
533 925 635 958 Land
659 926 905 960 vcrzehrendcs

123 979 214 1001 euer.

137 1015 219 1050 781
268 1017 555 1059 quemadmodum
594 1028 675 1051 vero
715 1018 906 1061 adgemere

89 1060 175 1093 solet
200 1066 296 1094 terra
329 1063 406 1095 ,lovi
435 1063 593 1104 tonanti,
625 1074 702 1096 cum
725 1065 837 1098 iratus
866 1065 902 1097 z'n

88 1107 219 1139 Arimis
235 1109 388 1151 Typhoei
410 1110 484 1142 cuba
479 1110 518 1142 le
530 1111 711 1152 flagellat,
737 1112 786 1144 sic
805 1116 901 1144 terra

87 1154 224 1196 gemuit
268 1160 336 1188 etc
393 1157 602 1196 „resonabat
633 1156 762 1199 solum,
807 1157 902 1191 velut

87 1198 230 1232 fulmine
251 1211 461 1253 percussum.
466 1204 488 1219 ‘⁶
522 1203 575 1235 Ex
607 1202 654 1234 H.

134 1245 215 1280 782.
265 1243 384 1290 ἀμφὶ
414 1247 900 1290 Tvm.1nlocoub1terra

88 1289 122 1323 ei
146 1296 199 1323 est
223 1290 362 1334 injecta.
405 1294 449 1327 de
473 1294 656 1338 'lyphoe0,
682 1274 816 1327 Terrae
839 1294 898 1336 fil„

89 1335 239 1380 quiJovi
260 1339 380 1371 bellum
401 1339 536 1379 intulit,
562 1351 594 1373 v.
609 1339 751 1373 Hesiod.
762 1340 898 1383 Theog.

87 1384 156 1417 820
181 1394 299 1427 seqq.‚
325 1385 482 1429 Apollod.
511 1388 542 1426 1,
566 1387 599 1428 6,
619 1387 653 1420 3.
693 1392 807 1420 notum
834 1390 899 1427 est,

87 1433 226 1462 veteres
252 1429 328 1463 11105
347 1437 462 1465 terrae
477 1438 588 1465 motus
608 1432 799 1466 attribuere
817 1432 900 1465 sub-

82 1474 188 1518 jectis
222 1476 266 1508 ab
298 1476 385 1509 Jove
427 1477 625 1530 gigantibus
665 1482 701 1512 et
734 1478 901 1521 ejusmodi

86 1520 272 1562 monstris,
311 1523 411 1566 quale
434 1524 536 1557 etiam
563 1524 755 1568 Typhoeus
790 1525 900 1557 fuisse

86 1567 220 1607 fertur,
256 1579 346 1611 quae
370 1576 520 1603 monstra
552 1570 704 1603 flammas
738 1571 899 1604 exhalare
945 1566 999 1615 β,

85 1618 211 1658 putant
233 1613 325 1646 inter
348 1614 503 1648 turbines
529 1621 564 1648 et
587 1616 748 1656 fulmina,
774 1617 896 1660 quibus

85 1670 253 1704 percussa
286 1666 380 1694 terra
405 1661 617 1695 exardescat.
652 1663 704 1695 Er
729 1641 776 1697 H.
809 1662 896 1696 dici—

85 1711 142 1738 tur
172 1703 321 1748 Τυφώς,
352 1706 544 1750 Τυφωευς,
556 1707 753 1765 Τυφάων.
790 1720 823 1742 v.
850 1709 894 1742 U.

85 1751 563 1799 5011Ηῑμ.μαστῐζῃ,ὅ
595 1752 671 1789 ἐστι
700 1758 895 1797 κεραυνοῖς

84 1796 234 1844 πλήττῃ.
285 1810 369 1832 sane
394 1805 550 1845 praestat
582 1801 722 1834 fulmina
747 1800 895 1845 intelligi

84 1855 185 1888 quam
211 1844 383 1889 flagellum
410 1846 550 1891 proprie
574 1847 722 1888 dictum,
748 1859 816 1891 quo
841 1851 895 1880 ta-

83 1901 160 1923 men
193 1891 320 1924 sectari
352 1898 466 1925 sontes
509 1892 638 1926 dicitur
674 1893 810 1938 Jupiter
848 1891 893 1934 o',

83 1936 140 1972 17.
167 1941 287 1970 contra
311 1937 401 1982 apud
436 1939 626 1973 Hesiodum
652 1940 789 1983 Theog.
814 1940 893 1975 857.

81 1981 180 2016 Jovis
204 1985 336 2026 πληγαὶ
373 1983 616 2038 intelligendae
650 1990 731 2018 sunt
762 1998 895 2029 κεραυ-

82 2028 154 2069 νοὶ,
179 2030 460 2084 quemadmodum
487 2031 521 2066 in
546 2032 782 2075 superioribus
807 2032 895 2066 dixit

85 2073 177 2115 Ζεύς
202 2073 243 2110 δ
276 2075 352 2110 ἐπεὶ
378 2076 447 2111 οὐν
471 2076 663 2132 κόρθυνεν
687 2076 749 2112 εὸν
773 2077 894 2122 μένος,

81 2122 236 2156 είλετο
264 2120 301 2156 6’
329 2120 449 2157 όπλα
474 2122 700 2167 Βροντήν
725 2137 775 2159 τε
799 2136 893 2160 στε-

80 2167 241 2213 ροπῄν
283 2182 330 2204 τε
363 2170 448 2204 καὶ
481 2170 779 2205 αἰθαλόεντα
819 2183 892 2205 κε-

80 2228 138 2257 ρα
152 2214 233 2249 υνὸ
249 2229 288 2257 ν,
318 2216 422 2261 Πλῆ
436 2217 532 2259 ξεν,
568 2214 637 2251 ἄπ’
672 2216 890 2261 Οὐλύμποιο

79 2259 291 2304 ἐπάλμενος.

127 2309 206 2344 783
245 2310 317 2343 εἰν
336 2304 412 2351 Ἀρ.
438 2307 484 2342 τοὶ
503 2305 632 2353 ’Ἀριμα
657 2308 694 2345 οἱ
715 2321 781 2352 μεν
804 2304 892 2353 ὄρος

80 2355 146 2398 τῆς
169 2356 336 2393 Κιλικίας
358 2354 484 2398 φασὶν,
511 2355 547 2389 οὶ
566 2354 606 2390 δὲ
628 2357 782 2395 Λυδίας.
808 2356 891 2389 Sch.

80 2402 223 2442 Arima,
258 2398 446 2445 τοὶἎριμα
480 2398 571 2445 ὅρη,
607 2403 720 2435 Arimi
747 2407 890 2444 montes,

81 2447 143 2481 ubi
160 2448 298 2490 fuerint,
321 2447 526 2491 quaesivere
543 2453 643 2488 vett„
669 2459 731 2481 nec
753 2448 893 2482 histori-

81 2493 133 2527 cis
152 2493 361 2537 argumentis
379 2493 647 2538 expediverunt;
666 2494 891 2537 conjectando

82 2540 127 2574 ad
140 2540 360 2573 diversaloca
376 2551 446 2574 rem
458 2544 634 2573 revocant.
651 2551 741 2584 quae
755 2541 891 2574 subter-

83 2585 195 2619 raneis
214 2585 349 2629 ignibus
370 2585 551 2630 aliquando
569 2592 740 2619 arserunt.
774 2586 892 2630 itaque

82 2631 117 2664 in
129 2632 284 2676 Phrygia
304 2631 425 2675 (Diod.
446 2632 481 2669 4,
500 2633 569 2673 71.,
588 2631 647 2665 ubi
666 2643 698 2664 v.
711 2633 891 2675 Wessel.)‚

82 2677 216 2721 Lydia,
250 2678 385 2722 Mysia.
421 2677 563 2718 Cilicia,
600 2677 723 2721 Syria,
759 2678 891 2712 Arimos

82 2723 348 2758 collocaverunt.
376 2724 471 2756 locus
487 2723 695 2757 clarissimus
709 2727 762 2756 est
772 2723 889 2758 Strab.

85 2770 138 2805 13.
165 2780 197 2813 p.
215 2771 295 2804 929.
340 2768 399 2813 qui
412 2769 611 2813 Phrygiam,
631 2768 783 2814 Lydiam,
808 2771 890 2814 My-

82 2815 166 2849 siam
189 2819 388 2856 memorant,
414 2814 567 2858 cogitant
598 2816 641 2848 de
677 2820 772 2848 terra
797 2815 890 2849 dicta

81 2859 376 2906 κατακεκαυμένῃ
391 2873 400 2893 :
426 2860 485 2904 qui
499 2860 654 2894 Ciliciam
675 2861 728 2895 vel
740 2861 889 2906 Syriam,

83 2908 292 2942 conveniunt
315 2907 407 2941 inter
431 2917 468 2939 se
494 2907 760 2949 quodammodo,
784 2907 891 2951 siqui-

83 2954 159 2987 dem
183 2953 307 2994 Arimi,
330 2952 433 2986 iidem
458 2952 515 2996 qui
533 2953 711 2993 Aramaei,
735 2953 890 2986 Ciliciam

84 2999 161 3034 olim
192 2999 402 3034 insederunt.
459 2998 494 3031 in
529 2998 649 3032 iisdem
684 2998 807 3033 Arimis
842 2999 890 3032 E-

951 785 1097 820 chidnae
1122 786 1315 830 speluncam
1349 785 1457 820 fuisse
1480 786 1564 821 dicit
1586 787 1758 821 Hesiodus

952 832 1090 876 Theog.
1126 834 1206 868 301.
1251 831 1401 865 Siciliam
1445 832 1636 878 impositam
1681 845 1758 867 esse

952 878 985 910 'l
988 878 1145 923 yphoeo
1132 891 1460 923 εκατοντακαρανῳ
1471 879 1592 922 (Pind.
1605 880 1708 924 Pyth.
1721 881 1757 920 8,

953 925 1021 966 16„
1044 925 1163 959 Aesch.
1177 926 1288 959 Prom.
1302 926 1414 969 351.‚)
1431 925 1641 959 finxitPind.
1652 925 1755 969 Pyth.

953 972 984 1009 l,
1010 949 1074 1011 16,
1099 971 1156 1005 ubi
1182 984 1215 1006 v.
1235 972 1365 1004 Βὸεῌι.
1392 972 1436 1005 cf.
1462 973 1505 1015 K,
1532 972 1591 1012 W,
1618 971 1651 1004 U
1670 977 1706 1005 et
1722 971 1757 1005 H

951 1015 985 1049 h.
1010 1015 1054 1057 1.,
1082 1023 1117 1049 et
1141 1017 1227 1051 Exc.
1251 1019 1284 1051 2.
1310 1017 1353 1050 ad
1388 1017 1488 1061 Virg.
1513 1018 1597 1050 Aen.
1615 1019 1651 1058 9,
1675 1019 1756 1053 715.

952 1082 998 1087 -—-
1022 1061 1206 1104 ,,εὐνάς.
1244 1063 1352 1096 cubile
1386 1062 1474 1097 dixit
1508 1063 1604 1108 Virg.
1613 1089 1622 1104 ‚
1657 1063 1757 1099 Pind.

949 1108 1153 1152 στρωμνήν.
1188 1128 1232 1134 -
1264 1122 1283 1143 e
1315 1109 1488 1143 Strabone
1522 1111 1575 1145 13.
1609 1121 1642 1154 p·
1674 1110 1756 1144 929.

947 1154 987 1187 C.
1014 1160 1049 1188 et
1067 1155 1251 1190 Eustathio
1278 1154 1437 1188 discimus
1461 1154 1568 1188 fuisse
1592 1155 1755 1199 quosdam

946 1201 1004 1245 qui
1030 1201 1061 1235 h.
1085 1202 1108 1236 l.
1144 1212 1280 1235 versum
1304 1198 1351 1243 ν’,
1375 1203 1454 1236 385.
1491 1201 1680 1234 sublectum
1702 1202 1756 1234 in-

943 1252 1110 1288 sererent,
1135 1247 1184 1280 sic
1207 1247 1419 1280 scribentes:
1431 1243 1612 1288 -εὖνὰς,
1634 1245 1754 1292 Χώρῳ

946 1292 999 1327 ενὶ
1018 1293 1211 1336 δρυόεντι,
1226 1291 1345 1336 ’Ὕδης
1363 1291 1400 1327 ἐν
1418 1293 1522 1327 πίονι
1543 1293 1659 1338 δήμῳ,
1684 1305 1754 1338 quo

947 1339 1155 1383 Typhoeum
1181 1339 1223 1372 ad
1246 1339 1391 1383 Lydiam
1415 1339 1602 1379 referrent,
1627 1339 1661 1373 in
1685 1351 1755 1384 qua

946 1384 1014 1418 sita
1039 1391 1116 1419 erat
1143 1386 1225 1418 urbs
1246 1385 1357 1428 Hyde.
1392 1396 1490 1429 quem
1514 1397 1650 1419 versum
1670 1397 1755 1430 pau-

946 1432 978 1465 lo
998 1431 1208 1465 immutatum
1231 1431 1288 1465 alii
1307 1436 1385 1476 post
1403 1433 1481 1467 866.
1501 1431 1726 1466 inculcarunt.
1729 1434 1754 1453 “

946 1478 1002 1510 Ex
1023 1479 1069 1511 H.

992 1525 1072 1559 785.
1121 1525 1276 1565 διεπρ.
1308 1525 1404 1559 πεδ.
1439 1525 1484 1558 cf.
1508 1525 1598 1565 801,
1623 1524 1754 1569 Odyss.

1023 1568 1113 1610 404,
1146 1569 1199 1610 6',
1232 1570 1312 1605 380.
1344 1582 1442 1614 quem
1473 1571 1660 1614 genitivum
1693 1570 1753 1604 alii

945 1595 1046 1650 ali’ter
1069 1617 1261 1661 explicant·
1286 1627 1319 1649 v.
1339 1617 1410 1650 '1h.
1429 1619 1460 1658 ἓ.
1479 1617 1559 1657 255,
1578 1617 1622 1658 5.,
1640 1617 1753 1651 Bern-

943 1662 1053 1707 hardy
1066 1663 1163 1705 Synt.
1188 1663 1249 1695 der
1272 1673 1327 1706 gr.
1354 1640 1724 1706 Spr.p.145‚’37,b
1727 1687 1751 1703 .,

942 1708 1086 1742 Kiihner
1108 1720 1165 1754 gr.
1179 1710 1275 1752 Sym.
1301 1710 1332 1750 §.
1357 1710 1428 1750 38.,
1453 1709 1557 1743 Schn
1584 1720 1617 1742 v.
1638 1706 1753 1754 πρήσ-

943 1766 1005 1789 σω.
1031 1755 1111 1788 mihi
1135 1756 1280 1789 πεδίοιο
1314 1754 1440 1788 dictum
1464 1754 1605 1788 videtur
1627 1767 1688 1800 pro
1712 1754 1752 1790 ἐν

940 1801 1070 1844 πεδίῳ,
1094 1801 1183 1834 sicut
1194 1801 1360 1836 Σουνίου
1382 1812 1444 1845 pro
1458 1802 1605 1845 Σουνίῳ
1629 1801 1750 1846 Eurip.

942 1847 994 1891 Cy
999 1847 1040 1881 cl.
1065 1848 1158 1888 279,
1183 1847 1243 1880 ubi
1263 1859 1295 1881 v.
1313 1847 1436 1880 Matth.
1464 1847 1507 1881 cf
1529 1848 1638 1892 Soph.
1657 1849 1751 1891 Ajac.

940 1860 1022 1933 396,
1048 1893 1102 1926 El.
1130 1872 1198 1928 8³43
1224 1898 1289 1927 etc.
1317 1890 1555 1937 διαπρήσσειν
1572 1893 1751 1928 κέλευθον

940 1939 1042 1975 Hom.
1069 1938 1154 1972 dicit
1178 1939 1222 1982 α’,
1246 1938 1325 1974 483.
1351 1944 1386 1972 et
1409 1939 1506 1980 alias,
1532 1941 1750 1984 quemadmo—

941 1985 1018 2018 dum
1045 1966 1238 2019 Germaniis
1262 1986 1322 2019 des
1345 1986 1475 2030 lVeges
1490 1987 1606 2030 gehen
1628 1990 1664 2020 et
1683 1987 1751 2020 den

945 2033 1037 2076 Weg
1058 2032 1184 2076 gehen.

985 2079 1065 2112 786.
1111 2077 1212 2113 ποδ.
1250 2079 1330 2117 τοῖς
1362 2077 1451 2112 ποσὶ
1486 2079 1626 2121 ταχεῖα.
1666 2078 1748 2114 Sch.

940 2124 1121 2168 epitheton
1160 2129 1376 2178 perpetuum
1419 2122 1547 2164 IridiS,
1601 2123 1749 2167 ejusque

938 2169 1057 2203 solius.
1082 2182 1115 2203 v.
1143 2167 1182 2210 ε’,
1209 2171 1290 2210 353,
1315 2171 1397 2211 368,
1422 2169 1464 2210 λ’,
1493 2149 1557 2204 195
1576 2175 1643 2203 etc.
1669 2168 1749 2204 ἄελ-

937 2214 1051 2255 λόπος
1092 2220 1235 2249 vocatur
1266 2214 1319 2256 3',
1351 2215 1442 2256 409,
1483 2213 1534 2254 ω’,
1567 2217 1633 2256 77,
1671 2217 1747 2252 159.

937 2268 1084 2316 utroque
1108 2262 1214 2294 verbo
1235 2261 1269 2294 id
1294 2240 1534 2317 significatur,
1558 2240 1647 2306 quo’d
1672 2262 1749 2296 aliis

938 2308 973 2341 in
998 2308 1084 2341 locis
1109 2306 1174 2350 (μ,
1200 2309 1281 2347 207,
1304 2307 1354 2348 π’,
1383 2308 1468 2348 149,
1492 2304 1546 2350 ψ’,
1571 2307 1640 2342 367
1661 2309 1746 2353 etc)

939 2353 1066 2387 dicitur
1084 2355 1231 2398 πνοιῇς,
1253 2352 1330 2396 ἅμα
1349 2354 1497 2399 πνοιῆς,
1510 2352 1604 2396 μετὰ
1615 2355 1748 2401 πνοιῇς

939 2398 1113 2444 ἀνέμοιο,
1146 2400 1344 2441 πέτεσθαι,
1383 2412 1426 2433 ex
1460 2411 1528 2444 quo
1560 2393 1746 2456 intelligaS,

939 2458 1005 2481 non
1039 2457 1079 2479 ex
1118 2447 1305 2480 abundanti
1340 2446 1491 2479 additum
1524 2457 1600 2479 esse
1637 2444 1745 2482 ωκέα.

939 2504 1005 2526 11011
1025 2492 1141 2546 inepte
1153 2494 1185 2526 K
1207 2493 1338 2537 priscos
1349 2491 1522 2526 Graeciae
1537 2491 1692 2526 incolas
1682 2494 1746 2527 iri-

939 2540 1014 2572 dem
1032 2539 1106 2571 sive
1124 2550 1237 2572 arcum
1256 2551 1317 2584 pro
1328 2543 1431 2583 ponte
1446 2539 1606 2572 habuisse
1616 2544 1745 2581 censet,

939 2596 1005 2630 quo
1027 2584 1074 2617 dii
1091 2585 1126 2617 in
1145 2589 1272 2619 terram
1296 2584 1562 2626 descenderent,
1590 2590 1625 2617 et
1653 2597 1744 2620 com-

937 2630 1097 2665 mercium
1126 2642 1199 2664 cum
1229 2631 1417 2664 hominibus
1437 2631 1626 2671 haberent3
1655 2643 1745 2675 quae

937 2678 1039 2711 etiam
1059 2681 1212 2710 veterum
1222 2676 1515 2710 Scandinavorum
1534 2676 1650 2720 opinio
1667 2677 1743 2721 fuit,
1792 2684 1795 2711 ἔ

937 2728 974 2758 et
996 2723 1216 2764 Latinorum,
1242 2722 1301 2767 qui
1326 2722 1450 2755 Itidem
1476 2723 1572 2756 deam
1598 2734 1662 2766 per
1687 2735 1743 2757 ar—

935 2780 1010 2803 cum
1037 2769 1089 2802 ire
1114 2773 1149 2802 et
1168 2768 1283 2802 redire
1307 2769 1442 2812 fingunt
1466 2768 1582 2812 (Virg.
1598 2769 1632 2811 5,
1649 2769 1742 2811 606.‚

937 2814 1043 2848 Ovid.
1077 2816 1163 2849 Met.
1197 2818 1261 2856 11,
1295 2816 1373 2849 632.
1399 2815 1497 2857 οἱα).
1535 2826 1608 2855 mec
1641 2815 1742 2849 aliter

936 2860 1086 2901 Judaei,
1129 2872 1269 2904 quorum
1306 2861 1393 2894 deus
1427 2858 1558 2896 Genese
1594 2863 1628 2903 9,
1665 2862 1741 2897 13.=

936 2919 1055 2941 arcum
1074 2918 1206 2947 meum,
1232 2906 1362 2951 inquit,
1387 2906 1539 2950 disposui
1572 2907 1609 2940 in
1638 2908 1740 2949 nube,

937 2955 996 2997 qui
1030 2954 1076 2986 sit
1108 2953 1143 2986 in
1167 2954 1307 2998 signum
1330 2953 1487 2997 foederis
1508 2953 1600 2987 inter
1621 2964 1676 2987 me
1706 2958 1742 2987 et

937 3005 1078 3034 terram.
