1811 3269
600 151 1028 191 ΙΛΙΑΔΟΣ
1086 151 1132 189 Β.

1621 151 1702 191 111

298 264 386 307 Τὸν
414 259 458 305 6'
452 259 844 333 ἀπαμειβόμενος
872 261 1073 330 προσέφη
1102 260 1261 314 κρείων
1290 257 1590 317 Ἀγαμέμνων·

95 329 177 369 370
208 318 262 378 ,,ἦ
293 319 381 389 μὰν
411 313 509 361 αὖτ’
543 318 686 388 ἀγορῇ
715 321 864 374 νικᾷς,
877 318 1046 388 γέροι,
1079 321 1178 369 υἱας
1202 315 1398 388 ’Axatfflw

0 408 1 411 =
209 381 254 421 αἰ
283 375 390 432 γάρ,
423 378 510 418 Ζεῦ
540 390 584 418 τε
613 374 748 428 πάτερ
779 375 852 418 καὶ
877 372 1088 449 ”Αθηναιη
1117 375 1191 418 καὶ
1209 372 1444 427 ’Ἀπολλον,

0 419 3 471 l
206 437 420 500 τοιοῦτοι,
433 432 537 475 δέκα
567 448 643 486 μοι
673 429 1016 487 ξυμφράδμονες
1046 438 1132 475 εἰεν
1163 431 1365 487 Ἀχαιῶν

0 493 1 501 ’
205 495 267 547 τῷ
295 506 343 533 κε
373 487 472 560 τάχ’
504 488 682 544 ἠμύσειε
712 488 838 540 πόλις
871 488 1095 544 Πριάμοιο
1128 488 1328 539 ἄνακτος,

204 548 352 618 χερσὶν
381 544 465 601 ὑφ’
498 546 759 603 ἡμετέρῃσιν
789 545 961 589 αλοῦσα
990 562 1034 588 τε
1065 547 1317 616 περθομένη
1347 561 1403 588 τε.

92 609 173 652 375
206 603 315 648 ἄλλοι
347 619 422 657 μοι
442 605 646 674 αἰγίοχος
678 605 899 659 Κρονίδης
931 602 1042 654 Ζεύς
1069 601 1187 656 ἄλγε’
1220 603 1396 653 ε’δωκεν,

205 660 252 712 ὅς
281 677 332 717 με
360 658 453 715 μετ’
488 660 738 733 ἀπρήκτους
769 661 913 715 ἐριδας
943 677 1014 703 και
1041 663 1185 702 νείκεα
1216 659 1376 715 βάλλει.

205 774 420 829 αντιβίοις
451 774 670 824 ἐπέεσσιν,
701 773 784 830 ε’γω
817 773 861 817 6'

201 1004 251 1046 εὐ
281 1002 363 1057 μέν
392 1018 456 1052 τις
487 1000 598 1055 δόρυ
627 1000 860 1058 θηξάσθω,

75 1164 155 1199 370.
203 1161 280 1206 μάν
304 1162 466 1196 Doricum
491 1163 680 1196 abhorrere
703 1162 843 1197 videtur

32 1221 53 1243 a
77 1209 225 1243 dialecto
250 1208 451 1252 Homerica,
487 1221 550 1243 nec
575 1210 751 1243 ferendum
777 1221 842 1254 pu-

30 1258 86 1289 tat
113 1255 143 1290 Ι.
177 1256 327 1290 Bekker.
374 1257 452 1290 ἄση,
485 1257 529 1289 Α.
562 1256 647 1289 Litt.
682 1257 771 1290 Zeit.
809 1267 842 1290 a.

33 1303 130 1337 1809.
157 1313 191 1346 p.
220 1302 298 1336 148.
336 1305 373 1335 et
395 1299 470 1346 μὴν
494 1301 551 1335 hic
579 1302 712 1346 quidem
738 1303 844 1336 habet

30 1347 85 1388 E;
118 1347 181 1381 sed
216 1347 431 1392 frequentior
458 1359 514 1392 ap.
539 1348 641 1381 Hom.
676 1352 730 1381 est
757 1349 843 1382 haec

30 1393 140 1427 forma
163 1405 263 1439 quam
289 1400 327 1426 ut
347 1398 422 1428 tuto
446 1398 606 1427 mutetur.

75 1440 157 1474 371.
205 1445 357 1472 testatur
381 1440 541 1473 maximos
565 1439 669 1482 deos,
704 1450 742 1473 se
775 1440 842 1474 hoc

30 1497 115 1519 vere
139 1488 175 1519 et
200 1485 243 1519 de
267 1485 438 1518 sententia
463 1497 527 1519 sua
552 1485 679 1519 dicere.
702 1487 841 1520 fuerunt

0 1543 2 1573 ξ
32 1538 144 1566 autem
176 1531 228 1564 illi
252 1531 510 1565 Atheniensium
542 1532 628 1566 θεοὶ
659 1534 841 1577 πατρῷοι,

0 1614 1 1622 ¹
31 1589 95 1631 per
126 1588 211 1622 quos
240 1577 358 1621 jurare
391 1577 548 1610 solebant
583 1579 660 1622 lege
694 1578 842 1620 Solonis,

0 1641 2 1657 ι
29 1623 89 1703 gui
114 1623 256 1657 Homeri
280 1623 692 1703 fortasgeKuctoriffatzm
703 1636 842 1706 bsesgss-

0 1682 2 1707 ι
55 1676 152 1703 atur:
185 1681 218 1703 v.
253 1680 318 1702 ann
365 1680 385 1703 a
466 1678 548 1703 msto
640 1685 654 1705 J.
679 1682 699 1704 u

0 1725 2 1750 r
31 1715 131 1749 Sch.:
155 1735 202 1740 —
230 1713 407 1751 ἐντεῦθεν
433 1715 473 1751 δέ
498 1682 594 1757 avgg
617 1719 841 1760 νομίζουσιν,

0 1757 225 1819 Ἀθηναῖον
240 1761 427 1821 γεγονέναι
445 1761 510 1797 τὸι
533 1764 702 1808 ποιητήν.
729 1766 772 1808 (ι)
799 1761 841 1799 τό

0 1821 98 1853 γαρ
127 1806 307 1864 Ἀθηναίη
330 1807 510 1851 Ἀττικὸν,
535 1810 610 1854 (2)
643 1811 704 1845 καὶ
740 1811 841 1846 ἴδιον

0 1858 2 1891 ἑ
30 1853 128 1890 εἶναι
159 1852 225 1890 τὸν
260 1852 372 1899 ὅρκον
392 1854 840 1901 Ἀθηιαίοις,1)ειιιοειιι.

0 1905 2 1936 l
29 1912 79 1937 or.
104 1901 274 1947 Leptinea
299 1908 472 1936 extrema.
509 1916 553 1938 ov
580 1901 764 1948 δήπουγε,
788 1905 840 1938 in-

0 1947 124 1992 quit,
150 1947 181 1981 ω’
210 1948 282 1982 Ζεῦ
305 1949 366 1983 καὶ
390 1949 495 1990 θεοὶ,
530 1961 602 1983 culn
634 1950 750 1984 eadem
779 1963 841 1995 po—

0 1990 1 2036 ξ
30 1993 196 2072 {lissimum
220 1994 368 2037 numina,
393 1995 429 2028 ni
453 1995 576 2037 fallor,
599 1996 718 2030 Attica
741 1997 843 2031 intel-

81 2043 168 2074 eret.

0 2125 2 2129 y
56 2050 168 2121 ἕ372.
206 2085 380 2142 ξυμφρ.
415 2086 632 2133 σύμβουλοι.
667 2088 748 2122 Sch.

0 2131 57 2233 ᾗ
75 2133 157 2167 373.
192 2131 253 2188 ήμ
228 2135 446 2190 μ.κλιθείη,
465 2135 583 2169 πέσοι.
599 2135 680 2168 Sch.
705 2136 750 2169 cf.
763 2132 840 2170 148.

75 2178 156 2213 376.
205 2177 308 2224 ἅπρ.
349 2179 445 2223 πρὸς
477 2178 712 2225 ἀπράκτους,
747 2179 842 2225 πρὸς

0 2238 3 2259 ι
32 2236 77 2264 ας
101 2222 214 2260 οὐδέν
238 2224 314 2261 ἐστι
336 2229 476 2270 πρᾶξαι
501 2229 738 2272 φιλονεικίας.
772 2229 841 2272 (νὶ-

0 2262 3 2303 l
29 2281 115 2312 atas,
145 2273 265 2315 quibus
297 2274 385 2307 nihil
413 2275 626 2319 prqficitur.)
661 2274 840 2321 βάλλει.

0 2315 3 2401 ι
31 2314 212 2363 ἐμβάλλει.
244 2319 327 2353 sch.

75 2365 155 2399 377.
201 2376 302 2409 μαχ.
339 2361 437 2402 «ivr.
469 2364 534 2401 έπ.
579 2367 625 2400 cf.
658 2365 706 2408 α’,
738 2368 772 2402 8.
795 2386 842 2392 —-

33 2408 125 2443 dicta
150 2410 236 2445 haec
263 2412 308 2445 ab
333 2414 580 2456 Agamemnone
612 2424 735 2457 magna
768 2425 842 2447 cum

32 2460 108 2490 arte
136 2467 213 2490 esse
255 2457 416 2492 videntur
449 2459 615 2503 Dionysio
656 2460 734 2493 Hal.
768 2462 842 2494 Art.

34 2512 64 2535 c.
89 2503 122 2537 8.
148 2508 185 2536 et
216 2503 273 2545 9.,
307 2510 346 2538 ιιι
370 2505 424 2538 vel
460 2506 677 2540 confessione
711 2517 773 2539 sua
807 2510 843 2539 et

33 2547 252 2583 miseratione
287 2550 416 2585 animos
447 2552 513 2586 sibi
536 2553 744 2586 Achivorum
770 2552 843 2609 pla-

34 2597 102 2628 cet.
136 2595 170 2628 E
194 2595 246 2630 cl.
270 2602 303 2631 et
328 2597 374 2629 H.
423 2598 477 2631 E:
500 2617 548 2624 --
574 2595 759 2655 ὁμολογεῖ,
783 2596 843 2633 ὅτι

33 2635 102 2696 ἐγώ
146 2634 260 2687 ἦρχον
300 2646 553 2688 χαλεπαίνων·
602 2659 647 2681 ου
693 2645 843 2680 σπεύδει

34 2683 159 2729 μέντοι
181 2688 274 2732 πρὸς
307 2690 537 2745 καταλλαγήν
571 2690 636 2727 διά
660 2704 698 2727 τε
723 2691 764 2726 τὸ
791 2690 841 2737 μὴ

34 2728 243 2770 ἐπικεῖσθαι
266 2733 449 2791 ἀνάγκην,
482 2738 546 2774 καὶ
569 2736 668 2774 διότι
689 2738 753 2774 καὶ
775 2738 841 2774 πέ-

34 2780 150 2814 ποιθε
173 2781 224 2826 τῷ
256 2780 402 2829 ὀνείρῳ.

79 2824 158 2861 379.
205 2827 249 2861 εἰ
278 2848 324 2854 -
358 2832 484 2886 βουλ.
518 2827 593 2866 οἷπὸ
625 2831 757 2887 κοινοῦ
780 2833 842 2875 λη-

32 2870 145 2906 πτέον
169 2869 208 2906 ἐκ
231 2875 298 2908 τοῦ
310 2875 550 2935 βουλεύειν
533 2877 697 2923 ρήματος
721 2875 842 2921 ὄνομα

31 2915 100 2960 τὴν
124 2916 321 2973 βουλήν,
309 2924 371 2958 ι’να
394 2922 510 2969 λέγῃ
496 2922 553 2959 ότι
572 2926 624 2964 εἰς
642 2938 733 2968 μιαν
750 2926 841 2984 βου-

29 2961 95 3008 λήν
119 2964 376 3011 βουλεύσομεν.
401 2970 457 3004 Ex
482 2971 527 3006 E.
576 2971 620 3011 ἐς
643 2984 690 3016 γε
713 2973 838 3015 μίαν.

29 3011 82 3052 εἰς
102 3014 193 3055 μίαν
216 3012 278 3048 καὶ
302 3014 369 3060 τήν
400 3015 520 3063 αὐτὴν
550 3016 745 3064 ἐκκλησίαν
775 3017 839 3054 καὶ

202 718 278 762 καὶ
307 734 390 772 γαρ
421 716 534 772 ἐγὼν
562 716 751 772 Ἀχιλεύς
779 733 823 760 τε
851 715 1131 789 μαχησάμεθ’
1164 732 1309 759 εινεκα
1339 715 1506 772 κου’ρης

892 779 1031 844 ἠρχον
1058 775 1346 843 χαλεπαίνων.

205 834 241 875 εἰ
271 832 317 875 δέ
347 829 449 874 ποτ’
482 831 523 881 ἔς
552 847 599 885 γε
630 832 736 886 μίαν
764 830 1083 887 βουλεύσομεν,
1121 828 1269 873 οὐκέτ’
1303 830 1450 872 ἔπειτα

90 895 171 935 380
206 888 379 942 Τρωσὶν
409 885 648 942 ἅναβλησις
677 892 820 931 κακοῦ
851 888 1018 932 έσσεται
1049 887 1152 931 οὐδ’
1183 886 1351 956 ἠβαιόν.

202 949 288 989 νῦν
318 943 359 1016 δ’
390 943 562 1014 ἔρχεσθ’
592 944 661 987 ἐπι
693 947 894 995 δεῖπνον,
927 947 999 988 ἵνα
1031 944 1295 1014 ξυνάγωμεν
1311 941 1440 999 ἄρηα

893 1019 942 1046 ευ
975 1000 1020 1046 6'
1047 1001 1212 1045 ἀσπίδα
1242 1000 1411 1052 θέσθω,

203 1054 254 1102 εὖ
284 1059 331 1103 δέ
362 1075 427 1110 τις
456 1059 657 1102 ἵπποισιν
686 1062 864 1103 δεῖπνον
894 1059 1008 1103 δότω
1040 1057 1362 1110 ὠκυπόδεσσιν,

889 1163 1129 1209 συμβουλίαν.
1163 1163 1246 1197 Sch.
1292 1162 1338 1196 cf.
1372 1172 1449 1196 ann.
1482 1159 1524 1194 ad
1559 1160 1640 1195 367.
1672 1159 1704 1193 εἰ

889 1211 1178 1244 concordabimus.

936 1281 1018 1315 380.
1066 1276 1270 1337 ἀνάβλησις
1303 1277 1359 1312 hic
1396 1280 1432 1311 et
1456 1273 1508 1318 ω’,
1537 1276 1617 1311 655.
1649 1278 1703 1309 est

891 1322 1072 1372 ἀναβολὴ,
1097 1325 1298 1369 υπέρθεσις
1321 1325 1389 1359 τοῦ
1414 1324 1551 1364 κακοῦ,
1576 1333 1702 1356 secun—

890 1373 966 1406 dum
993 1373 1073 1407 Sch.
1100 1379 1136 1406 et
1155 1372 1307 1426 Hesych.
1327 1371 1359 1405 h.
1378 1382 1410 1405 v.
1449 1371 1495 1403 H.
1519 1388 1564 1393 —
1591 1365 1700 1403 οὐδ’

887 1415 955 1465 η’β.
990 1416 1079 1453 ουδὲ
1111 1418 1153 1454 τὸ
1195 1417 1385 1462 ἐλάχιστον
1417 1416 1478 1451 καὶ
1513 1413 1702 1470 ὀλιγοχρό-

887 1478 981 1499 uov-
1006 1465 1088 1501 Sch.
1131 1465 1221 1500 idem
1251 1469 1305 1498 est
1338 1459 1471 1511 βαιὸν,
1517 1463 1644 1497 omissa
1676 1474 1701 1507 η

885 1511 1014 1545 littera.

932 1569 1011 1604 381.
1061 1567 1224 1602 convivio
1266 1567 1381 1612 excipi
1414 1568 1457 1602 ab
1494 1567 1702 1612 imperatore

887 1615 1000 1648 solent.
1023 1614 1127 1648 duces
1151 1619 1231 1648 ante
1250 1614 1427 1670 proelium.
1453 1615 1510 1648 W.
1536 1633 1581 1637 —
1607 1614 1701 1647 Sch.:

889 1659 1184 1696 δεῖπνον.τὸ
1208 1658 1301 1704 παρ’
1340 1658 1429 1703 ἡμῖν
1454 1662 1524 1695 νῦν
1550 1658 1703 1704 ἄριστον

888 1706 1106 1762 λεγόμενον,
1146 1706 1188 1741 τὸ
1222 1706 1386 1750 πρωινὸν
1421 1706 1598 1752 εμβρωμα
1633 1712 1699 1741 etc.

889 1755 1066 1788 annotavit
1083 1755 1129 1793 H,
1155 1754 1246 1787 inter
1269 1759 1355 1788 vett.
1373 1754 1416 1787 ad
1438 1753 1614 1788 fastidium
1630 1753 1702 1788 dis-

890 1807 1047 1846 putatum
1073 1812 1150 1834 esse
1173 1800 1218 1834 de
1236 1801 1451 1845 temporibus
1471 1800 1540 1834 cibi
1564 1812 1702 1835 sumen—

888 1848 923 1882 di
947 1858 1033 1881 aevo
1067 1848 1215 1881 heroico.
1251 1847 1370 1887 „trina
1396 1846 1537 1888 fuisse‚‘
1528 1848 1551 1865 “
1575 1846 1702 1892 inquit,

887 1898 1016 1939 „ten1p‹
1021 1905 1070 1927 ›ra
1103 1893 1200 1927 multi
1231 1894 1452 1935 statuebant,
1489 1905 1599 1938 eoque
1628 1899 1703 1927 tra-

887 1919 1017 1974 luebant
1040 1952 1135 1973 vocc.
1159 1937 1331 1981 ἄριστον,
1356 1942 1522 1983 δεῖπνον,
1548 1939 1701 1983 δόρπον,

888 1987 963 2030 ipse
988 1986 1175 2030 Aeschylus
1201 1986 1374 2020 Palamedi
1406 1987 1471 2020 hoc
1506 1987 1699 2022 tribuerat:

889 2036 992 2067 σῖτον
1024 2031 1062 2067 6’
1095 2032 1235 2067 εἰδέναι
1264 2030 1421 2089 διωρισα
1438 2030 1586 2078 ”Aptata
1623 2032 1702 2077 (sic

887 2079 1103 2113 scribendum
1129 2085 1183 2112 est
1196 2091 1239 2137 p.
1268 2077 1429 2123 ἄριστον.
1460 2080 1563 2114 Both.
1567 2082 1596 2125 )‚
1620 2081 1700 2116 δεῖ-

887 2138 982 2167 πνα,
1013 2124 1136 2168 δόρπα
1161 2124 1205 2160 θ’
1234 2126 1424 2170 αἱρεῖσθαι
1454 2128 1553 2171 τρία.
1600 2126 1701 2161 addi-

888 2172 1015 2206 derunt
1039 2172 1097 2205 alii
1120 2178 1254 2218 tempus
1275 2178 1443 2218 quaiQtum
1469 2173 1527 2207 alii
1552 2174 1616 2207 hoc
1638 2185 1700 2207 ne-

888 2223 1015 2262 garunt
1033 2219 1158 2252 fuisse:
1183 2219 1273 2253 unde
1296 2223 1348 2253 tot
1368 2219 1617 2274 disputationes
1642 2231 1700 2254 ot-

889 2271 946 2298 tae
970 2264 1013 2298 de
1045 2266 1190 2299 vocabb.
1226 2267 1381 2301 δεῖπνον
1417 2274 1453 2300 et
1477 2265 1629 2310 δόρπον.
1653 2285 1699 2291 ν·-

890 2322 923 2344 v.
957 2311 1109 2392 Hesylch.
1144 2311 1179 2345 in
1211 2310 1364 2356 ἄριστον
1399 2318 1435 2347 et
1475 2314 1583 2358 primo
1622 2313 1699 2347 loco

890 2357 1015 2390 Athen.
1045 2361 1075 2399 1,
1100 2360 1134 2393 9
1192 2362 1303 2400 ,11.,
1328 2372 1348 2393 e
1373 2371 1440 2404 quo
1465 2361 1570 2394 multa
1596 2359 1701 2404 petiit

889 2403 1049 2437 Eustath.
1075 2405 1118 2438 ad
1142 2371 1185 2439 llp.
1211 2403 1264 2448 ω’,
1290 2418 1324 2452 p.
1353 2408 1454 2447 1358,
1479 2408 1535 2448 3,
1570 2406 1699 2461 odyss.

888 2446 940 2490 π’,
970 2450 1079 2494 princ.
1114 2457 1150 2484 et
1184 2452 1311 2488 aliasf‘
1358 2452 1446 2486 idem
1483 2464 1561 2486 ann.
1586 2452 1631 2486 ad
1655 2449 1698 2495 λ’,

890 2475 946 2530 86⁹.
979 2497 1208 2541 probabiliter
1245 2506 1382 2540 censet,
1424 2498 1539 2543 prisca
1583 2502 1700 2533 aetate

891 2543 1041 2577 δεῖπνον
1065 2545 1226 2587 generale
1246 2557 1366 2580 nomen
1390 2545 1498 2579 fuisse
1522 2545 1591 2579 cibi
1614 2555 1700 2589 quo-

889 2589 944 2621 vis
963 2588 1032 2622 diei
1052 2595 1206 2633 tempore
1229 2592 1396 2626 sumendi.
1421 2592 1465 2625 cf.
1487 2591 1591 2625 Schn.
1611 2591 1645 2624 h.
1664 2602 1699 2624 ν.

892 2635 969 2670 ἴνα
994 2636 1089 2678 ξυν.
1114 2635 1258 2682 ἄρηα,
1283 2640 1318 2673 h.
1340 2652 1370 2673 e.
1390 2637 1525 2682 μάχην,
1550 2643 1589 2671 ut
1608 2649 1700 2670 com-

889 2682 1066 2716 mittamus
1087 2694 1258 2728 pugnam.
1307 2684 1414 2719 Attici
1437 2685 1556 2718 dicunt
1586 2681 1699 2718 συνά-

888 2741 994 2763 πτειν
1017 2727 1151 2773 μα’χην.
1200 2730 1290 2764 idem
1315 2737 1370 2766 est
1396 2732 1604 2775 μίγνυσθαί
1626 2743 1700 2764 τινι

889 2774 945 2808 vel
969 2788 1008 2819 μ,
1034 2775 1073 2810 ἐν
1101 2776 1169 2811 δοίὶ
1189 2776 1229 2818 ε’,
1250 2777 1343 2819 143.,
1369 2776 1411 2821 ν’,
1431 2779 1525 2819 286,
1550 2777 1608 2810 ubi
1633 2774 1698 2811 ἇν-

890 2819 1023 2877 δράσιν
1056 2821 1316 2867 intelligendum
1350 2828 1405 2857 est
1437 2824 1472 2857 in
1497 2823 1602 2857 verbo
1633 2835 1698 2866 μι-

887 2868 1068 2913 γήμεναι,
1096 2875 1132 2902 et
1157 2881 1212 2915 ap.
1247 2870 1460 2905 recentiores
1493 2869 1696 2914 συμμίγνυ-

888 2917 990 2950 σθαι.
1025 2916 1059 2947 Ε
1082 2915 1127 2948 Κ.

931 2974 1012 3008 382.
1057 2972 1138 3015 τις,
1164 2971 1327 3014 ἕκαστος,
1352 2976 1391 3007 ιιι
1412 2974 1492 3009 271.
1511 2973 1570 3007 W.
1619 2971 1695 3009 θέ-

886 3021 994 3055 σθω.
1019 3017 1280 3063 εὑτρεπισάτω.
1310 3019 1393 3053 Sch.
