1811 3269
609 166 1044 209 ΙΔΙΑΔΟΣ
1097 168 1149 209 Ε.

1628 172 1713 213 255

218 279 380 327 ἐσθλόν
404 280 658 348 θηρητῆρα·
689 276 833 328 δίδαξε
860 273 946 332 γαρ
965 274 1165 347 Ἀρτεμις
1193 275 1327 347 αὐτὴ

216 337 396 409 βάλλειν
420 333 553 404 α’γρια
582 333 750 387 πάντα,
781 332 881 376 τάτε
898 333 1060 403 τρέφει
1090 332 1270 388 ου’ρεσιν
1297 333 1394 391 ὕλη.

215 392 309 438 ἀλλ’
341 390 396 435 οὔ
425 394 470 434 οἱ
497 389 594 435 τότε
625 407 673 449 γε
701 388 881 447 χραῖσμ’
898 387 1100 442 ’Ἀρτεμις
1129 390 1338 447 ἰοχέαιρα,

217 448 322 494 ου’δὲ
351 448 594 519 ἕκηβρλίαι,
626 450 730 506 ησιν
757 448 916 501 τοπρίν
943 443 989 515 γ’
1021 446 1239 500 ἐκέκαστο,

131 512 183 555 55
215 504 325 550 ἄλλά
355 521 432 560 μιν
457 502 674 560 Ἀτρείδης
704 500 1005 569 δουρικλειτὸς
1032 504 1274 556 Μενέλαος,

212 562 411 616 πρόσθεν
440 561 543 605 ἕθεν
574 561 821 617 φεύγοντα,
851 559 1131 632 μετάφρενον
1161 561 1322 605 οὔτασε
1352 561 1483 617 δουρὶ

212 619 345 674 ω’μων
374 618 613 674 μεσσηγύς,
644 618 717 662 δια
749 618 795 661 65
825 615 1070 686 στήθεσφιν
1099 616 1303 661 ἔλασσεν·

210 675 341 732 ἤριπε
372 675 417 718 δὲ
446 675 640 732 πρηνής,
671 673 866 730 οἷρόιβησε
898 673 944 717 65
951 671 1116 741 τεύχε’
1144 672 1216 716 ἐπ’
1249 674 1382 733 αὐτῷ.

286 731 539 802 Μηριόνης
550 733 597 776 65
632 732 855 804 Φέρεκλον
883 727 1093 786 ἐνήρατο,
1121 729 1325 781 τέκτονος
1354 732 1471 782 υίόν,

125 796 179 837 60
205 788 492 844 Ἁρμονίδεω,
523 787 572 840 ὃς
600 791 748 844 χερσὶν
776 788 979 832 ἐπίστατο
1010 788 1197 830 δαίδαλα
1224 786 1371 830 πάντα

208 846 396 916 τεύχειν·
427 846 552 900 ἔξοχα
575 846 660 901 γάρ
689 861 766 902 μιν
795 845 977 899 ἐφίλατο
1009 843 1188 895 Παλλάς
1214 842 1397 901 Ἀθήνη·

213 902 262 954 ὃς
291 903 365 945 καὶ
390 900 656 960 Ἀλεξάνδρῳ
685 901 922 958 τεκτήνατο
953 904 1063 969 νῆας
1092 900 1210 951 ἐΐσας

210 959 501 1031 αρχεκάκους,
533 962 579 1002 αὶ
611 964 719 1005 πᾶσι
748 959 887 1003 κακὸν
920 956 1113 1012 Τρώεσσι
1141 957 1338 1026 γένοντο,

210 1018 258 1060 οι’
281 1014 325 1059 τ’
359 1015 500 1073 αὐτῷ,
531 1016 623 1063 ἐπεὶ
653 1017 749 1061 οὔτι
777 1020 899 1062 θεῶν
927 1015 976 1059 ἐκ
1003 1015 1209 1071 θέσφατα
1237 1012 1340 1075 ἤδη.

36 1131 135 1176 pulos
155 1140 227 1163 esse
248 1130 335 1164 mihi
354 1135 428 1164 tam
461 1129 628 1174 plenos
657 1129 850 1185 8311..ςυί-

39 1189 59 1210 n
70 1177 81 1210 i
95 1177 290 1210 s·va1ens
303 1177 458 1220 adflictet
474 1188 528 1210 me
543 1178 698 1211 vacivom
711 1178 848 1212 virium

36 1225 153 1268 plenos
171 1224 354 1267 sanguinis
380 1221 470 1255 dixit
494 1223 650 1258 valentes
676 1223 751 1256 sive
775 1223 850 1257 ani-

40 1281 162 1303 mosos.
210 1268 320 1314 igitur
345 1269 463 1312 αιμων
489 1268 612 1313 θήρης
636 1268 700 1313 (α’,
722 1271 778 1306 65,
802 1267 848 1314 β’,

39 1315 106 1350 466
125 1316 210 1358 etc.)
245 1315 384 1360 proprie
408 1326 559 1360 vereque
583 1317 693 1349 fuerit
716 1316 767 1356 is,
792 1317 850 1350 cui

38 1361 178 1405 sanguis
205 1362 321 1395 fervet
345 1372 460 1395 amore
484 1362 645 1403 venandi,
674 1363 707 1395 h.
735 1374 764 1395 e.
785 1373 850 1395 oe-

37 1408 148 1441 nandi
177 1408 454 1442 studiosissimus.
524 1408 688 1452 ejusmodi
732 1408 845 1450 homo,

38 1453 68 1487 si
91 1465 230 1511 operam
255 1453 432 1509 oleumque
457 1465 522 1487 non
555 1454 726 1499 perdidit,
751 1461 847 1488 recte

38 1507 184 1534 vocatur
208 1498 342 1540 ἐσθλὸς
365 1498 560 1544 θηρητήρε
593 1512 661 1534 11οη
684 1500 788 1541 item,
817 1500 846 1533 si

38 1547 160 1589 αἱμων
182 1544 307 1591 θήρης
330 1552 431 1580 sonat
458 1544 688 1602 {matriacum
711 1545 847 1589 θήρης,

37 1593 129 1636 quod
163 1592 254 1626 idem
287 1594 337 1637 τῷ
363 1592 494 1633 ἐσθλός
516 1591 700 1637 θηρητήρ.
744 1593 846 1626 simili

37 1639 201 1672 Germani
225 1639 422 1673 discrimine
449 1639 571 1672 dicunt
586 1639 794 1684 jagdlustig
811 1642 847 1673 et

27 1685 272 1730 jagdkundig.
320 1692 469 1718 ceterum
497 1686 581 1728 αΐω,
607 1686 747 1720 verbum
765 1686 846 1719 obs-

37 1731 186 1772 oletum,
223 1743 244 1765 a
283 1743 350 1775 quo
384 1731 542 1764 derivata
573 1738 652 1765 sunt
685 1730 777 1774 αἷμα
811 1734 847 1765 et

37 1777 180 1821 αῗμων,
205 1777 297 1811 haud
318 1777 438 1822 inepte
462 1778 593 1811 referas
618 1778 663 1812 ad
689 1775 744 1812 ἅω
767 1789 847 1811 sen-

38 1835 79 1859 su
102 1823 279 1867 movendi,
311 1829 350 1857 ut
384 1822 476 1867 αἷμα
501 1825 639 1858 notione
665 1824 773 1869 prima
798 1823 847 1857 si-

37 1869 180 1914 gnificet
212 1869 266 1911 id,
310 1870 402 1914 quod
441 1875 600 1903 movetur
634 1871 669 1904 in
702 1881 849 1913 corpore

39 1915 239 1958 animantis,
263 1915 339 1949 sive
363 1927 427 1960 per
450 1916 534 1950 illud
559 1916 719 1961 perfluit.
745 1916 848 1950 efflu-

39 1973 98 1996 ere
122 1967 233 1995 autem
256 1961 362 2006 prisci
385 1961 541 2006 inprimis
566 1963 766 2018 sanguinem
793 1962 848 1995 vi-

39 2008 170 2043 debant
194 2007 463 2042 vulneratorum.
496 2021 528 2041 v.
553 2009 658 2042 Schn.
683 2021 718 2042 v.
744 2005 848 2052 ἅηιιι.

37 2074 84 2079 -
107 2052 170 2097 0⁹}-
200 2051 289 2097 ὀξεῖ.
323 2050 346 2099 ἢ
371 2051 446 2090 α’πὸ
473 2052 597 2097 όξύας,
624 2055 747 2095 εἴδους
767 2055 848 2091 δέν-

38 2102 150 2158 δρου,
170 2101 506 2158 κατεσκευασμένῳ.
540 2102 645 2146 (Apa
671 2098 849 2143 ὀξυόεντι.

38 2145 59 2183 ὁ
83 2144 148 2190 μὲν
170 2143 298 2182 Ἀπίων
331 2143 411 2189 ὀξεῖ
441 2146 544 2191 ἔγχει.
604 2146 774 2189 ὀξυόεντι
808 2147 848 2184 δὲ

39 2192 188 2238 ὄξνΐνῳ.
238 2191 332 2235 όξύα
355 2193 429 2227 sive
453 2192 545 2237 ὀξύη
580 2205 688 2238 genus
713 2194 850 2228 arboris

38 2245 92 2274 est
116 2239 223 2273 abieti
245 2239 375 2281 simile,
402 2239 494 2274 foliis
522 2240 647 2281 acutis,
674 2253 729 2286 ap.
752 2242 850 2275 The-

39 2286 214 2331 ophrast„
245 2286 362 2319 strab.
390 2287 443 2322 12.
472 2298 504 2332 p
531 2289 598 2322 857
617 2287 666 2329 B,
692 2288 742 2329 E,
775 2288 850 2321 He-

39 2334 136 2377 sych.
167 2332 695 2386 Eurip.Heracl.708.=25192
720 2332 760 2368 δ’
788 2334 850 2369 ἕν-

38 2381 107 2419 θες
130 2374 255 2423 όξύην,
279 2379 336 2412 ubi
362 2379 502 2412 Schola
527 2377 658 2424 λόγχην
683 2378 850 2424 όξυΐνην.

38 2424 261 2459 Archilochus
283 2436 421 2470 quoque
447 2437 501 2469 ap.
515 2425 687 2470 Porphyr.
703 2427 849 2467 Quaest.

37 2470 137 2506 Hom.
163 2473 217 2507 11.
241 2471 284 2504 de
308 2472 407 2504 hasta
426 2471 542 2515 jacta:
573 2472 667 2516 ὀξύη
691 2475 848 2514 ποτᾶτο,

38 2522 268 2561 memoratque
291 2517 413 2550 Pollux
437 2518 479 2558 5,
504 2518 575 2558 20„
603 2519 722 2552 hastas
746 2531 788 2553 ex
806 2531 848 2554 ea

37 2563 161 2597 arbore
183 2563 261 2598 fieri
285 2574 361 2597 esse
384 2563 517 2598 solitas.
577 2565 716 2609 .gMus
719 2577 790 2599 rav
803 2565 847 2599 ad

37 2608 162 2664 Eurip:
186 2609 207 2643 l.
229 2621 258 2643 c.
283 2616 319 2643 et
335 2610 440 2644 Schn.
466 2621 499 2643 v,
521 2576 739 2654 o'gv'ocJSch.
757 2623 848 2645 com-

37 2654 176 2735 gagavit
192 2655 317 2690 Eichh.
342 2656 441 2701 Virg.
467 2657 550 2690 Aen.
576 2659 620 2698 9,
645 2658 709 2692 771
734 2663 770 2692 et
789 2659 845 2702 10,

83 2747 141 2787 52,
150 2747 184 2781 3.
211 2746 364 2790 ἄγρια.
384 2748 514 2792 θηρία.
527 2748 724 2791 (dasWild.
741 2749 849 2784 Voss·

38 2792 126 2824 alles
143 2795 304 2849 gewild.)
351 2798 597 2838 χραῖσμεν.
624 2794 845 2840 ἐβοήθησεν.

38 2838 126 2882 loz.
161 2837 184 2881 ἡ
209 2840 280 2880 ἰοῖς
302 2840 364 2875 καὶ
381 2840 500 2885 βέλεσι
519 2843 712 2886 χαίρουσα,
739 2841 846 2884 τοξό-

36 2897 103 2924 τις.
148 2884 300 2927 (dictum
330 2886 468 2920 videtur
501 2888 569 2932 ιόχ.
605 2889 718 2921 Ionum
750 2901 843 2923 more

35 2942 100 2987 pro
126 2929 294 2986 ἰόχαιρα,
317 2933 359 2966 ab
384 2932 563 2977 ἰόχαιρος,
587 2946 654 2971 non
678 2933 752 2970 ἀπὸ
774 2937 844 2970 τοῦ

32 2976 128 3021 χέειν
151 2975 242 3018 τοὺς
267 2977 367 3019 long,
404 2993 451 3015 τα
485 2979 595 3026 βέλη,
633 2987 673 3014 ut
705 2981 841 3026 quidam

32 3028 165 3068 putant,
189 3035 239 3066 v.‚
262 3035 348 3070 quos
370 3024 405 3059 Η
426 3026 595 3068 laudavit,
617 3027 732 3073 Etym.
725 3052 748 3070 .‚
767 3028 842 3065 He-

896 1126 1007 1172 sych‚
1031 1128 1098 1173 Ap.
1122 1128 1158 1166 h.
1183 1138 1218 1161 v.
1241 1127 1406 1172 frequens
1430 1125 1609 1180 epitheton
1625 1125 1711 1162 Dia-

896 1185 983 1216 nae,
1017 1186 1084 1220 quo
1116 1178 1279 1228 tanquam
1305 1173 1440 1208 nomine
1465 1172 1605 1218 proprio
1630 1186 1713 1208 usus

896 1220 1049 1276 scriptor
1063 1219 1199 1279 h3³mni
1225 1219 1402 1254 Homerici
1432 1221 1579 1260 27,11.
1605 1219 1711 1254 dixit:

898 1264 1020 1310 αὐτάρ
1054 1264 1148 1311 ἐπήν
1193 1268 1344 1319 τερφθῇ
1376 1265 1615 1310 θηροσκόπος
1643 1265 1706 1302 ’-Io

895 1312 1037 1357 χέαιρα.
1074 1314 1119 1347 cf.
1144 1312 1234 1355 447,
1261 1310 1304 1354 ζ’,
1329 1313 1397 1347 428
1423 1313 1517 1370 etc.)
1535 1314 1618 1349 Sch.

942 1360 1046 1394 54—
1055 1362 1112 1396 56.
1160 1359 1220 1413 525.
1248 1357 1450 1416 εὐστοχιᾞαι
1500 1357 1617 1394 ἐκέκ.
1637 1359 1712 1395 ἐκε-

892 1403 1067 1449 κόσμητο.
1115 1403 1339 1448 πρόσθεν
1377 1403 1503 1440 ἕθεν.
1542 1405 1713 1448 πρόσθεν

893 1451 1013 1486 αὐτοῦ
1054 1451 1145 1495 (imo
1170 1450 1293 1488 αὑτοῦ
1315 1452 1372 1487 vel
1395 1449 1567 1497 ἑαυτοῦ).
1593 1454 1711 1491 Schol.

894 1499 939 1532 cf.
967 1500 1024 1533 80.

939 1545 999 1578 59.
1047 1543 1092 1577 de
1118 1543 1305 1585 Phereclo,
1339 1542 1398 1587 qui
1430 1543 1571 1578 Paridis
1603 1555 1710 1578 naves

893 1590 1110 1630 aedificavit,
1135 1601 1169 1623 v.
1195 1589 1300 1622 Ovid.
1326 1589 1411 1623 Her.
1439 1593 1506 1632 16,
1529 1592 1596 1632 22,
1622 1591 1710 1625 Pot-

891 1641 958 1670 ter.
983 1636 1026 1669 ad
1051 1635 1227 1680 Lycophr.
1252 1636 1310 1669 97.

938 1684 995 1718 60.
1044 1681 1066 1717 ὅ
1079 1694 1108 1722 ς.
1142 1681 1345 1722 Phereclus,
1370 1692 1439 1715 non
1463 1682 1708 1725 Harmonides,

892 1732 931 1764 ut
956 1728 1103 1773 putabat
1125 1726 1359 1762 Aristarchus.

938 1777 995 1811 61.
1043 1772 1267 1816 ἐφι“,λατο
1293 1778 1333 1808 ut
1358 1775 1564 1816 φῖλαι117.
1585 1787 1618 1809 v.
1630 1787 1707 1810 ann.

895 1820 938 1855 ad
965 1819 1009 1862 δ’,
1033 1822 1113 1857 155.
1139 1825 1176 1857 et.
1197 1831 1304 1878 sppra
1329 1820 1372 1855 ad
1396 1822 1454 1856 31.

918 1868 997 1948 762.
1053 1868 1173 1912 νῆας
1203 1865 1353 1908 ἐΐσας.
1404 1878 1439 1900 v.
1473 1878 1551 1902 ann.
1585 1868 1629 1902 ad
1659 1867 1707 1913 β’,

941 1960 997 1994 63.
1047 1971 1145 2001 αρχ.
1188 1955 1305 2003 ἀρχὴν
1337 1958 1413 1993 ταῖν
1436 1960 1562 1994 κακῶν
1584 1973 1709 2002 παρα-

895 2003 1068 2048 σχούσας.
1093 2005 1175 2039 sch.
1210 2005 1330 2038 eodem
1355 2016 1456 2040 sensu
1479 2009 1618 2048 νείκεος
1641 2021 1710 2050 αρ-

893 2050 964 2105 χῄν
988 2050 1078 2084 dixit
1101 2048 1145 2095 χ’,
1163 2050 1255 2092 116.,
1278 2051 1412 2085 Herod·
1429 2053 1465 2093 5,
1485 2055 1542 2088 97.
1567 2054 1611 2087 (le
1630 2055 1710 2088 mis-

894 2098 942 2130 sis
967 2098 1009 2131 ad
1035 2097 1135 2133 lones
1159 2096 1418 2153 Atheniensium
1443 2099 1604 2133 navibus:
1640 2095 1711 2135 αὗ-

894 2156 956 2178 ται
989 2140 1030 2178 δὲ
1067 2143 1106 2178 αἱ
1139 2141 1219 2184 νέες
1251 2140 1344 2188 αρχή
1378 2146 1504 2180 κακῶν
1539 2145 1710 2190 ἐγένοντο

884 2189 1036 2232 ’Ἕλλησί
1060 2202 1099 2225 τε
1122 2189 1186 2225 καὶ
1209 2190 1432 2235 βαρβάροις,
1473 2203 1573 2237 quem
1599 2193 1710 2228 locum

895 2237 1100 2271 monstravit
1126 2237 1167 2271 E.
1194 2237 1227 2271 F
1227 2249 1249 2270 x
1268 2237 1315 2271 Η.

940 2282 996 2318 64.
1045 2282 1092 2319 ἐκ
1123 2285 1166 2319 θ.
1198 2281 1303 2328 ᾔδη.
1350 2281 1461 2329 ἐξῄδη
1494 2286 1535 2319 θ.
1577 2285 1707 2320 tmesis.

889 2326 1096 2385 αὐξητικὸν
1121 2334 1176 2365 est
1200 2329 1261 2372 ἐκ,
1285 2334 1324 2365 ut
1348 2330 1486 2374 passim.
1525 2331 1631 2366 Sch.:
1664 2351 1711 2358 —-

889 2372 1104 2416 Ελλάνικός
1128 2387 1230 2420 φησι,
1256 2375 1420 2421 χρησμὸν
1445 2378 1613 2422 δοθῆναι
1629 2382 1711 2420 τοῖς

899 2423 1064 2466 Τρωσὶν,
1091 2420 1297 2467 ἀπέχεσθαι
1321 2436 1388 2467 μεν
1414 2427 1625 2467 ναυτιλίας,
1650 2439 1708 2470 γε·

895 2471 1011 2525 ωργίᾳ
1037 2467 1077 2505 δὲ
1101 2470 1361 2525 προσανέχειν,
1392 2470 1443 2526 μὴ
1469 2473 1515 2528 τῇ
1539 2472 1709 2531 θαλάσσῃ

893 2514 1076 2559 χρεόμενοι
1108 2514 1334 2553 ἀπολέσωσιν
1367 2514 1509 2558 αυτούς
1542 2518 1606 2554 καὶ
1638 2520 1707 2564 τήν

893 2561 1014 2598 πόλιν.
1061 2562 1192 2605 Dares,
1227 2564 1286 2608 qui
1322 2564 1533 2608 antiquiores
1557 2564 1706 2610 scripto-

893 2620 952 2643 res
973 2609 1149 2643 rhetorice
1178 2589 1425 2653 interpolavit,
1461 2610 1551 2644 libro
1575 2611 1619 2645 de
1642 2623 1705 2646 ex-

895 2654 985 2688 cidio
1012 2656 1144 2700 Trojue
1168 2667 1246 2700 cap.
1271 2655 1302 2689 7.
1324 2660 1360 2691 et
1385 2658 1440 2691 8.
1466 2657 1620 2692 Helenus
1640 2669 1705 2691 va-

893 2701 1033 2736 ticinari
1063 2702 1193 2745 coepit,
1229 2702 1355 2744 GraJ‘os
1386 2708 1566 2745 venturos,
1601 2705 1705 2737 Ilium

894 2758 1070 2782 eversuros
1082 2774 1092 2789 ,
1113 2753 1277 2792 parentes
1297 2753 1330 2783 et
1341 2752 1477 2791 fratres
1494 2750 1611 2784 hostili
1627 2762 1705 2783 ma-

892 2805 940 2828 nu
957 2794 1176 2834 interituros,
1206 2795 1237 2827 εἰ
1253 2796 1455 2829 Alexander
1474 2797 1540 2829 siba·
1566 2807 1704 2830 uxorem

892 2840 934 2874 de
956 2841 1107 2874 Graecia
1128 2841 1341 2875 adduxisset.
1364 2861 1407 2867 -
1438 2842 1594 2875 Panthus
1620 2842 1702 2876 Pri-

891 2898 969 2920 amo
987 2892 1021 2921 et
1037 2888 1236 2931 propinquis
1252 2889 1368 2931 prodit
1393 2899 1454 2928 ea,
1480 2899 1569 2931 quae
1596 2900 1619 2921 a
1635 2899 1703 2931 pa-

889 2937 942 2966 tre
966 2934 1150 2977 Euphorbo
1172 2935 1358 2968 andierat.-
1387 2935 1419 2966 si
1444 2934 1542 2967 Alex.
1562 2946 1702 2968 uxorem

889 2979 932 3012 de
965 2980 1116 3014 Graecia
1141 2980 1362 3021 adduxisset,
1401 2980 1560 3022 Trojam's
1586 2985 1702 3014 enre-

887 3036 981 3060 mum
1005 3028 1146 3062 exitium
1157 3029 1332 3070 futurum.
1348 3043 1394 3052 -
1414 3027 1564 3070 populus
1578 3032 1700 3062 aucto-
