1811 3269
585 140 1024 181 ΙΛΙΑΔΟΣ
1096 141 1146 179 Α.

1644 138 1702 178 63

203 255 286 310 τὴν
312 253 393 323 μὲν
419 250 503 308 γὰρ
534 248 615 303 ξυν
642 250 722 306 νηῒ
743 252 834 319 θοῆ
865 248 1075 299 ἑλίκωπες
1095 246 1258 318 Ἀχαιοὶ

90 318 172 360 390
201 311 244 360 ἐς
274 308 457 364 Χρύσην
485 308 758 364 πέμπουσιν,
790 292 961 376 ὄίγουσι
979 306 1026 349 δὲ
1056 307 1176 376 δῶρα
1206 304 1379 348 ἄνακτι·

199 366 280 423 τὴν
310 366 356 410 δὲ
383 366 486 409 νέον
514 365 741 434 κλισίηθεν
771 363 878 420 ἔβαν
905 360 1097 422 κήρυκες
1121 362 1300 433 ἄγοντες

201 424 372 494 κούρην
385 426 619 493 Βρισῆος,
654 419 736 477 τήν
765 436 842 476 μοι
872 419 1014 462 δόσαν
1050 422 1139 470 υἱες
1164 416 1361 474 Ἀχαιῶν.

205 480 314 524 ἄλλα
344 478 422 532 σὺ,
455 481 491 522 εἰ
522 477 713 522 δύνασαί.
740 494 812 533 γε,
842 492 895 520 πε
930 478 1061 549 ίσχεο
1075 476 1232 527 παιδὸς
1253 476 1387 545 ἑῆος·

156 535 385 581 «εέλθοῦό
424 533 714 591 Οὔλυμπόνδε
744 536 833 578 Δία
861 538 998 589 λισαι,
1031 533 1172 576 εἴποτε
1208 531 1263 589 δή
1292 549 1334 576 τι

90 598 172 641 395
201 594 230 651 ἦ
260 595 352 638 ἔπει
382 592 555 661 ὤνησας
582 594 774 662 κραδίην
797 587 931 644 Διος,
962 589 1010 646 ἠὲ
1038 590 1114 633 καὶ
1142 589 1267 660 ἔργῳ.

203 649 390 694 πολλάκι
418 666 519 719 γαρ
536 661 608 692 σεο
639 648 802 703 πατρὸς
831 648 896 692 ἐνὶ
923 647 1179 717 μεγάροισιν
1210 645 1380 689 οίκονσα

202 706 461 782 ευχομένης,
495 706 562 750 ὅτ’
597 707 772 777 ξ’Ξησθα
803 703 1052 776 κελαινεφέϊ
1080 705 1311 776 Κρονίωνι

201 767 272 821 οἴη
303 765 350 808 ἐν
383 761 695 808 ἀθανάτοισιν
707 763 854 806 αεικέα
884 761 1037 817 λοιγον
1068 761 1248 815 ἀμῦναι,

202 821 366 865 ὁππότε
395 838 477 891 μιν
502 822 715 890 ξυνδῆσαι
742 818 979 875 Ὀλύμπιοι
1008 819 1174 889 ἤθελον
1205 815 1346 867 ἄλλοι,

88 884 170 926 400
189 878 311 949 Ἥρη
337 876 378 920 τ’
388 877 483 948 ἠδὲ
516 876 774 927 Ποσειδάων
804 878 876 921 καὶ
910 875 1088 927 Παλλὰς
1112 872 1299 930 Ἀθήνη

202 933 312 979 αλλὰ
344 934 398 978 σύ
428 933 554 990 τόνγ’
588 935 803 982 ἐλθοῦσα,
833 933 939 979 θεα.
970 931 1195 977 ὑπελύσαο
1228 932 1418 986 δεσμῶν,

201 991 282 1051 ὦχ’
307 990 625 1071 ἑκατόγχειρον
651 990 857 1036 magea&

638 1077 653 1082 .,
677 1054 690 1096 ej
721 1061 729 1095 ς

29 1109 66 1143 in
98 1111 242 1142 mentem
280 1106 376 1140 venit
417 1101 547 1150 μῦθον
595 1062 846 1165 ἐπηπείλησεν.

31 1155 166 1189 leniore
197 1153 367 1188 medicina
391 1152 575 1197 scripseris
608 1153 782 1199 ἦπείλησέ
802 1165 846 1196 με

0 1203 189 1246 μῦθον,
233 1199 324 1244 quod
360 1199 488 1233 dictum
522 1200 662 1234 videtur
696 1207 734 1235 ut
767 1205 846 1236 εἰπε

0 1247 276 1291 Μενέλαονρ.
300 1245 477 1290 Μενελάῳ
497 1244 540 1289 ρ’,
560 1249 641 1282 237.
666 1260 699 1280 ν.
719 1247 844 1280 Matth.

31 1298 67 1337 ς.
87 1294 167 1330 410.
191 1294 305 1338 ipsum
333 1282 496 1328 ἀπειλεῖν
528 1293 658 1327 Buttm.
686 1294 794 1327 Leaeil.
816 1293 844 1326 Ι.

34 1353 67 1386 p.
92 1338 172 1375 274.
198 1339 309 1372 refert
340 1340 384 1372 ad
420 1337 528 1377 ε’πος,
563 1344 600 1372 ut
633 1340 774 1397 proprie
798 1339 847 1373 sit

33 1386 241 1429 vociferari,
267 1386 340 1417 laut
357 1385 476 1418 reden.
498 1384 599 1418 Scir:
638 1383 708 1429 ἠπ.
735 1384 845 1430 ἐπηγ-

33 1434 188 1479 γείλατο.
232 1431 335 1464 Eton.
371 1431 470 1464 MSA
516 1429 701 1475 ἠπείλησε.
742 1432 846 1465 facile

33 1489 217 1531 pronomen
254 1475 425 1510 exciderit
460 1482 604 1521 propter
628 1491 654 1522 μ,
687 1488 846 1523 εεῳιει.5,

33 1526 89 1559 vel
115 1537 157 1558 ex
174 1521 348 1557 industria
367 1522 516 1556 deletum
537 1523 657 1566 fuerit,
683 1529 848 1569 tanquam

32 1571 246 1606 inusitatum.

79 1619 160 1653 389.
186 1615 242 1651 ἓλ.
267 1615 324 1648 98.

79 1665 161 1699 390.
197 1659 244 1702 ἐς
275 1657 494 1704 Χρύσην,
521 1661 689 1705 Chrysam
716 1663 846 1696 urbem.

35 1710 80 1744 cf.
98 1708 177 1744 431.
198 1727 243 1733 —
267 1708 396 1750 δοῦρα
428 1705 613 1742 ἄνακτι.
649 1719 736 1754 opus
771 1719 849 1742 esse

33 1755 175 1790 videtur
197 1753 416 1798 digammate
441 1765 474 1786 v.
495 1754 563 1787 T.h
585 1756 661 1790 187.

80 1803 161 1838 391.
186 1801 311 1835 νέον.
334 1802 476 1835 νεωστί.
502 1800 585 1834 Sch.

80 1849 162 1884 393.
199 1859 296 1889 περ.
330 1846 540 1892 βοήθησον.
570 1847 626 1880 Ex
654 1847 697 1881 Ε.
717 1845 847 1891 0.dyss

38 1892 76 1938 ι’,
101 1896 198 1929 199.
232 1892 368 1928 οὕνεκά
410 1906 474 1937 μιν
507 1892 574 1936 ξύν
608 1893 713 1928 παισὶ
745 1905 849 1936 περι-

37 1921 198 1985 exopt-taff
224 1937 292 1984 ἠδε
315 1939 481 1983 γυναικὶ,
504 1939 561 1973 ubi
586 1939 722 1973 Schola
747 1952 851 1985 mend

37 1986 244 2030 εσώσαμεν,
269 1984 516 2030 ἐφυλάξαμεν.
542 1986 587 2018 cf.
607 1987 671 2030 Ap.
691 1997 724 2018 v.
744 1999 851 2031 περι-

37 2032 216 2078 σχόμεθα
244 2038 428 2090 praeterea
461 2044 527 2065 vox
554 2032 638 2066 baec
670 2043 737 2066 non
763 2032 850 2077 legi-

36 2084 96 2114 tur
131 2091 186 2125 ap.
212 2079 311 2114 Hom.
340 2098 386 2103 ——
411 2076 527 2134 ε’ῆος
548 2078 593 2111 W
619 2079 729 2122 etl-l,
750 2078 780 2111 h.
805 2091 849 2122 e.,

36 2125 219 2171 Apollonio
245 2125 463 2183 interprete,
504 2123 677 2169 ἀγαθοῦ,
712 2137 851 2170 προση-

36 2173 147 2213 νοῦς,
171 2172 215 2205 ab
237 2169 321 2213 ε’ὒς,
348 2170 518 2216 ἀγαθὸς,
545 2172 667 2216 itaque
691 2173 805 2216 φίλου
830 2184 850 2206 3

38 2223 280 2262 consequente.
314 2229 348 2252 v,
394 2219 439 2251 W
474 2218 585 2262 praef.
618 2218 772 2259 Iliados,
807 2220 850 2253 ab

38 2277 135 2346 {05—
104 2264 218 2298 editae
251 2264 375 2306 1785„
407 2269 443 2298 et
469 2265 597 2298 Buttm.
620 2264 730 2298 Lesil.
762 2265 789 2299 Ι.
812 2277 847 2310 p.

84 2358 165 2392 395
191 2354 297 2392 ε’πει
329 2356 408 2392 καὶ
444 2355 576 2413 ἔργω.
611 2356 769 2391 formula.
803 2357 849 2391 cf.

39 2401 118 2444 504,
140 2400 178 2445 ε’,
197 2404 277 2438 879.
296 2422 341 2428 -
367 2402 437 2438 ὤν.
465 2401 670 2447 ω’φελῆσας.
689 2403 771 2439 Sch.
788 2405 851 2446 ju-

38 2450 139 2490 visti,
166 2449 369 2505 delectasti,
393 2454 432 2483 ut
451 2451 496 2484 K.
516 2451 778 2495 interpretatur.
805 2450 851 2485 cf.

39 2493 461 2540 831ιιι.ν.ὅνημι.,,τὸν
482 2495 522 2531 δε
547 2498 623 2530 Δία
647 2496 766 2540 (503.)
792 2495 850 2531 ἐν-

39 2542 168 2576 ταῦθα
199 2542 442 2586 περιφράζων
484 2543 695 2588 κραδίην
729 2539 851 2583 Διὸς

40 2587 143 2634 λέγει.
154 2589 178 2608 “
197 2606 245 2613 —
269 2589 314 2622 Ε.

87 2636 165 2671 396.
191 2632 245 2670 τὸ
275 2633 489 2669 πολλάκι
513 2631 707 2689 οἷποβολήν
731 2633 851 2670 ε’παθε

42 2681 110 2715 τοῦ
135 2693 174 2722 6,
210 2678 260 2720 ὦς
291 2679 352 2715 καὶ
387 2680 430 2717 τὸ
465 2680 675 2723 πλειστάκι,
702 2682 765 2717 καὶ
789 2694 850 2716 το-

42 2725 214 2770 σαντάκι,
239 2728 303 2763 καὶ
328 2726 491 2772 δηθάκι,
514 2729 576 2764 καὶ
600 2727 648 2763 τοὶ
669 2725 792 2772 ὅμοια.
805 2746 849 2753 —-

40 2772 85 2808 Ε.
109 2772 438 2830 πατρὸςέμοῦ,
461 2775 569 2809 Ρ313ἰ.

87 2820 166 2855 397.
200 2818 409 2864 ἔφησθα.
442 2821 568 2855 Matth.
600 2823 633 2863 ἓ.
659 2821 737 2861 195,
758 2821 792 2855 7.
802 2838 849 2844 -—-

39 2867 129 2900 κελ.
155 2865 256 2909 παρὰ
280 2865 324 2901 τό
351 2866 518 2908 κελαινός
543 2869 769 2925 φαίνεσθαι,
794 2865 849 2899 in-

42 2911 171 2993 3¹25
183 2912 502 3004 αἷῖῗῖἕῗιγῗὲ,
514 2911 849 3004 ‘'145⁷‘’..2222'5353

40 3001 116 3048 ἐρεῖ
135 3005 412 3051 κελαινεφὲς
431 3008 498 3043 etc.
512 3007 621 3041 minus
638 3011 735 3040 recte
750 3005 835 3041 sch
837 3016 854 3038 a

553 3103 659 3228 ἱ

890 991 932 1042 ἐς
964 989 1137 1081 μακρὸν
1151 988 1403 1044 ”Ολυμπον,

892 1107 944 1153 τῷ
985 1104 1053 1146 τοὶς
1091 1102 1248 1148 νεφέλας
1285 1101 1520 1146 μελαιν,οντι
1567 1095 1706 1144 ὀμβρο-

892 1154 1002 1197 ποιοῖ.
1029 1152 1074 1185 cf.
1094 1152 1200 1185 Schn.
1223 1151 1257 1184 h.
1274 1161 1308 1183 v.
1321 1168 1365 1174 ⁷—
1387 1148 1572 1201 Κρονίωνι
1595 1149 1707 1180 altera

893 1204 1075 1244 correpta,
1116 1209 1206 1244 quae
1240 1195 1447 1242 producitur
1480 1192 1704 1228 nominativo.

893 1246 938 1282 cf.
958 1246 1037 1280 405.

938 1294 1018 1328 398.
1042 1287 1077 1325 ἆ.
1103 1292 1132 1324 λ.
1161 1288 1234 1332 ἀμ.
1260 1286 1341 1324 341.
1375 1288 1510 1342 mythus
1535 1283 1707 1330 antiquis-

891 1337 1005 1371 simus,
1034 1347 1173 1381 prorsus
1202 1337 1287 1369 haec
1311 1333 1520 1368 conveniunt
1536 1343 1611 1365 cum
1631 1342 1706 1375 my-

892 1384 960 1418 this
995 1381 1263 1427 cosmogonicis.
1298 1380 1491 1425 similiaque
1522 1384 1706 1412 narrantur

894 1431 937 1464 ab
963 1430 1138 1470 Hesiodo,
1164 1428 1221 1473 qui
1246 1439 1310 1461 nec
1333 1427 1410 1472 ipse
1431 1438 1473 1460 ea
1497 1429 1707 1459 commentus

894 1482 968 1517 est,
994 1477 1054 1509 sed
1080 1476 1123 1509 ab
1142 1473 1397 1528 antiquioribus
1422 1471 1534 1517 poetis
1559 1469 1706 1525 accepit.

894 1533 1015 1557 nomen
1040 1521 1175 1554 Briarei
1195 1532 1215 1554 a
1237 1519 1393 1574 βριαρὸς
1411 1517 1634 1563 symbolicum
1653 1516 1708 1550 vi-

894 1580 952 1602 res
971 1570 1216 1620 praepotentes
1236 1566 1435 1610 significat,
1462 1564 1522 1609 qui
1541 1574 1626 1597 usus
1645 1563 1709 1596 ad-

896 1615 963 1648 huc
993 1617 1154 1658 superest
1187 1613 1222 1646 in
1268 1613 1427 1646 Indorum
1465 1609 1707 1655 religionibus.

896 1661 1021 1694 similis'
1042 1664 1096 1693 est
1119 1659 1237 1693 fabula
1263 1658 1371 1692 vincti
1396 1657 1493 1692 Jovis
1523 1668 1544 1691 a
1563 1655 1708 1701 Typho-

896 1719 950 1741 ne
970 1726 1013 1731 --
1038 1710 1211 1739 vetustum
1237 1716 1315 1738 esse
1338 1703 1543 1748 intelligitur
1559 1712 1707 1743 carmen,

896 1753 928 1786 in
953 1764 1020 1797 quo
1047 1753 1089 1785 ab
1114 1752 1235 1785 iisdem
1261 1751 1346 1793 diis,
1373 1751 1432 1795 qui
1457 1751 1493 1783 in
1516 1749 1606 1783 bello
1632 1759 1708 1782 cum

895 1799 1081 1833 Titanibus
1116 1798 1201 1831 socii
1242 1798 1338 1832 Jovis
1381 1798 1542 1837 fuerant,
1581 1795 1709 1829 bellum

895 1851 1020 1879 motum
1055 1844 1160 1879 suerit
1195 1848 1262 1878 etc.
1324 1844 1378 1877 Ex
1414 1844 1459 1877 H.
1498 1842 1616 1876 eodem
1648 1841 1708 1886 ju-

896 1893 974 1926 dice
1010 1902 1077 1925 non
1120 1890 1238 1936 inepte
1278 1890 1448 1934 Didymus
1492 1900 1548 1934 ap.
1591 1886 1708 1922 Schol-

896 1939 983 1971 Ven.
1014 1940 1041 1971 A
1067 1937 1101 1970 in
1128 1937 1248 1971 Jovem
1281 1949 1369 1971 novo
1403 1947 1512 1980 legno
1538 1934 1711 1969 ferocien-

896 1989 964 2019 tem
1000 1983 1191 2017 surrexisse
1226 1983 1336 2017 tradit
1368 1981 1534 2016 Junouem
1569 1982 1710 2027 Neptu-

897 2041 973 2064 num
1016 2034 1052 2063 et
1092 2029 1305 2074 Apollinem,
1346 2033 1417 2063 tum
1450 2027 1638 2063 Thetidem
1669 2037 1709 2061 re

897 2081 1074 2121 comperta
1107 2088 1127 2109 e
1161 2080 1262 2120 patre
1294 2076 1412 2110 Nereo
1451 2074 1531 2108 Jovi
1565 2073 1710 2108 consilia

897 2123 1088 2168 apen-,uisse
1107 2122 1167 2166 qui
1186 2133 1329 2166 poenam
1349 2121 1518 2166 exegerit,
1545 2120 1710 2155 aJunone

898 2169 1059 2214 quidem,
1094 2175 1132 2202 ut
1164 2179 1331 2214 suspensa
1362 2173 1457 2202 esset
1487 2167 1522 2202 in
1561 2168 1662 2207 aete,
1688 2177 1710 2200 a

897 2216 1062 2260 Neptuno
1092 2220 1205 2247 autem
1239 2219 1275 2248 et
1301 2214 1478 2260 Apolline,
1515 2219 1554 2247 ut
1577 2214 1610 2246 in
1635 2215 1708 2258 θη-

897 2263 1000 2297 τείαν
1025 2261 1256 2295 venderentur
1290 2260 1526 2296 Laomedonti.
1556 2261 1600 2293 cf.
1625 2260 1708 2293 Sch.

898 2307 1084 2353 Apollinem
1121 2306 1301 2340 Minervae
1329 2307 1561 2340 substituerat
1592 2306 1710 2340 Zeno-

898 2355 1000 2388 dotus
1026 2355 1086 2398 (v.
1109 2353 1227 2387 Schol.
1244 2353 1294 2394 B,
1320 2354 1415 2399 Lips.
1441 2358 1477 2387 et
1500 2353 1543 2387 Ε.
1559 2352 1711 2406 scripsit

897 2401 955 2435 ille
975 2403 1037 2436 καὶ
1057 2401 1195 2454 Φοῖβος
1217 2397 1403 2435 Ἀπόλλων.
1417 2401 1444 2453 ).’
1471 2398 1570 2444 quasi
1594 2399 1710 2444 aptius

900 2453 1004 2489 esset,
1030 2446 1161 2481 filium'
1152 2457 1334 2492 insurgere
1353 2446 1462 2492 patris
1480 2456 1587 2489 regno
1606 2456 1711 2490 quam

898 2493 1014 2528 filiam.
1039 2493 1071 2526 Ε
1094 2492 1262 2526 Junonem
1286 2493 1365 2527 Joxi
1393 2491 1631 2526 succensuisse
1655 2490 1710 2524 di-

897 2540 946 2573 cit
970 2540 1151 2574 secundum
1175 2539 1353 2595 Mythicos
1385 2538 1450 2574 διὰ
1473 2538 1710 2593 ζηλοτυπίαν,

896 2586 1094 2632 Neptunum
1121 2583 1184 2620 διοὶ
1210 2585 1251 2620 τὸ
1274 2586 1340 2631 τῆς
1362 2586 1519 2641 μερίδος
1545 2583 1711 2642 ετερόζη-

897 2635 985 2674 λον,
1018 2633 1167 2677 denique
1206 2630 1422 2674 Minervam,
1456 2629 1554 2667 διότι
1590 2630 1712 2688 αυτὴν

897 2677 1027 2724 αφῆκε
1042 2678 1251 2725 βιασθῆναι
1275 2676 1350 2715 υπὸ
1367 2676 1593 2735 ’‘qui6tov,
1619 2675 1711 2723 ὁπη-

896 2727 982 2761 νίκα
1023 2727 1090 2771 τῆς
1124 2727 1288 2782 κεφαλῆς
1327 2723 1447 2761 αυτοῦ
1489 2726 1711 2770 γεννηθεῖσα

895 2774 1014 2808 τελεία
1038 2771 1239 2829 προέκυψε.

942 2819 1022 2855 399.
1043 2817 1201 2860 ἄλλοι,
1225 2815 1340 2863 “Hpq
1371 2822 1507 2854 teetc.
1531 2828 1607 2851 cum
1632 2816 1710 2858 alii,

894 2871 969 2900 tum
991 2867 1081 2899 June
1106 2870 1173 2900 etc.

942 2912 1020 2947 402.
1065 2924 1112 2946 εκ
1129 2925 1193 2946 ατ
1208 2936 1218 2953 ,
1261 2921 1362 2945 unum
1408 2909 1708 2943 Centimanorum·

895 2969 972 2992 nam
992 2959 1014 2993 3
1033 2958 1140 2992 fuisse
1159 2957 1375 2996 dicebantur,
1394 2955 1567 2991 Briareus.
1595 2955 1707 2998 Gyes,

897 3005 1062 3046 Cottus,
1071 3004 1139 3038 filii.
1150 3003 1263 3039 'Coeli'
1272 3008 1319 3037 et
1329 3003 1481 3036 Terrae.
1506 3011 1540 3035 v.
1562 3000 1706 3035 Hesiod.
