1811 3269
74 134 159 175 184

702 126 1105 169 ΟΜΗΡΟΥ

248 236 446 291 ,,αἰδοῖός
473 239 519 282 τέ
549 237 624 305 μοί
654 236 771 288 ἐσσι,
805 238 903 292 φίλε
933 235 1084 291 ἑκυρὲ,
1116 234 1261 286 δεινός
1290 250 1347 278 τε.

249 295 308 347 ὠς
339 296 493 365 ὄφελεν
522 293 716 344 θάνατός
744 310 820 348 μοι
848 293 971 338 ἁδεῖν
1001 293 1159 346 κακὸς,
1193 291 1356 336 ὁππότε
1387 292 1522 347 δεῦρο

246 353 335 396 υἱέϊ
359 357 420 409 σῷ
451 351 642 407 ἑπόμην,
673 349 891 421 θάλαμον
908 348 1107 407 γνωτούς
1136 365 1180 393 τε
1211 353 1412 400 λιποῦσα,

140 417 220 456 175
253 410 389 454 παῖδά
421 425 466 452 τε
481 408 736 479 τηλυγέτην
765 409 840 452 καὶ
870 407 1100 478 ὁμηλικίην
1130 406 1379 462 ἐρατεινήν]

251 465 360 510 ἀλλὰ
395 463 492 521 τοίγ’
525 463 609 509 οὐκ
639 465 862 521 ἐγένοντο·
895 465 944 508 τὸ
975 464 1050 508 καὶ
1077 465 1292 507 κλαίουσα
1319 463 1488 518 τέτηκα.

129 583 208 618 172.
257 581 306 616 αἰ
317 581 350 615 6
383 579 519 620 αἰδοῦς
535 578 805 635 (reverentiae)
831 578 892 614 καὶ

80 629 188 673 τιμῆς
223 624 335 670 ἄξιος.
406 623 554 670 ἓκυρέ.
573 624 762 679 πενθερέ.
814 625 894 668 (sic

81 676 183 709 etiam
209 674 250 707 E.
275 672 337 707 sed
362 673 388 706 Α
420 685 448 709 .:
475 667 613 715 ἓκυρός.
653 670 790 714 ἀνδρὸς
823 684 894 704 πα-

81 720 162 766 τήρ.
210 719 272 755 καὶ
298 718 410 763 ἓκυρα
442 717 498 763 [χ’,
522 719 602 759 451,
629 718 682 762 ω’,
709 720 788 753 770.
813 722 896 750 nota

82 767 246 802 'lerentii
277 766 393 800 fabula
419 766 470 799 sic
494 743 688 809 inscripta]
728 762 749 808 ἡ
774 761 894 807 μήτηρ

82 815 152 848 τοῦ
178 810 327 856 ἀνδρός.
362 812 560 846 Latinorum
581 811 707 864 socer.)
732 829 778 835 —-
810 810 894 844 Sch.

85 860 202 912 φίλέ
238 858 404 903 ὲκυρέ,
451 854 620 898 δεινός
661 868 718 891 τε.
768 855 899 889 numeri

85 905 214 952 asperi,
239 904 443 960 praesertim
468 905 511 937 ob
539 908 733 949 porrectum
758 900 820 946 -ρὲ
840 913 898 935 an-

85 959 122 986 te
148 952 279 992 δεινός.
329 962 404 985 nam
439 950 531 994 quod
558 951 640 993 φίλε
666 960 733 983 non
759 954 812 982 est
837 947 900 981 eli-

86 1010 179 1038 sum,
208 1003 371 1031 excusant
397 1002 596 1040 sequentem
626 994 813 1039 aspiratam
845 994 902 1027 vel

86 1045 267 1088 digamma,
293 1043 384 1088 quod
405 1042 748 1086 affinguntHomero.
773 1047 902 1074 utram-

86 1103 155 1136 que
189 1091 354 1134 syllabam
390 1089 526 1122 brevem
567 1087 708 1132 adjuvat
743 1098 900 1128 caesura,

87 1137 313 1190 posteriorem
338 1135 440 1168 etiam
477 1134 722 1190 interpunctio.
769 1133 900 1188 caruis-

87 1187 142 1217 set
178 1182 313 1239 quidem
350 1180 540 1214 offensione
565 1181 671 1235 φίλος
696 1178 844 1223 ἑκυρὸς,
868 1179 900 1212 1).

88 1241 119 1262 e.
145 1230 253 1270 φίλος
277 1226 405 1270 ἑκυρὸς
429 1240 504 1269 ων,
530 1228 588 1271 qui
612 1227 658 1259 sis
677 1237 770 1259 socer
793 1237 902 1267 meus,

89 1274 212 1320 quibus
237 1274 354 1307 verbis
387 1273 453 1306 suit
488 1285 562 1306 cum
587 1272 797 1317 adscriptum
822 1271 903 1306 mihi

88 1320 270 1354 videretur
311 1319 563 1364 interpretandi
595 1329 700 1352 causa
739 1320 823 1362 φίλε
864 1316 902 1352 ὲ-

88 1379 133 1402 κυ
161 1380 191 1402 ε.

137 1379 217 1448 173.
267 1409 420 1446 ἁδεῖν.
444 1410 513 1454 (sic
537 1409 639 1443 etiam
661 1409 779 1454 Lips„
804 1409 904 1442 Vrat.

90 1460 144 1501 A,
169 1458 246 1492 Ald.
270 1460 325 1499 2.,
352 1458 449 1491 Rom.
482 1462 518 1490 et
548 1462 685 1490 ceterae
714 1434 792 1489 edci
828 1454 906 1488 hinc

92 1506 241 1546 ductae,
268 1483 473 1560 dubitatque
494 1503 534 1542 E,
561 1509 673 1536 utrum
691 1501 906 1535 scribendum

91 1552 139 1586 sit
163 1549 269 1586 ἁδεῖν
294 1562 337 1584 an
362 1548 467 1584 (ἰδεῖν
484 1548 643 1604 aeolice.)
670 1547 811 1603 οἷρέσαι.
823 1548 905 1580 Sch.

92 1598 125 1632 E
150 1596 241 1630 inter
272 1596 358 1629 alia:
403 1595 460 1631 ότι
494 1592 624 1637 ὄφελεν
658 1592 811 1650 οἷρεστὸς
845 1592 908 1628 καὶ

92 1640 188 1687 ἡδύς
211 1656 274 1686 μοι
299 1641 408 1684 δόξαι
433 1638 452 1676 ὁ
473 1639 665 1682 θάνατος,
691 1654 740 1680 ως
772 1637 818 1674 ἂν
839 1637 908 1674 αὐ-

92 1689 214 1734 τόχειρ
239 1688 401 1733 ἐμαυτὴν
423 1701 488 1723 του
511 1689 596 1734 βίον
622 1685 812 1731 ἐξήγαγον.
861 1686 909 1719 si-

94 1737 219 1771 militer
253 1736 368 1780 Etym.
393 1735 471 1770 W.:
509 1734 614 1775 „alte
644 1734 800 1778 Sprache
834 1732 907 1766 ffir:

95 1784 190 1816 hcine
227 1783 281 1815 ich
312 1782 401 1814 mich
444 1781 530 1814 doch
562 1781 599 1813 in
633 1781 700 1813 den
739 1779 811 1812 Tod
844 1790 910 1824 ge-

95 1829 259 1866 stiirzt!“

145 1874 223 1910 174,
277 1869 506 1929 γνωτούς.
575 1866 659 1906 αδελ
664 1869 773 1916 φούς.
828 1871 909 1904 Sch.

97 1922 188 1965 Ap..
223 1932 398 2009 γνωτον.χ
431 1916 612 1962 ἀδελφόν.
648 1917 721 1961 (ν’,
747 1918 836 1958 697,
868 1915 911 1960 ξ’,

97 1968 187 2003 485.
212 1966 253 2009 ρ’,
279 1968 345 2006 35,
403 1964 516 2006 ,234
562 1964 617 1997 hic
642 1970 760 2019 tament
778 1963 911 2008 γνωτοὶ

98 2012 314 2069 intelligendi
351 2015 430 2045 sunt
461 2012 623 2055 cognati,
660 2016 700 2044 ut
732 2009 776 2051 o'‚
808 2010 908 2046 349.:

101 2057 191 2095 οὐδὲ
227 2072 272 2094 νυ
307 2056 372 2093 τόν
404 2071 442 2103 γε
477 2058 622 2091 Γνωτοί
652 2068 689 2091 τε
714 2057 851 2101 γνωταί
874 2068 912 2091 τε

99 2118 216 2149 πυρος
239 2105 414 2148 λελάχωσι
438 2106 516 2138 θαι
509 2103 639 2147 οντα)
665 2121 703 2126 ——

148 2153 225 2187 175.
274 2140 434 2186 παῖδά
459 2163 514 2184 τε.
563 2163 623 2184 και
650 2148 718 2193 τὴν
753 2150 820 2193 &vj
824 2147 913 2182 σιτέ-

101 2212 159 2243 ρα.
198 2197 290 2254 λέγει
315 2197 355 2232 δὲ
380 2197 446 2241 τὴν
468 2194 676 2240 Ἑρμιόνην.
702 2195 838 2239 (Odys-5
868 2193 913 2235 6',

104 2248 180 2282 12:
200 2242 326 2293 Ελένῃ
354 2242 393 2279 δὲ
422 2243 507 2278 θεοι
524 2256 635 2286 γονον
663 2240 787 2278 οὐκέτ’
809 2241 915 2296 ἐφαι-

102 2305 188 2332 νον,
212 2290 360 2335 Επειδὴ
384 2288 424 2325 τὸ
446 2289 599 2345 πρῶτον
618 2287 779 2332 ἐγείνατο
805 2283 915 2322 παῖδ’

104 2336 294 2395 ἐρατεινήν
314 2335 538 2381 Ερμιόνην,
576 2331 599 2378 ἢ
626 2334 725 2375 εἶδος
751 2334 806 2379 ε’χε
829 2347 916 2379 χρυ-

106 2385 144 2420 σέ
147 2398 189 2430 ης
210 2383 442 2430 Ἀφροδίτης.
490 2382 548 2416 alii
572 2381 682 2416 aliter.
717 2393 750 2414 v.
777 2382 811 2414 H
837 2382 870 2416 1).
894 2380 916 2414 l.

106 2437 142 2467 et
147 2399 207 2465 ²7ad
235 2430 459 2475 A1›0llod.3
487 2429 696 2471 11‚1.)-
738 2430 828 2471 τηλ.
854 2438 917 2460 vo-

106 2479 180 2512 cab.
196 2478 350 2511 incertae
370 2473 575 2514 notationis,
601 2474 635 2506 in
649 2485 717 2518 quo
743 2473 918 2518 explican—

107 2523 151 2557 do
178 2535 221 2557 ne
252 2523 319 2568 ipsi
355 2521 492 2574 quidem
525 2519 590 2553 sibi
623 2525 782 2553 constant
805 2531 919 2574 gram-

108 2569 235 2604 matici.
281 2571 365 2614 Ap.-
399 2567 528 2611 τηλύγε
532 2578 593 2604 τος
646 2567 781 2609 κυρίως
805 2564 871 2610 μὲν
899 2570 917 2599 ὁ

107 2616 224 2660 τηλοῦ
256 2616 339 2670 τῆς
342 2613 486 2671 ἡλικίας
501 2624 682 2670 ’,εῃονως
692 2615 770 2653 τοῖς
793 2613 920 2668 γονεῦ-

112 2675 168 2703 σι,
200 2661 289 2706 μεθ’
327 2657 370 2696 ὃν
396 2673 466 2695 ουκ
494 2658 540 2694 ἅν
566 2672 619 2698 τις
642 2673 680 2702 γε
667 2657 807 2693 ε’·νοιτο
834 2654 921 2700 ἅμ-

112 2722 181 2752 (pro
207 2710 353 2764 τηλυγ
366 2707 459 2741 irco.
487 2705 544 2750 (ε’,
567 2706 662 2749 153.)
688 2703 764 2740 ἐπεὶ
790 2704 825 2739 οἱ
845 2717 919 2740 τοι·

112 2756 219 2791 οὗτοι
245 2752 428 2798 ἀγαπητοὶ
452 2754 630 2796 γίνονται.
664 2752 726 2787 και
754 2749 773 2786 ὁ
801 2750 840 2786 ἐν
864 2763 921 2786 νε-

112 2801 217 2860 ότητι
250 2799 446 2858 γενόμενος
479 2796 682 2855 μονογενὴς
714 2797 921 2842 τηλύγετος,

113 2850 175 2883 nni
202 2846 388 2892 τηλυγέτη.
437 2844 496 2879 ἐπι
521 2843 561 2879 δὲ
587 2845 668 2878 τοῦ.
701 2844 831 2900 (scrib.
857 2857 918 2889 τη-

114 2894 242 2941 λυγέτη
266 2893 324 2929 ἐπὶ
341 2890 543 2948 θηλυκοῦ.)
569 2888 671 2926 ἀλλ’
697 2889 783 2926 ουίι
811 2888 920 2925 Ἰδο-

115 2943 279 2999 μενῆα
292 2937 448 2985 φόβος
471 2936 618 2995 Ηλάβε,
651 2936 920 2995 τηλύγετον

118 2985 187 3029 ὥς.
219 2985 292 3032 (ν’,
314 2986 412 3029 470)
437 2982 506 3020 οὐκ
531 2982 666 3028 ε’φυγεν
695 2981 745 3025 ὥς
766 2982 920 3029 τηλύγε-

939 590 1003 617 τος
1026 579 1127 617 παῖς.
1157 576 1193 611 οἱ
1215 589 1285 622 γαρ
1310 575 1477 611 τοιοῦτοι
1501 573 1672 613 ἀσθενεῖς
1694 573 1748 629 γί-

940 636 1072 658 νονται
1105 621 1154 663 ὡς
1188 621 1249 657 ἐπὶ
1273 621 1315 657 td
1341 625 1523 677 πλεῖστον.
1579 620 1672 656 ἔνιοι
1697 617 1750 660 δὲ,

943 668 1035 705 αλλα
1067 669 1133 704 τὸν
1162 666 1361 725 Ἰδομενῆα
1385 666 1453 702 οὐκ
1485 668 1590 714 ἔλαβε
1620 665 1750 712 φόβος,

941 719 1073 761 καίπερ
1097 714 1295 769 τηλύγετον
1314 712 1432 749 αὐτὸν
1446 727 1549 756 οντα,
1563 713 1752 749 τουτέστιν

941 762 1014 809 ἤδη
1038 763 1151 819 τηλοῦ
1171 760 1314 806 ἡλικίας
1331 759 1520 820 γεγονότα.
1553 759 1753 805 συνεστρά-

942 823 1067 846 τευται
1091 808 1160 854 γὰρ
1185 807 1442 864 μεσαιπόλιος·
1478 807 1643 853 ἕνθα[
1631 809 1752 854 [καὶ]

945 853 1264 913 μεσαιπόλιός
1298 868 1383 897 περ
1419 853 1520 890 ἐων.
1563 855 1755 899 (ν’.,362)

947 900 1013 959 οὐχ
1038 902 1087 943 ὦς
1111 901 1308 958 τηλύγετον
1333 900 1403 937 οὖν
1420 898 1539 936 αὐτὸν
1559 901 1664 951 ε’λαβε
1685 916 1756 947 φυ-

946 947 1003 995 γή.
1052 947 1244 994 ἀμφότερα
1271 946 1310 982 δὲ
1335 947 1444 993 λόγον
1479 947 1613 992 ἔχουσι.
1661 949 1758 983 simi-

946 997 1028 1030 liter
1053 996 1136 1037 alii,
1162 995 1197 1029 in
1223 994 1347 1040 quibus
1372 994 1522 1039 scriptor
1554 996 1758 1030 scholiorum

948 1042 1122 1083 brevium,
1158 1052 1273 1075 omnes
1299 1042 1349 1074 illi
1373 1041 1571 1076 derivantes
1594 1054 1712 1076 vocem
1737 1052 1759 1075 a

947 1089 1064 1133 τηλου
1098 1100 1157 1121 seu
1190 1089 1295 1131 τῆλε,
1331 1090 1422 1132 quod
1453 1087 1530 1121 fieri
1563 1099 1629 1122 non
1655 1099 1759 1134 posse

947 1135 997 1170 ait
1020 1136 1150 1169 Buttm.
1174 1134 1282 1167 Lexil.
1309 1134 1363 1176 11,
1388 1136 1464 1176 97„
1489 1134 1571 1180 quia
1595 1146 1761 1180 nusquam

947 1186 1082 1235 tempus
1105 1181 1328 1234 significetur
1347 1181 1423 1214 istis
1449 1181 1636 1216 adverbiis.
1684 1181 1762 1225 ipse

947 1226 1056 1271 igitur
1095 1227 1222 1271 probat
1265 1225 1407 1260 Orionis
1440 1226 1763 1271 interpretationem

950 1285 1006 1317 ap.
1041 1274 1155 1306 Sturz.
1170 1297 1179 1314 ,
1222 1272 1416 1316 appendice
1448 1272 1563 1316 Etym.
1597 1272 1690 1306 Gud.
1725 1285 1761 1319 p.

951 1319 1050 1354 616..
1084 1316 1296 1375 τηλύγετος,
1332 1317 1351 1353 6
1385 1321 1592 1358 τελευταῖος
1615 1320 1669 1365 τῷ
1691 1331 1764 1354 πα-

951 1365 1009 1408 τρὶ
1041 1365 1257 1409 γενόμενος)
1293 1364 1352 1409 qui
1385 1364 1487 1399 liberi
1518 1377 1603 1410 prae
1636 1353 1764 1399 ceteris

952 1411 1051 1456 diligi
1075 1412 1188 1445 solent
1219 1423 1239 1444 a
1273 1411 1474 1464 parentibus
1507 1422 1618 1457 usque
1643 1412 1688 1445 ad
1712 1411 1764 1445 vi-

952 1457 1057 1499 tium,
1092 1459 1143 1491 ita
1179 1463 1218 1491 ut
1242 1457 1343 1490 etiam
1368 1457 1530 1499 delicati,
1568 1458 1683 1491 molles
1709 1462 1766 1492 at-

953 1516 1019 1548 que
1042 1504 1160 1547 ignavi
1184 1502 1247 1547 (v',
1272 1503 1372 1547 470.)
1398 1503 1564 1548 appellari
1593 1515 1694 1549 posse
1711 1505 1767 1538 vi-

953 1550 1099 1583 deantur
1123 1549 1326 1594 τηλύγετοι.
1382 1550 1460 1594 ipsa
1492 1561 1630 1594 quoque
1657 1551 1767 1584 verba

954 1595 1148 1640 τηλύγετος
1190 1601 1226 1630 et
1262 1599 1470 1636 τελευταῖος
1509 1602 1658 1640 cognata
1690 1608 1768 1631 esse

955 1642 1162 1687 suspicatur.
1212 1643 1310 1683 „Aus
1334 1642 1395 1676 der
1420 1642 1620 1676 einfachern
1643 1644 1769 1677 Wort-

955 1689 1059 1728 form,
1094 1688 1228 1722 welche
1262 1699 1329 1721 von
1359 1690 1435 1722 dem
1469 1689 1587 1722 Subst.
1617 1687 1766 1734 τελευτὴ

956 1739 1220 1779 vorausgesetzt
1254 1734 1364 1776 wird,
1397 1735 1559 1768 entstand
1591 1737 1672 1769 sehr
1705 1748 1769 1769 na-

955 1781 1082 1814 tsirlieh
1107 1781 1163 1814 die
1174 1780 1527 1825 Zusammensetzung
1550 1781 1769 1825 τελεύγετος,

957 1839 991 1860 u.
1015 1827 1151 1860 hieu-aus
1182 1826 1315 1859 wieder
1345 1827 1402 1860 die
1425 1828 1481 1860 fiir
1506 1828 1572 1861 den
1597 1828 1770 1862 Hexame-

957 1878 1011 1906 ter
1046 1874 1251 1916 bequemere
1281 1873 1382 1906 Form
1422 1873 1618 1918 τηλύγετος
1661 1875 1770 1908 durch

958 1918 1014 1952 die
1040 1920 1100 1952 des
1126 1918 1198 1963 Rh)
1198 1919 1320 1951 thmus
1344 1931 1467 1963 wegen
1486 1920 1574 1953 auch
1594 1926 1690 1954 sonst
1714 1932 1771 1955 er-

956 1965 1166 1998 scheinende
1183 1932 1413 2010 δ’ίπιεεείίιιης
1442 1967 1504 1999 der
1532 1967 1771 2009 Quantitaeiten,

958 2010 1025 2044 wie
1057 2010 1091 2044 in
1126 2009 1316 2053 ἀπερείσια
1352 2013 1407 2045 fur
1431 2010 1647 2057 ἀπειρέσιαι
1680 2014 1771 2047 denn

959 2069 1000 2091 ευ
1025 2058 1191 2090 verkiirzt
1216 2057 1291 2101 gibt
1316 2070 1359 2098 v,
1386 2058 1454 2091 und
1480 2070 1496 2094 ε
1520 2060 1722 2104 verlangert
1746 2072 1770 2104 η

959 2104 1045 2136 oder
1080 2106 1133 2136 ειι
1137 2106 1238 2137 ‘.etc
1283 2103 1333 2136 ita
1366 2104 1616 2146 Buttmannus,
1653 2117 1673 2138 a
1701 2117 1770 2150 quo

958 2148 1085 2182 invitus
1111 2148 1297 2190 dissentio,
1325 2149 1510 2195 potiusque
1535 2151 1684 2184 arbitror
1709 2151 1773 2184 du-

961 2201 1050 2228 ctum
1085 2206 1161 2228 esse
1185 2195 1248 2228 hoc
1272 2196 1395 2228 vocab.
1421 2208 1440 2229 a
1462 2198 1607 2241 θῆλυς,
1639 2200 1669 2232 θ
1693 2201 1729 2230 et
1752 2210 1773 2232 τ

961 2240 1087 2274 litteris
1112 2241 1202 2273 inter
1235 2252 1272 2274 se
1307 2243 1531 2285 permutatis,
1567 2243 1774 2288 praesertim

962 2293 1116 2332 tempore
1148 2286 1205 2319 illo
1239 2287 1498 2332 antiquissimo,
1533 2295 1572 2322 ut
1595 2289 1630 2322 in
1655 2289 1773 2323 verbis

962 2333 1104 2376 τέρπω,
1131 2332 1267 2375 τέρσω,
1291 2334 1476 2376 τελεθάω,
1501 2335 1653 2376 τινθός,
1687 2334 1773 2379 τύρ-

964 2381 1021 2426 βη.
1068 2380 1117 2413 ita
1141 2378 1334 2423 τηλύγετος
1358 2392 1459 2414 sensu
1479 2382 1642 2427 τροπικῷ
1662 2382 1773 2415 fuerit

965 2432 1070 2467 tener,
1096 2426 1285 2467 delicatus,
1321 2438 1409 2470 quae
1442 2428 1711 2472 significationes
1735 2439 1774 2461 0-

965 2472 1096 2506 mnibus
1118 2472 1257 2505 Homeri
1272 2473 1370 2513 locis,
1397 2475 1430 2506 in
1450 2475 1572 2518 quibus
1592 2478 1773 2529 praeterea

964 2519 1092 2562 legitur
1128 2516 1187 2560 (ε’,
1215 2519 1300 2559 153,
1325 2519 1360 2561 ι’,
1389 2521 1474 2559 143,
1500 2522 1589 2560 285,
1615 2519 1705 2560 478,
1729 2517 1772 2562 ν’,

965 2564 1046 2605 470,
1073 2564 1201 2617 Odyss.
1228 2564 1271 2605 6,
1293 2567 1344 2605 11,
1371 2564 1420 2606 π’,
1446 2568 1498 2601 19.
1501 2567 1530 2610 )‚
1557 2565 1772 2600 conveniunt.
1807 2559 1811 2618 l

966 2610 1162 2655 germanice
1186 2612 1285 2643 modo
1303 2611 1428 2644 reddas
1445 2617 1533 2651 mart,
1560 2612 1658 2645 modo
1669 2612 1774 2645 Ζᾶή-
1808 2627 1810 2653 1

967 2658 1061 2702 ling,
1090 2657 1297 2701 lVeichling.
1340 2669 1405 2690 non
1430 2658 1495 2691 huc
1519 2658 1670 2702 pertinet
1693 2668 1774 2691 usus
1807 2660 1810 2688 ἱ

967 2702 1211 2742 recentiorum,
1248 2703 1373 2746 quibus
1404 2703 1598 2748 τηλύγετος
1631 2709 1686 2737 est
1717 2715 1771 2737 re·
1807 2704 1809 2733 ι’

967 2755 1090 2783 motus.
1148 2760 1179 2782 v.
1213 2749 1340 2782 Buttm.
1374 2750 1394 2782 l.
1431 2762 1460 2783 c.
1497 2762 1531 2795 p.
1566 2752 1645 2785 200.
1681 2760 1773 2792 aum,
1806 2743 1811 2804 l

968 2797 1072 2829 Schn.
1100 2807 1133 2828 v.
1158 2794 1363 2838 τηλύγετος.
1388 2815 1431 2821 -
1468 2797 1572 2833 Sch.:
1597 2796 1678 2831 καὶ
1704 2793 1774 2839 ὀμ.
1808 2821 1811 2826 .

967 2841 1089 2886 ἐρατ.
1125 2843 1187 2876 καὶ
1218 2841 1286 2882 τοὶς
1319 2840 1542 2888 ἐπεράστους
1573 2855 1648 2887 μου
1683 2839 1775 2886 ὁμή-
1807 2869 1809 2881 ,

966 2893 1079 2929 λικας.

1015 2938 1092 2971 176
1143 2932 1194 2969 τὸ
1235 2953 1274 2958 -·
1304 2932 1494 2979 τέτηκα.
1550 2933 1678 2976 διόπερ
1713 2932 1811 2968 καὶ)

966 2984 1144 3017 κλαίουσα
1169 2979 1352 3026 ἐκτέτηκα.
1377 2982 1459 3016 Sch.
1491 2981 1636 3027 proprie
1659 2979 1678 3016 6
1703 2982 1777 3016 θυ-
1806 3009 1809 3035 l
