1811 3269
86 913 168 954 580

29 1452 146 1510 ἥρωες
180 1457 261 1495 τοῖς
291 1467 358 1511 μεν
400 1452 591 1499 οὐρανίοις
620 1458 727 1494 θεοῖς
762 1453 840 1490 α’νω

30 1501 97 1540 τάς
121 1504 285 1544 χεῖρας
311 1497 658 1558 ἀνίσχοντες-
678 1500 746 1546 (θ’,
760 1504 840 1541 347,

64 1548 215 1591 ,.·369)
249 1550 328 1589 τοῖς
354 1546 392 1583 δὲ
416 1552 659 1589 θαλασσιοις·
694 1548 841 1583 πολλοὶ

30 1592 79 1628 δὲ
103 1594 245 1637 μητρὶ
274 1596 390 1649 φίλῃ
426 1595 642 1641 ἠρήσατο
679 1598 842 1639 χεῖρας

29 1639 228 1684 ὀρεγνύς
264 1640 335 1684 (α’,
361 1643 450 1684 351,
485 1643 542 1675 ubi
567 1654 602 1676 v.
628 1644 754 1685 ann.)·
792 1643 843 1682 εἰς

27 1686 224 1722 θάλασσαν
251 1689 295 1732 δη
299 1666 435 1724 λόνότι.
475 1692 553 1728 τοῖς
577 1689 846 1731 καταχθονίοις

29 1732 70 1769 δὲ
107 1734 262 1776 (Terrae
295 1746 433 1780 quoque
466 1735 577 1778 hymn.
603 1735 702 1768 Hom.
737 1736 771 1768 in
797 1738 843 1768 Α-

30 1780 110 1836 poll
138 1781 218 1816 333.
249 1781 373 1824 ΕΚ.)
429 1780 628 1820 κόπτοντες
661 1779 729 1825 τὴν
761 1782 843 1825 γῆν,

30 1823 82 1867 ὥς
107 1823 246 1861 ἐνθάδε
271 1829 374 1872 φησί.
409 1827 472 1871 (cf.
489 1839 596 1872 supra
610 1827 732 1861 454—
745 1827 844 1870 457.)

31 1872 300 1926 -πρόχνυ.
324 1872 397 1917 (φ’,
423 1873 514 1915 460,
542 1873 611 1906 Od.
637 1873 680 1914 ξ,
705 1875 844 1916 69)—

31 1920 84 1960 εἰς
99 1917 250 1964 γόνατα.
276 1920 490 1955 δεύοντο.
509 1918 713 1964 ἐβρέχοντο.
728 1917 846 1962 (κόλ-

30 1979 127 2001 ποι.
164 1965 325 2007 κόλπους
359 1965 448 2006 ἁλὸς
479 1966 565 1999 dixit
602 1966 669 2000 Od.
706 1963 744 2007 ε’,
777 1967 846 2006 52„

32 2013 116 2046 alias
141 2012 293 2048 κόλπον.
320 2014 373 2046 Ex
395 2013 440 2068 115
460 2031 505 2038 -
529 2008 846 2056 ηἐροφοῖτις.

30 2058 206 2116 Hesy-:ch
233 2057 255 2104 ἡ
281 2058 320 2094 ἐν
345 2060 400 2117 τῷ
416 2057 495 2102 ἀέρι
516 2060 685 2102 φοιτῶσα
699 2065 766 2092 etc.

31 2102 55 2150 ἡ
82 2104 231 2150 ἀφανής
254 2119 286 2141 κ.
311 2119 362 2146 ως
384 2105 423 2141 ἐν
448 2104 570 2140 σκότει
593 2103 844 2163 ἐπιφοιτῶσα·

32 2154 219 2208 πολλαχοῦ
244 2151 312 2196 γὰρ
337 2151 430 2197 η’έρα
454 2151 522 2197 τήν
548 2151 729 2196 ἀορασίαν
753 2151 847 2196 λέγει

33 2195 55 2234 ὁ
78 2211 118 2234 π.
152 2219 198 2224 --
233 2200 280 2233 cf.
305 2200 339 2233 H
370 2205 405 2233 et
437 2199 589 2243 interpp.
616 2198 787 2256 Apollonii
813 2198 846 2231 h.

33 2257 67 2279 v.
91 2245 214 2280 iterum
235 2257 302 2279 vox
325 2246 455 2290 legitur
479 2244 520 2284 τ’,
539 2247 594 2280 87.
621 2265 665 2269 —
689 2244 847 2288 Εριν-

33 2304 84 2327 νυ
95 2306 112 2332 ς
121 2291 193 2326 ab’
177 2291 347 2337 ερινύειν,
357 2303 423 2326 non
434 2291 506 2325 ab⁷¹
488 2305 541 2336 ερι
551 2290 680 2327 ἀνύειν
689 2292 742 2325 vel
753 2290 848 2334 ἀράς

34 2336 163 2373 ἀνύειν
182 2340 248 2380 κεί,
265 2338 373 2372 sidiis
387 2338 512 2383 placet,
531 2337 634 2382 παρὰ
646 2336 688 2373 τὸ
707 2336 746 2372 ἐν
770 2337 847 2383 ἔρα

33 2382 57 2422 ὅ
77 2383 152 2420 ἐστι
175 2385 221 2431 τῇ
241 2387 298 2431 γῇ,
322 2386 454 2426 ναίειν,
480 2397 569 2429 quae
593 2385 750 2430 prolatae
769 2388 849 2418 sunt

34 2432 229 2466 notationes
253 2432 288 2466 in
313 2432 453 2466 scholiis
478 2431 642 2465 brevibus
675 2437 712 2464 et
736 2442 792 2475 ap.
819 2430 848 2463 E

34 2479 194 2523 superius
226 2478 269 2512 ad
306 2478 386 2514 454.
419 2488 454 2511 v.
489 2478 593 2511 Schn.
619 2489 652 2511 v.
677 2476 850 2521 ἐρινύειν.

34 2530 187 2559 ceterum
221 2524 454 2558 evocationem
485 2524 668 2558 Furiarum
705 2529 740 2557 et
766 2524 848 2557 deo-

35 2581 109 2604 rum
133 2571 322 2605 inferorum
348 2571 448 2604 Hom.
475 2570 622 2615 praeivit
646 2570 848 2604 recentiori-

35 2617 120 2656 bus,
153 2629 295 2662 quorum
330 2616 384 2650 Cl.
420 2622 456 2650 et
483 2617 604 2650 Eichh.
633 2616 850 2650 nominarunt

36 2662 135 2706 Virg.
160 2666 243 2697 Aen.
267 2665 310 2703 7,
334 2663 404 2699 324
427 2675 477 2696 se<
478 2675 547 2708 q
573 2662 676 2696 Ovid.
703 2664 788 2696 Met.
813 2664 849 2704 4,

35 2707 124 2749 420,
153 2710 256 2745 Tass.
283 2710 404 2743 Gerus.
423 2710 482 2742 lib.
503 2711 543 2750 8,
569 2713 612 2742 st.
633 2711 685 2750 1.,
714 2709 845 2742 Voltar.

40 2754 204 2796 Henr.4‚
231 2756 330 2800 158.)
378 2751 654 2811 ἀμείλιχον
682 2755 779 2799 (158,
794 2753 847 2796 ω’,

37 2799 116 2835 734.
145 2799 187 2842 λ,
213 2803 291 2838 137.
317 2806 352 2835 et
378 2801 431 2845 φ’,
453 2804 532 2838 98..
566 2799 777 2845 ἀμείλικτον
809 2801 845 2837 δ’

38 2843 105 2881 ὄπ’
134 2845 300 2892 ἄκουσε.)
325 2846 485 2894 ἀπηνες,
509 2847 677 2893 σκληρόν.

85 2927 152 2962 573
168 2944 209 2950 —
222 2925 301 2962 584.
351 2940 371 2961 τ
382 2929 413 2962 οἳ
420 2941 442 2963 ν
466 2926 517 2963 δ’
501 2940 528 2962 ε.
579 2927 742 2961 Curetum
756 2953 766 2970 ,
791 2927 851 2972 qui

39 2971 250 3018 Calydonem
289 2974 405 3009 urbem
447 2975 704 3020 oppugnabant.
763 2987 784 3009 τ
799 2973 818 3010 6
831 2988 853 3009 ν

603 173 1034 215 ΙΛΙΑΔΟΣ
1088 176 1120 215 Ι.

1645 179 1701 218 35

199 281 487 356 κικλήσκουσ’
518 282 663 339 Ἀίδην
692 283 766 327 καὶ
788 282 981 353 ἐπαινὴν
1013 281 1354 352 Περσεφόνειαν,

87 346 170 387 570
198 342 370 398 πρόχνυ
396 340 691 411 καθεζομένη
722 339 904 384 δεύοντο
935 340 982 383 δὲ
1007 339 1196 394 δάκρυσι
1225 338 1401 390 κόλποι,

198 400 323 442 παιδὶ
355 398 489 452 δόμεν
518 397 741 441 θάνατον·
773 414 847 451 της
878 393 919 440 δ’
951 394 1205 468 ἠεροφοῖτις
1230 394 1431 452 Ἐριννύς

199 456 351 499 ἔκλυεν
381 455 423 507 ἐξ
437 454 756 526 Ἐρέβευσφιν,
788 453 1011 510 ἀμείλιχον
1040 458 1146 509 ητορ
1178 453 1354 524 ε’χουσα;

199 516 287 555 τῶν
317 513 364 555 δὲ
393 510 490 567 τάχ’
524 511 638 567 ἀμφὶ
669 511 806 562 πύλας
832 511 999 565 ὅμαδος
1027 511 1100 553 καὶ
1134 512 1302 561 δοῦπος
1332 509 1503 569 ὀρώρει,

199 567 381 624 πύργων
412 570 719 639 βαλλομένων·
751 568 828 613 τὸν
860 567 906 611 δὲ
934 569 1137 610 λίσσοντο
1167 566 1367 622 γέροντες

86 627 168 669 575
198 627 431 678 Αίτωλων,
462 625 635 680 πέιιπον
665 625 711 669 δὲ
741 629 861 668 θεῶν
891 626 1039 694 ἱερῆας
1069 622 1292 678 ἀρίστους,

199 683 388 734 ἐξελθεῖν
417 683 490 725 καὶ
520 682 707 738 ἀμῦναι,
737 680 1032 737 ὑποσχόμενοι
1061 681 1172 736 μέγα
1202 683 1368 736 δῶρον·

199 739 367 783 ὁππόθι
395 740 605 783 πιότατον
634 741 732 782 πεδί
736 756 787 782 ον
818 741 1088 788 Καλυδῶνος
1120 738 1318 808 ἐραννῆς,

199 797 311 840 ἔνθα
340 813 417 852 μιν
443 795 619 867 η’νωγον
648 796 823 851 τέμενος
853 795 1107 850 περικαλλες
1137 794 1327 846 ελέσθαι,

198 852 682 908 πεντηκοντόγυον,τὸ
714 853 793 908 μὲν
822 852 960 907 ἥμισυ
992 852 1260 903 οἰνοπέδοιο,

199 909 331 965 ἥμισυ
365 911 410 953 δὲ
438 911 574 966 ψιλὴν
604 909 761 965 ἄροσιν
790 912 961 953 πεδίοιο
991 910 1220 963 ταμέσθαι.

198 966 338 1010 πολλα
368 968 414 1010 δέ
444 984 520 1021 μιν
550 967 746 1010 λιτάνευε
775 967 918 1022 γέρων
948 964 1168 1021 ἱππηλάτα
1201 964 1368 1016 Οἰνεύς,

201 1024 342 1066 οὐδοῦ
373 1024 647 1080 ἐπεμβεβαώς
676 1024 928 1080 ὑψηρεφέος
956 1023 1193 1078 θαλάμοιο,

197 1082 327 1122 σείων
356 1081 568 1136 κολλητας
599 1083 800 1134 σανίδας,
832 1079 1133 1149 γουνούμενος
1162 1077 1282 1122 υἱόν·

199 1137 340 1180 πολλὰ
372 1138 418 1180 δὲ
441 1137 570 1208 τόνγε
602 1140 860 1207 κασίγνηται
889 1138 963 1181 καὶ
993 1136 1153 1180 πότνια
1184 1134 1323 1206 μήτηρ

85 1195 167 1238 585
199 1193 464 1247 ἐλλίσσονθ’,
499 1194 521 1237 ὁ
554 1195 600 1238 δὲ
631 1199 801 1249 μᾶλλον
828 1193 1056 1245 ἀναίνετο,
1089 1193 1230 1236 πολλὰ
1262 1190 1304 1235 δ’
1337 1190 1517 1245 ἑταῖροι,

199 1252 246 1293 οί
272 1253 315 1294 οἱ
343 1229 599 1294 κεδνότατοι
629 1253 701 1295 καὶ
734 1254 936 1307 φίλτατοι
966 1248 1080 1320 ἦσαν
1112 1249 1347 1293 ἁπάντων·

202 1306 303 1351 ἀλλ’
335 1306 434 1352 οὐδ’
467 1308 525 1360 ὡς
555 1313 634 1352 τοῦ
664 1309 816 1365 θυμόν
846 1309 910 1352 ἐνὶ
940 1306 1175 1365 στήθεσσιν
1207 1306 1397 1356 ἐ’,πειθον

888 1454 949 1492 δέ.
983 1457 1211 1500 Meleagrum.
1236 1474 1279 1478 —
1306 1450 1554 1497 ἀρίστους.
1575 1454 1704 1498 princi-

886 1515 968 1547 pe8‚
995 1503 1136 1536 deorum
1162 1500 1393 1555 maximorum.
1417 1519 1459 1525 —-
1480 1513 1604 1536 πεντ.
1608 1502 1705 1558 Ap.

888 1550 1119 1593 πεντήκοντα
1145 1547 1238 1592 γύας
1264 1546 1356 1592 ἑᾞχον
1406 1546 1499 1591 γύης
1515 1545 1555 1582 δὲ
1570 1547 1704 1591 μέτρον

889 1597 968 1640 γῆς.
1008 1597 1123 1630 Schol.
1149 1596 1195 1628 A:
1221 1607 1349 1628 πεντ.
1375 1592 1705 1638 πεντήκονταπλέ-

889 1646 1008 1685 θρων.
1057 1642 1128 1686 γύη
1152 1642 1221 1685 γάρ
1247 1640 1381 1684 μέτρον
1404 1641 1471 1685 γῆς
1495 1646 1562 1675 etc.
1611 1641 1705 1675 simi-

890 1690 970 1722 liter
996 1690 1101 1729 sch„
1128 1688 1303 1730 Hesych„
1327 1687 1442 1744 Etym.
1467 1707 1512 1712 —
1539 1686 1706 1732 ἄροσιν

890 1736 922 1768 Κ
949 1740 984 1768 et
1009 1735 1042 1767 H
1067 1740 1163 1768 recte
1187 1733 1386 1789 intelligunt
1410 1731 1601 1790 ἀρώσιμον
1624 1736 1706 1780 γῆν.

890 1782 994 1817 Sch..
1030 1778 1151 1824 ψιλὴ
1170 1792 1190 1814 ν
1215 1777 1286 1836 ἄρἶ
1324 1779 1391 1824 τήν
1426 1777 1610 1825 ἄδενδρον
1633 1781 1707 1826 χιό-

890 1841 982 1871 ραν,
1016 1827 1085 1872 τήν
1118 1826 1213 1868 πρὸς
1245 1826 1288 1861 τὸ
1323 1827 1543 1882 σπείρεσθαι
1578 1826 1706 1874 ἐπιτη-

893 1876 1009 1909 δείαν.
1057 1872 1311 1916 ταμέσθαι.
1339 1870 1633 1920 ἀποτεμεῖσθαι,
1655 1876 1709 1917 εἰς

892 1919 1003 1964 τιμὴν
1047 1921 1185 1965 λαβεῖν.
1259 1919 1420 1965 ἐπεμβ.
1467 1921 1707 1968 επιβεβηκώς.

894 1968 1044 2002 σείων.
1079 1966 1274 2007 τινάσσων,
1297 1979 1422 2002 κινων.
1464 1971 1586 2004 κολλ.
1615 1981 1708 2004 σαν.

892 2014 1201 2067 περιφραστικῶς
1229 2012 1298 2053 τοὶς
1336 2012 1482 2057 θύρας,
1525 2013 1600 2051 ἀπὸ
1637 2017 1707 2052 τοῦ

793 2058 845 2091 E:
892 2061 1013 2101 καλῶς
1039 2057 1310 2104 συνηρμόσθαι.
1361 2061 1494 2106 (θύρα
1517 2068 1572 2097 est
1604 2074 1708 2108 aper-

893 2112 971 2140 tura
995 2106 1095 2147 muri,
1122 2107 1269 2145 σανίδες
1290 2112 1368 2140 sunt
1387 2109 1492 2142 fores.
1541 2110 1709 2153 σανίδας,

892 2153 1040 2197 θύραν,
1076 2152 1211 2187 notavit
1243 2153 1366 2187 Pollux
1393 2156 1434 2195 1,
1459 2156 1516 2191 76.
1561 2155 1606 2189 cf.
1642 2158 1706 2201 Ap.

894 2205 960 2234 etc.
987 2201 1039 2233 Ex
1062 2200 1127 2242 H)
1174 2211 1304 2242 γουν.
1340 2198 1527 2236 ἱκετεύων.
1560 2202 1710 2247 (apro-

894 2246 1083 2280 cumbendo
1109 2246 1144 2279 in
1168 2257 1295 2289 genua,
1321 2257 1415 2281 more
1437 2248 1645 2306 supplicum.
1663 2268 1710 2274 —

892 2292 1043 2327 πολλοὶ
1070 2291 1120 2327 δε
1147 2290 1286 2336 τόνγε
1308 2297 1374 2327 etc.
1414 2294 1466 2327 Ε.
1489 2315 1535 2319 -
1560 2292 1599 2329 ἐν
1621 2293 1709 2330 τού-

894 2353 972 2380 τοις
997 2337 1037 2374 δε
1062 2337 1133 2382 ὅρα
1157 2338 1220 2373 καὶ
1244 2337 1288 2374 τό
1325 2339 1478 2375 πολλοὶ
1502 2341 1711 2377 πλεονάσαν

895 2383 991 2420 κατά
1027 2388 1148 2431 σχῆμα
1191 2384 1392 2431 ἐπιμονῆς,
1438 2385 1520 2422 οἷον
1555 2389 1710 2425 πολλοὶ

895 2430 1130 2476 ἀχέουσα,
1178 2432 1331 2467 πολλοὶ
1366 2436 1512 2477 γαῖαν
1553 2433 1710 2478 ἀλοία,

894 2478 1047 2514 πολλοὶ
1072 2482 1156 2514 λιτ.
1182 2477 1351 2524 γε’ρων,
1376 2480 1528 2517 πολλοὶ
1553 2480 1602 2517 δὲ
1631 2495 1709 2518 κα-

894 2528 1137 2571 σι’,γνητοι
1162 2525 1382 2562 πολλοὶδ’
1407 2528 1608 2573 ἑταῖροι.

943 2606 1176 2641 586-595.
1245 2605 1551 2643 κεδνότατοι.
1606 2608 1709 2642 Sch.:

893 2650 1252 2707 κηδεμωνικωτατοι.
1296 2656 1381 2699 Apa
1409 2653 1533 2700 κεδνή.
1560 2654 1646 2698 (Od.
1660 2652 1708 2698 α’,

895 2700 964 2735 335
991 2704 1056 2733 etc.
1066 2700 1080 2743 )
1133 2696 1313 2756 σώφρων,
1348 2699 1596 2745 φροντιστική.
1633 2701 1709 2734 scil.

896 2747 939 2779 ab
965 2747 1107 2790 antiquo
1131 2759 1169 2781 κε
1165 2745 1248 2789 Bm,
1272 2759 1371 2788 curo,
1395 2748 1533 2782 ducitur
1550 2746 1709 2788 κεδινὸς,

894 2792 1045 2835 κεδνὸς,
1072 2803 1139 2836 qua
1163 2805 1248 2826 voce
1279 2773 1498 2837 significatur
1527 2794 1576 2834 is,
1609 2805 1709 2838 quem

896 2849 1019 2881 σοι-οε,
1053 2839 1214 2882 cujusque
1238 2839 1405 2874 rationem
1429 2841 1577 2880 habeas,
1609 2840 1644 2873 h.
1676 2851 1708 2874 e.

895 2884 951 2918 vir
976 2885 1126 2930 probus,
1153 2885 1266 2927 sortis,
1297 2886 1466 2931 prudens3
1489 2887 1640 2930 itemque
1652 2897 1710 2919 res

899 2931 1061 2964 dicuntur
1083 2931 1231 2973 κεδναὶ,
1256 2943 1346 2977 quae
1369 2938 1449 2966 sunt
1473 2933 1604 2974 bonae,
1638 2932 1711 2966 uti-

900 2977 970 3019 les,
1013 2977 1160 3013 faustae.
1227 2978 1335 3023 igitur
1370 2980 1404 3012 h.
1440 2979 1462 3012 Ι.
1508 2977 1711 3023 ἑταῖροι

1366 3025 1432 3068 3.
