1811 3269
70 155 154 196 234

756 157 1156 201 ΟΜΗΡΟΥ

325 261 402 322 „²52
430 268 585 338 γέρον,
616 265 720 338 εὖθ’,
750 284 812 319 ως
839 268 985 323 θυμὸς
1021 268 1084 312 ἐνὶ
1114 267 1322 339 στήθεσσι
1348 268 1558 323 φίλοισιν,

243 324 303 376 ω’ς
332 342 401 368 τοι
429 342 512 380 γον
504 324 625 368 ”ναθ
656 323 823 373 ἕποιτο,
854 327 926 380 βίη
959 325 1005 369 δέ
1034 341 1103 368 τοι
1131 325 1316 396 ἔμπεδος
1346 327 1437 381 ει’.η’

128 384 211 426 315
241 379 352 424 ἄλλα
385 393 431 425 σε
459 386 600 436 γῆρας
629 382 759 436 τείρει
789 380 977 450 ὁμοίϊον.

1038 381 1098 432 ὠς
1123 381 1285 452 ὄφελέν
1314 399 1378 433 τις

244 438 426 490 ἀνδρῶν
457 437 589 489 α’λλος
618 438 750 510 ἔχειν,
781 437 836 482 σύ
867 439 915 482 66
944 437 1253 492 κουροτέροισι
1281 443 1507 493 μετεῖναιί·
1497 444 1522 464 “

326 494 417 537 Τόν
449 491 495 537 δ’
524 493 716 565 ἠμείβετ’
749 495 891 539 ε’πειτα
924 495 1136 550 Γερήνιος
1166 496 1328 538 ἱππότα
1357 497 1560 566 Νέστωρ·

243 552 484 623 ,,Ἀτρει’δη,
516 551 632 622 μάλα
662 552 742 608 μέν
769 569 844 596 κεν
875 551 988 606 έγων
1019 551 1212 606 ἐθέλοιμι
1241 552 1315 595 καὶ
1343 551 1477 604 αὐτὸς

245 607 305 658 ὡς
329 609 461 679 ἔμεν,
494 608 554 660 ὤς
584 608 654 653 ὅτε
684 612 784 653 δῖον
810 608 1136 662 Ἐρευθαλίωνα
1165 609 1390 651 κατέκταν.

131 671 211 709 320

243 663 340 707 ἀλλ’
375 664 526 716 οὔπως
561 665 650 722 ἅμα
679 666 822 710 πάντα
851 665 950 708 θεοὶ
981 663 1120 709 δόσαν
1149 662 1475 717 ἀνθρώποισιν·

245 723 281 765 εἰ
309 721 406 765 τότε
436 725 599 792 κοῦρος
629 724 703 774 ε’,α
733 727 819 766 νῦν
850 720 954 765 αυτέ
984 738 1034 776 με
1062 725 1201 792 γῇρας
1231 720 1381 765 ἱκάνει.

246 778 355 822 ἀλλὰ
384 780 457 823 καὶ
488 778 548 831 ὡς
577 782 752 823 ιππεῦσι
783 781 1046 850 μετέσσομαι
1075 777 1152 834 ἠδὲ
1182 777 1374 846 κελεύσω

245 838 388 891 βουλη
416 836 488 880 καὶ
518 836 727 887 μύθοισι·
758 836 807 880 τὸ
837 836 921 905 γάρ
952 836 1081 891 γέρας
1111 835 1197 878 ἐστὶ
1230 834 1472 890 γερόντων·

245 893 400 948 αἰχμὰς
431 892 474 936 δ’
507 893 796 947 αἰχμάσσουσι
824 892 1058 946 νεώτεροι,
1089 894 1212 946 οἵπερ
1242 892 1357 947 ἐμεῖο

132 956 214 995 325

249 949 481 1003 ὁπλότεροι
508 949 711 1004 γεγάασι,
742 951 1010 994 πεποίθασιν
1038 964 1084 992 τε
1113 951 1282 1005 βίῃφιν.
1287 954 1315 974 “

310 1005 394 1057 Ὡς
412 1005 554 1077 ρεφατ’
559 1040 569 1056 ,
599 1005 816 1062 Ἀτρείδης
843 1007 889 1049 66
919 1005 1144 1076 παρῴχετο
1181 1004 1435 1061 γηθόσυνος
1465 1007 1570 1060 κῆρ·

239 1057 343 1117 ἐὗρ’
375 1062 478 1107 υἱὸν
509 1066 712 1114 Πετεῶο
743 1067 984 1119 Μενεσθῆα
1013 1061 1273 1118 πλήξιππον,

118 1165 202 1201 314.
263 1177 411 1210 genuum
454 1165 690 1200 imbecillitate
733 1165 889 1210 inprimis

73 1212 231 1246 cernitur
262 1218 446 1253 senectuS‚
482 1211 664 1246 alacritate
697 1217 809 1246 autem
831 1213 889 1256 ju-

74 1258 209 1292 venilis
223 1263 343 1299 aetas,
372 1269 474 1303 quam
503 1258 669 1291 Horatius
689 1258 889 1302 significans

77 1304 189 1350 Epod-
215 1305 280 1344 13,
305 1303 359 1338 4..
394 1305 475 1338 dum
498 1304 631 1346 virent,
664 1304 799 1357 inquit,
824 1315 889 1348 ge—

74 1363 158 1384 nua.
206 1350 286 1383 hinc
316 1347 484 1394 γούνατά
507 1363 608 1390 τινος
629 1348 730 1386 λυειν
763 1349 890 1383 dicitur

74 1397 128 1439 is,
161 1397 222 1444 qui
246 1408 322 1430 eum
347 1397 495 1437 occidit,
520 1394 564 1437 ν’,
587 1398 669 1431 360.
714 1397 762 1430 ib.
789 1398 890 1432 709.3

76 1442 163 1478 ἀλλ’
193 1456 280 1487 ητοι
309 1442 576 1502 Τελαμωνιάδῃ
609 1443 739 1479 πολλοί
767 1454 806 1477 τε
828 1442 892 1478 καὶ

76 1489 204 1525 ἐσθλοὶ
234 1490 330 1524 Λαοὶ
355 1488 494 1525 ἕπονθ’
521 1489 668 1533 ε’ταροι,
699 1490 742 1525 οι’
761 1489 797 1524 οἱ
823 1487 891 1524 σοὶ-

77 1550 146 1577 κος
175 1535 408 1579 ἐξεδεχοντο,
437 1532 600 1574 Οππότε
631 1549 698 1579 μιν
727 1532 893 1593 κάματός

77 1596 125 1619 τε
149 1584 212 1618 καὶ
243 1582 356 1623 ιδρώς
389 1581 560 1639 γούναθ’
587 1583 718 1617 ἵκοιτο.
767 1583 812 1616 cf.
846 1579 891 1626 ρ’,

78 1629 160 1666 45-’.1
203 1629 249 1663 ib.
275 1631 381 1665 569.=
417 1628 457 1664 ἐν
490 1627 530 1664 66
555 1629 642 1674 βίην
674 1626 807 1671 ὤμοισι
830 1628 893 1663 καὶ

79 1675 119 1712 ἐν
138 1674 318 1718 γούνασσι
308 1689 342 1710 ν
367 1674 490 1720 ἔθηκε.
514 1676 548 1707 Ε
567 1675 606 1708 K
617 1680 651 1710 et
673 1676 730 1709 W.

119 1724 208 1758 3.15
253 1723 421 1765 τείρει.
472 1723 644 1766 δαπανᾷ,
678 1723 892 1756 καταπονεῖ.

80 1753 162 1804 Sch.
188 1765 256 1812 ὁμ.
271 1755 624 1812 aequa1e‚commum{‚
639 1768 728 1812 quod
741 1768 893 1801 omnibus

80 1815 219 1857 evenit,
244 1819 283 1848 ut
307 1826 407 1847 mors,
443 1825 475 1848 v,
501 1814 662 1847 Nitzsch.
687 1817 721 1847 et
741 1814 891 1868 interpp

79 1862 125 1896 ad
149 1861 287 1916 Odyss.
301 1858 344 1905 γ’,
372 1862 452 1895 236.
486 1860 553 1894 allo
575 1860 726 1915 pertinet
750 1856 894 1904 ὁμοίιος

79 1905 241 1951 πόλεμος
265 1903 300 1948 ι’,
326 1886 405 1940 440
433 1911 468 1939 et
491 1909 612 1946 νεῖκος
639 1903 784 1949 ὁμοίιον
802 1906 893 1939 infra

79 1954 161 1989 444.
186 1953 312 1987 dictum
340 1949 484 1996 ὁμοίιος
509 1963 571 1997 pro
602 1949 754 1996 ὁμοῖος,
780 1957 818 1985 ut
837 1963 890 1996 γε·

81 2004 136 2037 λοε
141 2005 197 2039 ἰος
224 2012 258 2045 p·
286 2001 428 2043 γελοῖος
451 1996 497 2045 β’,
521 2000 600 2033 215.

126 2047 207 2081 316.
256 2059 384 2088 κουρ.
426 2043 631 2087 νεωτέροις.
678 2044 895 2087 (juvenibus,

75 2092 284 2138 junioribus,
309 2092 400 2126 bello
426 2091 530 2136 aptis.
558 2092 616 2125 W.
653 2091 729 2124 Liv.
757 2093 796 2131 1,
820 2090 895 2125 43·

82 2142 136 2174 Ex
156 2140 210 2179 iis,
231 2139 290 2182 qui
307 2143 442 2171 centum
460 2138 605 2171 millium
625 2137 718 2170 aeris
740 2142 803 2170 aut
820 2147 897 2169 ma-

73 2188 189 2230 jurem
209 2196 344 2217 censum
365 2185 551 2225 haberent,
578 2184 622 2217 80
650 2185 795 2226 confecit
820 2194 898 2216 cen-

83 2233 218 2271 turias,
245 2231 493 2274 quadragenas
519 2230 687 2263 seniorum
719 2241 760 2262 ac
778 2230 898 2271 junio-

83 2291 173 2314 rum.
224 2277 342 2312 Prima
357 2277 476 2309 classis
495 2287 610 2309 ornnes
630 2277 800 2319 appellati
808 2287 821 2315 ,-
845 2286 898 2308 se-

84 2326 218 2366 niores,
243 2324 292 2356 ad
311 2324 403 2356 urbis
421 2323 613 2355 custodiam
632 2328 669 2356 ut
687 2327 826 2365 praesto
845 2332 898 2353 es-

85 2376 183 2409 se⁷1t‚·
206 2371 374 2412 juvenes,
406 2374 445 2402 ut
467 2370 558 2410 soris
589 2368 678 2401 bella
703 2367 897 2413 gererent.)

86 2429 183 2461 μετ.
218 2413 601 2472 συναναστρέφεσθαι.

133 2465 214 2498 319.
263 2458 322 2502 ω“ς
348 2461 468 2505 ε’μεν.
502 2458 621 2499 ου’τως
645 2458 754 2502 εἶναι,
779 2457 901 2499 ου’τος

90 2507 278 2553 ἀκμάζειν.
326 2521 420 2542 κατ.
456 2504 670 2547 απέκτεινα,
704 2505 900 2551 εφόνευσα.

90 2559 143 2599 (ν.
170 2556 217 2588 de.
248 2556 311 2588 hac
342 2556 452 2588 forma
478 2554 513 2587 H
538 2558 574 2587 et
608 2554 735 2587 Matth.
762 2555 794 2608 §>¹
818 2551 900 2593 240,

92 2606 128 2635 et
151 2601 197 2635 cf.
221 2600 366 2634 insenius
388 2600 486 2655 525.)
520 2597 657 2634 Πύλιοι
688 2599 750 2634 καὶ
782 2598 903 2641 Αρκά-

93 2651 154 2687 δες
177 2647 259 2688 περὶ
294 2647 360 2690 γῆς
385 2644 483 2689 όρων
519 2645 722 2689 ἐπολέμουν
749 2646 832 2685 περὶ
858 2643 900 2679 τὸ

92 2692 322 2737 καλούμενον
347 2692 433 2736 ὅρος
455 2690 627 2736 Αγκαῖον.
653 2693 708 2736 (3)
747 2691 902 2747 Νέστωρ

95 2742 147 2781 66,
171 2739 435 2795 μοιομαχήσας
457 2738 495 2773 ἐκ
520 2738 765 2795 προκλήσεως,
782 2735 904 2782 Ἐρευ-

93 2789 266 2823 θαλίωια
289 2783 356 2821 τὸν
370 2782 690 2828 [ππομέδοντος
675 2783 711 2828 ἠ,
730 2781 779 2824 ὥς
799 2784 904 2825 ε’νιοι,

94 2833 347 2889 Ἀφείδαντος,
373 2830 512 2874 ἀνεῖλε,
538 2832 600 2867 καὶ
620 2831 694 2866 ὑπό
724 2844 840 2876 χαρας
860 2829 902 2865 τὸ

93 2877 309 2938 περιορισθὶ
298 2891 333 2912 εν
354 2880 488 2923 χωρίον
509 2892 599 2922 παρ
589 2879 753 2935 τξῆλθεν.
803 2878 839 2912 οἱ
864 2876 904 2912 66

93 2924 279 2970 Ἀρκάδες,
304 2924 357 2960 ἔτι
381 2925 613 2969 σκαρίζοντος
635 2926 705 2960 τοῦ
725 2922 906 2968 Ἐρευθα-

98 2975 242 3016 λίωνος,
261 2970 535 3031 ἐφορμήσαντες
555 2985 634 3012 τοις
645 2973 803 3010 Πνλιοις
821 2982 907 3006 συν-

100 3020 254 3066 έβαλον,
286 3032 347 3054 και
373 3015 493 3059 οὕτως
517 3016 698 3062 ενίκησαν.
747 3016 908 3062 θάψαν-

934 1178 994 1206 τες
1028 1163 1068 1201 δὲ
1101 1178 1190 1206 τους
1223 1164 1375 1208 νεκρούς
1396 1163 1457 1200 καὶ
1482 1160 1547 1198 τόν
1566 1161 1745 1204 Ἐρευθα-

934 1215 1071 1253 λίωνα,
1104 1210 1341 1257 ἐπέγραψαν·
1370 1206 1560 1245 Ἐνθάδ
1583 1208 1745 1251 Ἐρευ-

935 1259 1167 1294 &ammira
1191 1261 1370 1302 φίλους
1394 1255 1430 1291 τ’
1457 1256 1534 1291 ἐπὶ
1563 1254 1745 1312 τύμβον

937 1304 1127 1362 ε’θηκαν
1151 1303 1394 1360 Ἀρκαδίης
1418 1304 1654 1347 βασιλεῖς,
1673 1300 1745 1346 γε’-

936 1364 1018 1392 νος
1042 1350 1220 1394 ἔξοχον
1251 1348 1651 1394 Ιππομέδοντος,
1691 1347 1752 1382 Οι

936 1410 1050 1434 ποτε
1074 1398 1308 1440 Νέστορα
1332 1396 1414 1432 καὶ
1438 1395 1584 1436 λαους
1608 1393 1746 1430 πολέ-

937 1442 1173 1525 ἕΧφΑῗίἔειιέὴίίί
1187 1455 1384 1525 {azaz-is-
1389 1443 1549 1532 (Quaeri
1571 1447 1749 1522 ἒῖῖἶπῗέ

937 1537 1051 1628 ippsum
1083 1537 1185 1570 Hom.
1212 1534 1260 1581 η’,
1295 1536 1507 1572 132-156-
1517 1559 1529 1576 ,
1564 1534 1688 1568 ‘Strab.
1714 1535 1750 1568 8.

964 1583 1099 1624 5.,35
1124 1582 1155 1615 Ε
1180 1586 1248 1618 etc.

938 1595 1066 1664 p.32l
1115 1628 1158 1663 εἰ
1181 1628 1307 1662 dictum
1331 1632 1385 1661 est
1405 1638 1473 1684 quo
1495 1637 1597 1661 sensu
1620 1624 1668 1670 α’,
1692 1627 1749 1662 39.

939 1679 976 1708 et
998 1676 1078 1710 290.
1110 1675 1159 1707 W
1178 1680 1211 1708 et
1242 1674 1281 1706 U.
1331 1672 1404 1714 ἔα,
1428 1669 1486 1716 ἦν.
1523 1674 1568 1707 cf.
1593 1671 1632 1714 ε’,
1657 1674 1750 1716 887.,

939 1721 994 1762 Η,
1021 1721 1147 1754 Matth.
1173 1723 1206 1763 §-
1231 1722 1311 1755 211.
1337 1731 1416 1753 ann.
1439 1718 1473 1754 4.
1499 1724 1566 1753 etc.
1598 1738 1644 1743 —
1691 1719 1750 1755 iu.

939 1766 1218 1821 frequentissima
1243 1778 1310 1799 vox
1330 1777 1384 1810 ap.
1404 1765 1526 1799 Hom.:
1550 1778 1582 1799 v.
1604 1763 1652 1807 α’,
1669 1764 1752 1808 254,

940 1811 986 1859 β,
1013 1815 1100 1856 171,
1136 1809 1179 1856 γ,
1210 1813 1255 1847 97
1287 1817 1354 1845 etc.
1408 1811 1564 1846 similiter
1590 1812 1638 1853 α’,
1672 1813 1751 1848 29.3

939 1859 1027 1901 πρίν
1052 1871 1115 1901 μιν
1139 1858 1201 1893 καὶ
1226 1870 1341 1902 γηρας
1364 1856 1513 1892 ε’πεισιν.

985 1906 1065 1939 322.
1115 1916 1214 1939 ιππ.
1240 1918 1331 1947 μετ.
1376 1900 1453 1947 ἅμα
1477 1907 1557 1944 τοῖς
1580 1903 1754 1939 ἱππεῦσιν

942 1948 1084 2006 ἔσομαι.
1130 1971 1174 1976 -
1219 1949 1268 1984 τό
1295 1949 1396 2006 γάρ
1421 1970 1465 1975 —-
1491 1948 1753 2006 γερόντων.

943 1994 1038 2041 αὕτη
1065 1994 1135 2041 γάρ
1162 1997 1259 2032 ἐστιν
1283 1993 1305 2040 ἦ
1333 1997 1407 2030 τῶν
1430 1997 1644 2042 πρεσβυτῶν
1661 1995 1755 2042 γνώ-

942 2056 993 2088 μη
1018 2043 1260 2087 (existimatio)
1284 2043 1346 2078 καὶ
1380 2043 1466 2088 τιμή
1502 2044 1662 2088 (honor,
1682 2044 1754 2088 jus,

942 2101 1081 2130 munus,
1106 2089 1268 2123 officium.
1302 2088 1338 2130 ι’,
1360 2088 1450 2131 422,
1474 2089 1525 2130 π’,
1559 2089 1629 2125 457
1653 2094 1720 2123 etc.
1724 2090 1756 2134 )‚

942 2136 984 2172 τό
1011 2137 1130 2175 καλῶς
1155 2133 1430 2192 συμβουλεύειν.
1455 2136 1537 2169 Sch.

990 2180 1070 2216 324.
1105 2181 1266 2216 Ἀττικὸν
1285 2182 1327 2216 τὸ
1351 2179 1530 2236 αἰχμὰς
1553 2179 1593 2216 δ’
1614 2181 1754 2226 αἰχμ.,

945 2225 995 2268 ὠς
1018 2226 1060 2263 τὸ
1087 2228 1231 2262 δαίνυ
1256 2228 1402 2262 δαῖτα
1434 2225 1489 2271 (ι’,
1515 2227 1605 2270 70.,)
1629 2227 1692 2262 καὶ
1715 2240 1756 2262 ι-

945 2271 1096 2330 δρωθ’
1101 2299 1112 2315 ,
1136 2271 1188 2309 ὃν
1213 2275 1327 2318 ιδρω
1343 2286 1396 2308 σα
1421 2274 1526 2316 (27),
1551 2274 1613 2308 καὶ
1632 2271 1757 2314 ἁπλως
1801 2309 1804 2319 1

943 2318 967 2364 ἡ
993 2323 1177 2374 μυριαχοῦ
1203 2319 1525 2364 συμπαρακειμένη
1549 2318 1655 2360 θέσις
1682 2321 1757 2355 τῶν
1801 2323 1804 2340 ¹

944 2365 1118 2411 ῥημάτων
1149 2371 1209 2402 καὶ
1244 2368 1318 2402 τῶν
1350 2365 1494 2402 ἐκεῖθεν
1518 2367 1757 2411 γεννωμένων
1801 2404 1804 2415 ,

946 2412 1153 2468 ὀνομάτων.
1186 2414 1251 2457 (cf.
1278 2414 1402 2448 matth.
1428 2416 1460 2455 ἓ.
1486 2411 1586 2469 415.)
1609 2434 1656 2439 -
1680 2413 1726 2449 E.

993 2462 1074 2495 325.
1123 2456 1219 2494 ὁπλ.
1262 2458 1448 2515 νεώτεροι.
1502 2456 1599 2493 ὅπλα
1632 2458 1758 2515 φέρειν

948 2505 1169 2560 6vvc-'3516vot
1198 2507 1280 2540 Sch.
1330 2503 1587 2548 ὁπλότεροι
1612 2520 1658 2542 ου
1688 2504 1756 2560 μό·
1800 2546 1801 2553 ¹

947 2566 1016 2588 νον
1041 2553 1077 2587 οὶ
1100 2551 1293 2595 νεώτεροι,
1320 2550 1412 2587 ἄλλα
1439 2551 1598 2607 μάλιστα
1623 2553 1660 2588 οἱ
1682 2550 1758 2597 μά-
1800 2556 1801 2562 ’

947 2612 1049 2643 χιμοι
1080 2599 1142 2634 καὶ
1177 2596 1270 2634 ὅπλα
1303 2600 1421 2642 αἴρειν
1446 2595 1672 2642 δυναμενοι,
1705 2598 1759 2634 ε’τι
1798 2631 1799 2635 ,

949 2645 990 2681 δὲ
1014 2645 1075 2680 καὶ
1101 2645 1136 2679 οὶ
1162 2641 1286 2685 ἁπλῶς
1311 2645 1493 2690 ἐργατικοὶ
1510 2645 1572 2680 καὶ
1590 2643 1758 2689 ενεργεῖς·
1798 2678 1800 2689 y

950 2689 1047 2727 ὅπλα
1076 2691 1146 2735 γὰρ
1181 2689 1303 2736 πάσης
1339 2691 1466 2736 τέχνης
1497 2705 1544 2726 τα
1579 2690 1757 2747 ἐργαλεῖα,
1798 2686 1811 2733 ’Ῐζ

949 2738 1011 2774 καὶ
1045 2735 1259 2779 ὁπλίζεσθαι
1291 2737 1332 2773 τό
1367 2739 1419 2778 εἰς
1444 2737 1550 2793 ἔργον.
1574 2736 1759 2780 ἓτοιμοὶζε·
1796 2739 1799 2771 ἶ

952 2788 1064 2820 σθαι·
1092 2783 1151 2819 διὸ
1177 2783 1238 2818 καὶ
1261 2783 1498 2827 παρακατιών
1523 2797 1614 2829 φησι
1627 2783 1757 2828 (344.·)
1810 2806 1811 2818 1

952 2833 1099 2866 δαῖτα
1129 2829 1500 2875 ἐφοπλίζοιμεν.
1534 2831 1577 2866 Ε.
1630 2832 1675 2865 cf.
1711 2829 1799 2875 β’,ἕ

950 2879 1036 2916 707.
1059 2875 1103 2921 γ’,
1131 2877 1196 2911 108
1222 2882 1290 2911 etc.
1795 2880 1798 2896 ⁵

999 2925 1078 2960 327.
1127 2921 1240 2964 εὗρ’.
1278 2923 1488 2978 asyndeton,
1513 2926 1553 2957 ut
1576 2923 1632 2957 89.
1656 2933 1691 2954 v.
1719 2922 1759 2955 E.
1794 2900 1798 2961 1

954 2973 1061 3006 Πετ.
1102 2967 1148 3013 β,
1179 2970 1257 3004 552.
1303 2967 1433 3013 πλήξ.
1476 2967 1523 3014 β’,
1558 2967 1635 3004 104.
1669 2967 1761 3001 iufra
1794 2971 1797 3002 Ι

954 3019 1056 3053 391.=
1082 3014 1248 3061 κέντορες
1273 3016 1407 3051 ἵππων.
1457 3017 1502 3050 cf,
1527 3012 1567 3057 ε’,
1593 3015 1669 3049 102.
1701 3024 1760 3048 cu-
1793 3024 1811 3053 μ
