1811 3269
90 173 174 211 loo

258 279 449 336 ἔμμεναι

718 171 1122 214 ΟΜΗΡΟΥ

512 281 731 336 αἴσχιστος
761 281 808 324 δε
825 280 950 352 α’νὴρ
981 282 1070 327 ὑπὸ
1088 281 1225 328 Ἴλιον
1253 278 1411 356 ἦλθεν·

259 337 425 392 φολκὸς
439 337 553 410 ἔην,
583 337 721 392 χωλὸς
749 338 792 381 δ’
822 338 973 395 ἕτερον
1000 340 1137 391 πόδα,
1167 358 1227 384 τω
1259 341 1305 384 δέ
1338 343 1382 384 οἱ
1412 339 1517 396 ὤμω

257 393 403 449 κυρτώ
433 393 502 437 ἐπὶ
534 398 699 449 στῆθος
728 395 1019 451 ξυνοχωκότε·
1053 395 1188 451 αὐταρ
1217 397 1413 451 ὕπερθεν

259 450 394 504 φοξὸς
426 451 502 507 έήν
517 450 749 521 κεφαλήν,
779 453 917 521 ψεδνὴ
946 453 987 496 6'
1019 452 1256 526 ἐπενήνοθε
1285 454 1434 510 λάχνη.

143 513 227 552 220
257 507 453 576 ἔχθιστος
484 504 527 550 δ’
552 505 713 563 Ἀχιλῆι·
739 508 925 580 μάλιστ’
942 505 1003 581 ἦν
1028 508 1100 565 ἠδ’
1126 510 1331 565 Ὀδυσηῖ

256 564 316 607 τώ
346 563 430 620 γὰρ
460 566 713 608 νεικείεσκε·
742 564 832 608 τότ’
867 567 964 609 αὕτ’
993 564 1280 637 Ἀγαμέμνονι
1309 569 1389 623 δίῳ

257 619 358 672 ὀξέα
390 619 606 676 κεκληγως
635 619 726 677 λέγ’
756 621 936 665 ὀνείδεα.

994 627 1055 682 τῷ
1085 621 1128 665 6'
1159 620 1233 677 ἄρ’
1261 612 1423 678 Ἀχαιοὶ
1464 625 1469 629 ’

255 675 480 747 ἐκπάγλως
510 677 735 731 κοτέοντο,
764 668 1037 749 νεμέσσηθέν
1057 679 1098 722 τ’
1128 679 1192 722 ἐνὶ
1223 684 1380 749 θυμῷ

259 733 398 788 αὐτὰρ
429 732 453 777 ὁ
485 751 630 790 μακρα
661 711 780 807 [3063v
799 733 1099 807 Ἀγαμέμνονα
1128 737 1263 780 νείκεε
1292 735 1443 791 μύθῳ·

142 793 226 836 225

130 895 210 928 216.
259 890 350 928 υπὸ
376 891 525 931 Ἴλιον
565 888 737 939 ἦλθεν,
786 896 891 930 subiit

85 940 195 973 altam
223 940 385 983 Trojam,
410 940 525 976 Ἴλιον
559 942 793 986 αἰπεινὴν
828 941 890 985 (ο’,

84 987 164 1020 558.
190 986 235 1019 cf.
262 987 359 1031 Virg.
386 987 468 1020 Aen.
487 989 528 1027 2,
553 988 664 1030 290)-

129 1031 209 1066 217.
257 1032 448 1087 asyndeton
481 1031 750 1078 ἐπεξηγητικόν.
806 1036 890 1079 Ap..

84 1076 281 1134 φολκός.
313 1080 387 1112 τῶν
419 1077 518 1135 ἅπαξ
548 1080 758 1136 εἰρημένων.
816 1080 891 1115 ἔστι

85 1122 126 1159 δὲ
147 1123 228 1159 οἷον
260 1123 438 1168 φαελκὸς,
464 1123 482 1161 ὃ
519 1140 565 1160 τα
596 1126 675 1171 φάη
707 1125 890 1170 εἱλκυσμέ-

82 1183 167 1211 νος,
193 1169 274 1206 οἷον
300 1173 468 1216 στραβός.
517 1172 673 1206 similiter
694 1172 751 1205 alii
777 1185 891 1217 gram—

84 1217 212 1250 matici.
260 1217 320 1250 sed
352 1222 458 1261 negat
478 1219 704 1252 Buttmannus
731 1219 840 1252 Lexil.
863 1219 890 1252 Ι.

84 1264 165 1303 59.,
190 1263 328 1297 strabos
347 1269 443 1297 recte
462 1264 529 1297 dici
547 1263 662 1299 ἕλκειν
682 1263 726 1299 τοὶ
745 1264 826 1311 φάη
844 1265 891 1297 si-

84 1321 128 1343 ve
144 1321 234 1349 τους
253 1305 500 1352 ὀφθαλμούς,
507 1322 648 1367 'neque
659 1310 791 1344 illorum
812 1322 891 1344 sen-

83 1353 213 1389 tentiae
229 1356 431 1399 subscribit,
447 1355 517 1411 qui
537 1354 675 1400 φολκὸς
695 1356 777 1390 nihil
797 1357 889 1390 aliud

83 1412 160 1436 esse
178 1406 302 1445 putant
319 1413 417 1446 quam
437 1399 543 1442 ὁλκὸς
563 1414 635 1436 cum
660 1402 889 1446 digammate3

82 1447 145 1481 sed
175 1446 277 1481 sumit
304 1448 418 1492 potius
445 1449 586 1482 verbum
617 1448 760 1503 φέλκω,
793 1450 889 1484 1ι.ε.

81 1493 224 1534 πλέκω,
249 1505 269 1526 a
290 1505 356 1538 quo
376 1493 478 1527 ducta
494 1493 563 1528 sint
584 1494 717 1552 φάλκη,
746 1493 890 1538 φάλκης

82 1539 156 1574 sive
180 1537 313 1584 φάλκις
336 1540 392 1573 vel
416 1538 568 1584 φόλκις,
593 1546 628 1574 et
654 1539 889 1585 ἐμφαλκωμέ·

82 1598 164 1626 νοις
199 1585 330 1629 (scrib.
363 1584 699 1630 ἐμφαλκουμένοις,
734 1587 789 1620 vel
814 1598 889 1620 cum

83 1632 289 1666 Buttmanno
314 1630 709 1677 ἐμπεφαλκωμένοις),
741 1645 889 1676 περιπε-

81 1677 295 1721 πλεγμένοις
334 1690 388 1723 ap.
429 1678 568 1712 Suidam
606 1680 680 1722 (cf.
714 1679 819 1715 Schn.
855 1690 889 1712 v.

84 1723 265 1770 φάλκης);
301 1730 340 1757 ut
373 1723 512 1767 φολκὸς
539 1724 711 1769 significet
733 1727 890 1770 valgum,

83 1772 182 1805 einen
201 1770 498 1816 Schiefbeiuigen‚
524 1771 614 1815 quod
637 1772 755 1805 vocab.
785 1783 825 1804 ex
847 1771 889 1803 il-

83 1817 116 1851 lo
138 1822 247 1850 ortum
266 1827 343 1849 esse
363 1829 429 1850 non
449 1817 534 1851 male
558 1817 755 1862 suspiceris.
804 1818 890 1850 mire

82 1863 255 1917 Hesycha
292 1862 453 1907 φολκὸς,
489 1864 658 1909 στραβός.
705 1863 742 1898 οἱ
768 1862 807 1898 δε
833 1867 889 1897 λι-

81 1908 292 1953 πόδερμον.
315 1921 357 1942 ex
376 1921 443 1953 quo
463 1913 576 1943 tamen
591 1909 771 1954 intelligas
795 1911 888 1953 ipsos

82 1962 221 1989 veteres
240 1954 283 1988 de
305 1954 561 1998 significatione
587 1956 689 1999 hujus
709 1956 804 1990 verbi
825 1956 888 1988 du-

83 2002 224 2035 bitasse.
281 2011 363 2034 sane
399 2001 539 2035 meliore
575 2001 737 2035 vitiorum
769 2001 889 2035 ordine

83 2047 267 2081 Thersites
287 2046 415 2080 dicitur
433 2049 559 2092 vulgus
577 2053 611 2081 et
626 2048 769 2081 claudus
787 2059 888 2092 quam

83 2094 221 2127 strabus
242 2098 274 2126 et
293 2093 457 2134 claudus,
481 2093 599 2138 itaque
629 2106 650 2127 a
676 2094 821 2138 pedibus
845 2093 888 2127 ad

84 2139 241 2173 humeros
265 2144 439 2184 caputque
460 2144 495 2173 et
515 2140 627 2173 crines
653 2140 747 2174 velut
769 2151 890 2174 ascen-

83 2185 186 2219 ditur.

130 2232 212 2265 21.8
259 2231 890 2287 ξυν.8(>11..συνοχ.συμπεπτω-

83 2274 206 2318 κότες,
239 2275 482 2331 συνηγμένοι.
531 2278 580 2311 E:
614 2281 814 2322 -γίνεται
850 2276 891 2313 δε

85 2322 161 2359 απὸ
181 2322 248 2365 τῆς
267 2324 442 2367 ξυνοχῆς,
457 2319 546 2378 ἤνις
563 2337 664 2368 παρα
683 2326 736 2372 τῷ
755 2338 791 2359 π.
817 2323 890 2369 (ψ,

85 2371 184 2414 330.)
211 2370 319 2413 δηλοῖ
342 2368 412 2414 τήν
445 2366 519 2404 ἀπὸ
552 2361 718 2412 πλατέος
730 2373 782 2412 εἰς
813 2384 891 2407 στε-

85 2415 152 2451 νὸν
177 2414 411 2458 σύμπτωσιν,
438 2411 535 2450 ὅπου
558 2417 715 2461 ξυνοχοὶς
732 2418 824 2462 λέγει
849 2414 889 2452 6

86 2462 178 2502 δοῦ,
203 2461 340 2497 ταυτὸν
365 2460 405 2497 δε
435 2463 551 2497 εἰπεῖν
582 2463 796 2508 κλεισούρας
827 2462 889 2498 καὶ

85 2507 312 2553 στενότητας.
350 2509 521 2552 Hesycha
546 2509 786 2569 συνοκωχότε.
812 2509 889 2546 ἐπι-

85 2552 400 2598 συμπεπτωκότες.
444 2555 641 2611 συνοκωχή
656 2556 725 2601 γάρ
751 2555 773 2602 ἡ
800 2569 889 2600 σιμ-

85 2611 235 2640 πτωσις
282 2601 398 2634 Ionica
430 2611 497 2633 vox
530 2601 598 2636 fuit
623 2600 767 2647 ὀκωχή,
800 2603 890 2637 unde

86 2645 275 2704 οἶνοκωχὴ,
310 2647 398 2692 quod
433 2646 633 2692 plerumque
664 2650 825 2683 scribitur
851 2646 887 2683 οἷ

86 2691 255 2737 νακωχὴ,
280 2698 316 2726 et
341 2693 528 2736 συνοκωχὴ
552 2705 607 2738 ap.
627 2694 891 2740 Hippocratem:

87 2751 119 2773 v
152 2739 298 2773 indicem
334 2738 471 2772 Aretaei
508 2739 557 2772 Ca
564 2741 665 2783 ppad.
692 2746 727 2774 et
751 2741 891 2774 Erotia-

87 2797 186 2826 num,
221 2785 342 2818 Valck.
374 2784 417 2818 ad
453 2786 601 2818 Ammon.
628 2797 662 2831 p.
686 2788 766 2828 23..
789 2787 822 2820 H
847 2787 888 2820 ad

87 2830 623 2889 ὴ,.,1Τ1ι.ρ.β38.ν.ἕχω.

133 2878 213 2912 219.
263 2875 422 2920 φοξός.
459 2875 521 2910 καὶ
549 2879 660 2912 τοῦτο
691 2891 765 2912 των
791 2875 891 2921 α’παξ

89 2922 300 2968 εἰρημένων.
325 2921 494 2966 σημαίνει
519 2921 558 2957 δε
583 2924 788 2969 (perperam
813 2924 891 2958 libri

88 2970 170 3003 nai:
206 2980 239 3002 v.
269 2968 451 3002 Schaeferi
482 2967 617 3003 Melett.
651 2970 727 3003 crit.
757 2982 790 3027 p.
814 2970 890 3025 59.)

89 3011 154 3050 τὸν
180 3012 422 3059 ὀξυκέφαλον.
466 3014 609 3059 εἴρηται
641 3014 681 3052 δὲ
711 3013 785 3052 ἀπὸ
817 3018 891 3051 τῶν

341 790 578 848 ,,Ἀτρείδη,
608 792 679 835 τέο
713 790 756 835 δ’
788 791 888 835 αὐτ’
923 792 1180 849 ἐπιμέμφεαι
1209 790 1285 848 ἠδὲ
1314 796 1512 848 χατίζεις;

937 897 1142 940 κεραμικῶν
1170 893 1324 939 α’γγείων
1352 897 1426 930 τῶν
1458 895 1497 931 ἕν
1525 907 1569 939 τῃ
1601 896 1744 940 καμίνῳ

938 941 1012 977 ἀπὸ
1034 944 1103 978 τοῦ
1123 942 1248 998 φωτὸς
1273 943 1409 986 (Etym.
1428 941 1524 977 addit
1548 940 1572 986 η’
1589 944 1657 977 τοῦ
1675 955 1742 977 πυ-

938 989 1013 1033 ρός.
1046 990 1194 1048 ξὶἰίοἱε.)
1219 987 1420 1045 α’πωξυμμέ
1422 1002 1515 1029 νων,
1540 988 1644 1024 καθα
1671 1002 1743 1034 φη-

936 1047 972 1070 σι
1002 1035 1063 1070 καὶ
1090 1038 1322 1079 Emeum-6⁷73
1359 1033 1484 1081 αὕτη
1520 1034 1569 1070 δὲ
1605 1037 1740 1079 φοξί-

936 1085 1093 1126 χειλος
1127 1081 1205 1125 (sic
1230 1084 1353 1115 Athen.
1377 1085 1428 1116 11.
1455 1082 1591 1127 ρ.480.
1625 1088 1662 1115 et
1694 1082 1742 1115 [⁴:-

936 1135 1018 1173 ty.m
1041 1129 1142 1163 codd.
1160 1127 1331 1172 Apollonii
1349 1128 1527 1162 mendose:
1551 1128 1648 1173 φοξη
1667 1140 1730 1171 χει·

939 1174 1037 1218 ρός)
1060 1171 1233 1218 Ἀργείη
1257 1173 1403 1216 κύλιξ.
1431 1176 1491 1219 Ap.
1513 1175 1664 1209 derivari
1683 1185 1741 1207 so-

938 1221 987 1254 let
1011 1222 1095 1254 haec
1125 1231 1193 1254 vox
1219 1221 1261 1253 ab
1283 1219 1391 1263 ὀξνς,
1424 1220 1459 1253 in
1483 1232 1549 1264 quo
1573 1231 1741 1264 nunquam

937 1267 997 1310 dig
1000 1278 1106 1299 amma
1136 1271 1332 1320 usurpatum
1364 1277 1440 1299 esse
1469 1266 1588 1300 docuit
1611 1266 1741 1299 Buttm.

938 1279 1046 1345 Legxil.
1067 1312 1095 1346 Ι.
1121 1314 1200 1364 59.,
1235 1313 1421 1356 potiusque
1453 1312 1642 1345 ducendam
1667 1322 1740 1345 eam

936 1364 1036 1413 putat
1061 1369 1081 1390 a
1106 1355 1264 1411 qndyew,
1297 1363 1448 1398 torrere,
1481 1358 1572 1392 unde
1603 1357 1741 1400 φωξὸς,

937 1402 1073 1448 φοξὸς,
1112 1404 1196 1447 igne
1232 1409 1351 1437 tortus.
1411 1383 1742 1444 „Wahrscheinlich

936 1451 1027 1483 hies-s
1051 1461 1125 1483 man
1149 1450 1296 1483 namlich
1323 1428 1442 1493 φοξὸν
1473 1450 1556 1483 alles
1580 1461 1654 1484 was
1678 1450 1741 1484 da-

936 1496 1064 1536 durch,
1090 1496 1170 1528 dass
1195 1507 1231 1528 es
1256 1496 1330 1528 dem
1355 1497 1469 1529 Feuer
1492 1507 1534 1529 zu
1559 1497 1640 1529 sehr
1662 1507 1741 1529 aus-

935 1547 1072 1585 gesetzt
1091 1541 1257 1582 worden,
1282 1542 1356 1575 sich
1380 1542 1482 1582 warf,
1507 1544 1575 1575 und
1600 1542 1740 1586 folgiich

935 1592 1023 1621 statt
1046 1587 1131 1619 rund
1156 1591 1265 1620 etwas
1289 1587 1487 1631 zugespitzt
1507 1587 1615 1621 ward.
1658 1588 1740 1621 Die-

935 1645 974 1667 se
997 1633 1208 1677 Benennung
1236 1633 1320 1677 ging
1353 1634 1442 1667 dann
1468 1634 1548 1667 selu-
1571 1634 1740 1668 natiirlich

936 1679 997 1712 auf
1027 1679 1272 1722 Gegenstande
1314 1680 1420 1720 iiber,
1461 1680 1614 1721 welche,
1651 1681 1740 1713 ohne

936 1725 1033 1758 diese
1065 1724 1221 1766 Ursach‚
1255 1725 1331 1758 eine
1357 1726 1472 1759 solcbe
1504 1737 1571 1758 von
1597 1725 1659 1759 der
1682 1737 1739 1759 re-

936 1771 1164 1814 geimassigen
1186 1772 1263 1803 abu
1267 1771 1432 1804 eichende
1452 1771 1591 1805 Gestalt
1608 1771 1739 1813 hatten,

936 1817 1004 1850 und
1030 1817 1234 1850 namentlich
1259 1818 1321 1850 auf
1343 1817 1408 1850 den
1433 1817 1564 1871 Kopff‘
1611 1817 1664 1850 ita
1685 1817 1740 1852 vir

936 1873 1043 1917 sagax
1068 1874 1111 1912 p.
1120 1862 1199 1897 244.
1225 1881 1271 1887 -
1305 1862 1471 1907 ψεδνή-
1506 1859 1642 1906 α’ραια,
1667 1875 1738 1906 μα-

936 1906 1050 1967 δαρά,
1070 1907 1150 1943 οἷον
1170 1907 1440 1953 οἷπεψιλωμένη.
1461 1911 1524 1967 Ap.
1548 1929 1594 1935 —
1620 1908 1740 1945 ἐπεν.

935 1953 1110 2000 ἐπήνθει,
1145 1954 1316 1990 ἐπέκειτο.
1343 1956 1423 1989 Sch.
1463 1954 1578 1998 ἐπῆν,
1603 1954 1740 1991 ἐπέκει-

935 2014 990 2036 το.
1018 2002 1083 2046 Ap.
1114 2001 1271 2035 similiter
1290 2002 1382 2046 Hesy
1388 2003 1439 2035 ch.
1461 2002 1604 2035 etSuid.
1629 2003 1674 2036 cs.
1691 2004 1738 2038 H.

936 2047 1124 2106 perfectum
1157 2048 1302 2081 obsoleti
1342 2048 1442 2081 verbi
1474 2046 1662 2083 ἐπενέθειν
1695 2049 1738 2082 ab

936 2093 1080 2129 ενέθειν
1104 2098 1140 2126 et
1163 2092 1285 2134 ξ’,θειν
1310 2094 1447 2134 sedere,
1473 2099 1510 2127 ut
1528 2091 1670 2129 ἐνέθειν
1692 2094 1740 2128 sit

936 2140 1103 2179 insidere,
1128 2140 1329 2180 inhaerere,
1353 2144 1388 2172 et
1411 2137 1609 2179 ἐπενέθειν,
1630 2141 1741 2174 inesse

936 2187 973 2219 in
997 2186 1174 2229 supevficie
1199 2185 1242 2221 al.
1267 2186 1329 2219 rei.
1378 2186 1428 2218 sic
1453 2186 1575 2220 Buttm.
1604 2186 1626 2219 1.
1654 2187 1676 2220 1.
1701 2198 1737 2231 p.

936 2233 1017 2266 292.
1042 2250 1086 2256 —-
1111 2230 1267 2276 λάχνη.
1293 2232 1474 2275 τρίχωσις.
1500 2232 1551 2275 (v.
1575 2233 1678 2266 Schn.
1703 2243 1738 2266 V.
1784 2233 1787 2259 ἶ

936 2277 1097 2322 χλαῖνα.)
1125 2297 1161 2301 -
1190 2279 1272 2311 Sch.

984 2336 1064 2369 220.
1115 2333 1211 2378 {¹758-
1252 2332 1488 2378 ἐχθρότατος.
1515 2335 1598 2369 Sch.
1648 2336 1739 2369 invi-

935 2381 1102 2420 sissimus,
1128 2381 1209 2425 quia
1236 2381 1496 2415 conviciabatur
1522 2392 1581 2415 eos
1606 2381 1669 2425 (cf.
1692 2394 1739 2423 α,
1782 2388 1784 2403 ”

938 2426 1050 2469 176.,)
1078 2438 1144 2460 non
1169 2427 1440 2468 inimicissimus,
1475 2432 1515 2460 ut
1547 2439 1603 2472 ap.
1628 2428 1737 2473 Soph.

935 2474 1030 2527 Ajac.
1058 2472 1158 2507 1248.
1191 2478 1226 2506 et
1261 2473 1357 2506 alias.
1390 2493 1436 2497 -—
1472 2473 1655 2507 notandum
1685 2478 1740 2507 est
1780 2488 1781 2505 1

933 2517 1089 2564 μάλιστα
1112 2518 1323 2563 superlativo
1344 2519 1510 2563 junctum.

981 2578 1060 2611 222.
1110 2575 1170 2619 ὀξ.
1209 2575 1360 2619 μεγάλοι.
1393 2578 1516 2611 κεκλ.
1540 2574 1738 2620 κεκραγώς,
1778 2571 1780 2608 f

1230 2623 1271 2656 cf.
1296 2622 1373 2657 224.
1411 2620 1519 2666 λέγ’.
1545 2634 1578 2656 ν.
1599 2633 1676 2656 ann.
1694 2623 1738 2656 ad
1776 2663 1777 2666 Ἴ

935 2620 1087 2666 ἐκβοῶν.
1113 2622 1197 2655 Sch.

936 2670 1015 2705 435.

984 2728 1063 2763 223.
1110 2723 1204 2760 ἐκπ.
1258 2724 1521 2769 ἐκπληκτικῶς,
1562 2723 1738 2769 μεγάλως.
1775 2706 1777 2741 3

937 2786 1029 2808 κοτ.
1055 2770 1262 2816 ὠργίζοντο.
1293 2784 1386 2815 νεμ.
1411 2769 1739 2816 (ἐνεμεσήθησαν.)
1774 2810 1775 2818 ¹

937 2819 1158 2864 ἐμέμφοντο.
1178 2817 1293 2852 Schol.

982 2878 1062 2913 225.
1110 2874 1196 2911 τέο.
1223 2875 1473 2919 (τοῦ.)τίνος.
1501 2895 1545 2901 -
1570 2873 1636 2911 ἐπ.
1663 2873 1737 2909 ἔπι·

936 2922 1074 2969 μέμφῃ,
1100 2920 1289 2977 ἐπιζητεῖς.
1331 2934 1427 2965 χατ.
1451 2920 1604 2966 χρήζεις.
1629 2920 1738 2965 (idem
1770 2948 1773 2974 Ι.

937 2975 991 3003 est
1015 2967 1201 3004 επιδευεαι
1223 2968 1321 3011 229.)
1347 2968 1428 3001 Sch.
1455 2969 1499 3002 de
1523 2979 1590 3013 quo
1612 2967 1739 3001 iterum

937 3017 996 3060 (ut
1018 3026 1128 3061 nuper
1152 3015 1196 3049 de
1220 3013 1369 3058 Achille)
1396 3012 1646 3059 conquereris?
1678 3023 1738 3047 cu-
