1811 3269
76 173 134 213 52

705 174 1112 218 ΟΜΗΡΟΥ

245 284 328 325 τοῦ
364 282 436 326 καὶ
473 281 561 328 vimi
590 281 788 341 γλώσσης
817 285 991 341 μέλιτος
1020 290 1215 342 γλυκίων
1247 288 1345 342 ῥέεν
1375 287 1510 345 αὐδή·

131 339 216 382 250
245 342 307 395 τῷ
338 337 384 382 δ’
414 338 500 397 ἤδη
531 340 613 384 δύο
644 340 723 396 μὲν
748 343 894 396 γενεαὶ
931 344 1137 399 μερόπων
1176 344 1428 399 ἀνθρώπων

244 394 445 463 ἐφθίαθ’,
487 398 534 440 οἵ
560 399 604 440 οἱ
630 396 828 452 πρόσθεν
863 398 952 453 ἅμα
981 401 1151 456 τράφεν
1178 401 1252 458 ἠδ’
1283 403 1484 457 ἐγένοντο

244 451 292 494 ἐν
324 455 458 509 Πυλῳ
489 452 686 510 ἠγαθέῃ,
730 455 835 510 μετοὶ
871 456 917 500 δὲ
945 457 1213 511 τριτάτοισιν
1242 459 1456 502 ἄνασσεν·

245 506 282 579 ὅς
300 519 409 563 σφιν
439 508 697 565 ἐϋφρονέων
736 510 985 569 ἀγορήσατο
1027 515 1099 557 καὶ
1130 516 1368 570 μετέειπεν·

244 567 321 617 ,,ῼ
351 566 512 619 πόποι,
551 561 578 622 ἦ
618 567 728 624 μέγα
756 568 919 621 πένθος
942 568 1132 627 ’Ἀχαιΐδα
1161 577 1293 628 γαῖαν
1323 572 1485 616 ἷκάνειΙ

70 696 210 734 τεύει
242 699 424 744 βίοτον
459 702 626 746 (Hesiod.
663 707 754 751 opp.
782 711 818 741 et
841 707 885 742 D.

70 743 193 789 400.),
220 743 330 800 οὕτω,
348 747 411 782 καὶ
442 745 585 794 οἷγορῶ,
612 750 649 795 ἐξ
678 752 727 788 οὗ
744 750 884 798 ἀγορή-

71 801 188 849 σατοέ
218 793 280 848 καὶ
306 795 573 840 αγορητής,
606 799 669 833 καὶ
705 798 884 843 α’γορεύω,

69 835 117 891 ἐξ,
143 850 189 873 ου
220 851 262 872 το
294 840 410 884 μήτι
434 841 650 890 φόβονδ’
682 843 884 892 ἀγόρευε

70 886 130 928 (ε,
153 885 264 928 252).
301 886 355 919 mx
382 887 425 920 E.

115 930 194 964 249.
218 929 358 977 αὐδή.
394 945 428 966 v.
453 936 510 969 92.

114 977 194 1011 250.
229 990 342 1022 γεν.,
369 984 504 1014 aetates
534 981 720 1016 hominum.
746 1003 791 1008 —
823 979 882 1018 ὅτι

68 1021 217 1066 γενεοὶ
253 1025 347 1059 κατά
374 1023 463 1066 τούς
495 1028 677 1068 παλαιούς
707 1029 742 1063 οἱ
774 1029 880 1072 τριά-

68 1080 183 1103 κοντα
210 1069 356 1114 χρόνοι,
383 1069 473 1114 μεθ’
508 1069 573 1115 οὓς
592 1077 795 1110 τελειοῦται
815 1073 880 1110 ἄν-

68 1115 245 1169 θρωπος,
283 1115 332 1158 ὡς
363 1119 465 1153 δοκεῖ
491 1121 553 1155 καὶ
579 1117 736 1168 Ἡσιόδῳ
762 1121 801 1157 ἐν
826 1124 880 1167 τῷ

68 1173 188 1217 μητε
229 1164 538 1206 τριηκόντων
581 1165 724 1203 ἐτέων
769 1166 878 1210 μάλ’

69 1211 366 1244 απολείπων.
392 1210 456 1253 (0.
479 1218 514 1246 et
535 1214 574 1246 D.
596 1215 694 1257 696.)
724 1217 776 1260 τῷ
797 1218 876 1250 τοί-

68 1266 138 1288 νυν
180 1256 343 1299 Νέστορι
385 1256 454 1292 δύο
500 1260 620 1302 γενεαὶ
665 1260 876 1303 ἀνθρώπων

68 1299 297 1350 ἐφθίατο,
323 1304 488 1345 τουτέστι
506 1307 715 1349 παρῆλθον,
742 1307 877 1352 ἤνασσε

68 1344 109 1380 δὲ
141 1348 207 1391 τῆς
238 1350 364 1392 τρίτης
388 1351 512 1393 γενεᾶς
542 1352 604 1386 καὶ
625 1354 698 1386 ταῖν
722 1353 760 1389 ἐν
782 1352 876 1398 αὐτῆ

68 1389 208 1435 ὄντων,
233 1394 422 1430 τουτέστιν
447 1393 608 1443 ὑπερέβη
629 1398 674 1432 τοὶ
700 1392 876 1443 ἑξήκοντα

70 1437 144 1482 ἔτη.
179 1457 225 1464 ——
259 1441 301 1475 E.
327 1441 484 1476 similiter
508 1443 600 1479 Sch.-
626 1445 687 1478 sed
725 1448 788 1492 Ap.
814 1460 874 1491 γε-

66 1484 155 1520 νεὰν
188 1486 221 1520 h.
256 1486 279 1520 l.
312 1487 563 1533 interpretatur
604 1490 673 1536 τήν
716 1489 874 1536 ἡλικίαν,

68 1528 140 1575 ἀφ’
176 1527 219 1576 ἧς
243 1531 401 1568 δύναταί
437 1548 493 1575 τις
520 1539 664 1583 γεννᾷν.
703 1538 781 1573 laxe
806 1541 878 1573 He·

67 1578 209 1612 rodotus
231 1580 272 1620 2,
302 1578 401 1628 142:
436 1583 557 1623 γενεαὶ
589 1581 659 1627 γάρ
687 1589 783 1627 τρεῖς
811 1584 876 1620 οἷν-

67 1625 168 1669 δρῶν
193 1624 325 1660 ἑκατὸν
348 1624 431 1661 έτεοὶ
459 1626 545 1665 ἐστι.
595 1630 738 1664 ridicule
763 1637 875 1666 autern

67 1669 224 1705 Naevius
243 1682 298 1716 ap.
320 1672 469 1706 Gellium
491 1676 525 1717 9,
546 1676 578 1709 7.
612 1676 795 1711 Nestorem
813 1690 876 1723 ap-

67 1716 174 1760 pellat
191 1718 444 1752 triseclisenem.
478 1721 524 1754 cf.
546 1721 697 1756 Nasonis
725 1724 874 1769 interpp.

67 1763 154 1798 Met.
193 1763 248 1803 12,
276 1766 342 1799 186
366 1775 463 1810 seqq.
489 1786 533 1792 -—
567 1779 701 1802 rursum
727 1771 778 1804 E:
803 1770 875 1814 μέ-

67 1820 211 1852 ροπες
236 1808 276 1844 δὲ
305 1810 340 1846 οἱ
360 1810 559 1854 ἄνθρωποι
582 1814 682 1857 παρά
701 1816 741 1849 τό
767 1817 876 1859 φύσει

67 1856 332 1901 μεμερισμένην
358 1855 452 1901 ἔχειν
477 1859 545 1903 τὴν
573 1858 649 1895 ὄπα
674 1862 725 1902 εἴς
749 1876 786 1898 τε
818 1865 874 1898 λέ-

67 1903 141 1960 ξεις
168 1903 230 1938 καὶ
248 1904 301 1943 εἰς
321 1904 505 1959 συλλῦιβοὶς
532 1908 594 1942 καὶ
621 1908 673 1948 εἰς
701 1914 873 1954 στοιχεῖα,

67 1961 88 1983 ο
121 1949 284 1992 μηδεμία
311 1963 366 1989 τις
396 1955 484 1995 αλλη
527 1951 599 1996 ἔχει
634 1954 741 2001 φωνὴ
772 1954 874 1999 παρὰ

65 1993 135 2040 τήν
165 1996 239 2030 τῶν
263 1992 478 2051 ᾇνθρώπων
504 1997 636 2043 αὐδήν.
665 2021 705 2026 -
733 2002 768 2037 οἱ
792 2003 874 2046 μέν·

65 2054 126 2076 τοι
164 2043 229 2095 τῆς
257 2042 433 2087 ημετέρας
461 2046 572 2087 θείας
603 2043 718 2092 αὐλῆς
757 2050 807 2092 (h.
841 2061 871 2083 e.

67 2088 255 2122 ecclesiae:
289 2100 322 2122 v.
348 2089 424 2123 Joh.
451 2094 507 2132 10,
534 2094 564 2126 1.
591 2094 676 2137 etc.)
709 2095 874 2138 μέροπας

67 2131 157 2190 τους
200 2131 429 2178 ἀνθρώπους
471 2136 652 2181 gainam·
761 2154 876 2186 φασιν

67 2193 141 2235 ano
162 2181 230 2236 ⁴⁸⁰²?-
248 2185 427 2236 μερισμοῦ
444 2180 528 2226 ἥτοι
550 2187 613 2220 δια
750 2189 795 2223 οῦ
812 2190 877 2231 τῆς

68 2225 179 2268 cinos,
208 2239 252 2261 ον
281 2231 426 2263 επαθον
452 2230 545 2272 μετὰ
575 2231 640 2267 τὸν
669 2235 733 2277 τῆς
750 2234 875 2269 Χαλα-

65 2285 133 2318 vm·
161 2272 374 2318 (scripserim
401 2277 604 2318 Χαλδαίας.
637 2287 732 2314 certe
756 2281 875 2315 turrim

66 2319 292 2363 Babyloniam
317 2320 426 2362 dicit,
459 2323 503 2356 de
533 2336 602 2367 qua
631 2327 659 2360 1.
686 2326 773 2361 Mos.
799 2339 874 2372 cap.

68 2365 144 2419 11..)
168 2364 311 2419 πύργον
337 2367 636 2411 διαμερισθέντες
657 2370 877 2418 ἁπανταχοῦ

67 2423 133 2454 της
148 2423 226 2454 γης.
263 2413 377 2455 δῆλον
397 2412 437 2449 δὲ
457 2411 514 2450 ὅτι
531 2418 591 2451 καὶ
612 2414 762 2459 ὄρνιθές
781 2433 877 2460 τινες

66 2456 234 2501 λέγονται
266 2459 422 2501 μέροπες
452 2461 634 2506 (apiastriz
670 2477 703 2499 v.
731 2466 874 2500 Aristot.

67 2503 114 2537 H.
138 2505 177 2536 A.
203 2506 236 2543 6,
265 2506 294 2538 1.
320 2507 375 2546 3.‚
412 2507 498 2540 Plin.
528 2510 581 2550 10,
607 2511 685 2553 33.)
711 2531 766 2545 -.
810 2510 870 2547 εὕ-

66 2562 198 2593 ρηνται
223 2548 264 2584 δὲ
289 2551 352 2587 καὶ
389 2551 426 2586 οἱ
460 2555 585 2600 Κῷοι,
620 2557 808 2592 τουτέστιν
838 2558 876 2593 οὶ

67 2597 134 2640 τῆς
159 2595 223 2630 Κῶ
257 2597 322 2639 τῆς
360 2596 476 2642 νήσου
510 2599 673 2643 ἔποικοι,
704 2604 882 2648 Μέροπε.

931 709 1088 744 sitionem
1114 708 1211 744 verbi
1234 708 1390 753 μέροπες
1412 707 1574 755 probavit
1597 709 1648 750 K,
1676 710 1731 744 cui

932 757 1042 791 altera
1080 758 1213 790 doctior
1254 768 1351 800 quam
1393 767 1455 800 pro
1494 762 1597 799 captu
1641 756 1731 790 illius

931 803 1009 837 aevi
1048 815 1122 838 esse
1162 802 1357 836 videbatur.
1404 807 1525 836 contra
1558 803 1731 836 sentiebat

931 851 996 890 W,
1022 849 1209 894 linguaque
1241 849 1348 892 magis
1382 860 1482 894 quam
1516 847 1648 881 ratione
1681 848 1731 881 di-

930 896 1075 930 stinctos
1099 895 1176 929 olim
1211 895 1305 928 visos
1338 906 1413 928 esse
1450 896 1495 929 ab
1528 893 1731 927 animalibus

928 942 1079 976 homines
1114 942 1269 983 dicebat,
1305 941 1473 986 similique
1504 940 1565 973 hos
1599 936 1730 973 nomine

928 989 1046 1022 vocari
1078 985 1279 1031 ἀλφηστὰς.
1329 987 1383 1021 cui
1429 986 1660 1030 adstipulatur
1698 985 1730 1020 J.

927 1034 971 1069 H.
997 1035 1095 1068 Voss.
1123 1045 1201 1068 ann.
1234 1034 1277 1067 ad
1314 1034 1428 1077 hymn.
1461 1033 1495 1066 in
1528 1031 1607 1065 Cer.
1635 1034 1730 1075 310„

926 1080 1074 1114 reddens
1093 1081 1150 1114 ille
1171 1078 1212 1114 τὸ
1233 1080 1394 1121 μέροπας
1412 1078 1638 1122 ἀνθρώπους
1662 1079 1730 1111 isto

927 1128 1060 1171 quidem
1096 1128 1171 1160 loco
1197 1127 1401 1169 vicllautigc
1426 1127 1631 1165 menschen,
1664 1125 1730 1163 hoc

926 1178 1037 1206 autem
1084 1174 1234 1206 redende
1288 1171 1729 1216 Menschengesclzlechten

925 1231 1013 1263 quae
1055 1219 1186 1253 utrovis
1231 1219 1328 1253 modo
1370 1217 1593 1263 interpretari
1635 1217 1731 1262 licet,

924 1276 984 1298 nos
1010 1266 1098 1298 hanc
1122 1277 1193 1298 rem
1213 1266 1246 1299 in
1271 1264 1381 1299 medio
1403 1265 1636 1309 relinquimuS‚
1662 1264 1729 1297 nisi

924 1313 1014 1354 quod
1048 1311 1114 1355 ipsi
1141 1322 1277 1355 quoque
1302 1317 1477 1355 putamus,
1515 1312 1607 1354 prius
1641 1310 1729 1343 faoi-

922 1357 1058 1401 liusque
1098 1357 1249 1390 homines
1281 1357 1448 1400 liguarum
1492 1354 1728 1390 diversitatem

923 1414 1024 1447 quarn
1058 1403 1252 1436 discrimina
1282 1402 1348 1436 ista
1374 1403 1597 1447 grammatica
1620 1403 1728 1436 anim-

923 1448 1136 1490 advertisse,
1171 1448 1260 1482 sicut
1284 1449 1456 1493 hodieque
1490 1450 1608 1493 pueris
1632 1450 1727 1484 rudi-

922 1495 1052 1538 busque
1085 1495 1276 1529 hominibus
1301 1507 1364 1528 usu
1395 1494 1513 1537 venire
1536 1495 1636 1529 solet.

969 1543 1050 1576 251.
1075 1539 1270 1585 τράφεν.
1310 1538 1544 1585 ἐτράφησαν.·
1578 1542 1728 1586 pertinet

923 1587 1009 1620 haec
1033 1600 1098 1621 vox
1130 1588 1174 1621 ad
1200 1589 1341 1632 primam
1373 1593 1520 1621 aetatem
1548 1588 1726 1631 hominum,

924 1633 1120 1677 quibuscum
1147 1633 1282 1667 vixerat
1307 1635 1457 1674 Nestor,
1491 1632 1656 1678 ἐγένοντο
1682 1636 1726 1669 ad

923 1680 1155 1724 posteriores,
1193 1691 1278 1723 quas
1314 1680 1410 1713 nasci
1436 1679 1570 1714 viderat
1590 1682 1726 1726 juvenis

924 1730 958 1758 et
982 1737 1096 1759 senex.
1122 1727 1166 1760 cf.
1193 1728 1249 1767 57,
1274 1727 1354 1761 266.

967 1773 1048 1807 252.
1074 1771 1140 1816 ἠγ.
1190 1773 1295 1805 Sch.:
1330 1769 1428 1806 πάνυ
1460 1773 1572 1816 θείᾳ,
1607 1785 1727 1818 quem-

923 1817 1100 1852 admodum
1126 1821 1209 1863 Ap.:
1236 1816 1401 1862 ἠγάθεον
1418 1818 1478 1861 (ζ,
1499 1820 1609 1863 133),
1633 1816 1727 1863 ἄγαν

920 1867 1041 1899 θεῖον.
1102 1876 1201 1908 quam
1242 1865 1450 1899 notationem
1495 1866 1524 1899 E
1567 1866 1726 1910 rejiciens

923 1905 964 1954 (ἦ
988 1911 1057 1954 γάρ
1081 1907 1127 1945 ὃῖν
1147 1909 1369 1955 ἐφύλασσεν,
1397 1911 1529 1956 inquit,
1552 1910 1593 1948 τὸ
1611 1925 1632 1946 ν
1656 1913 1726 1948 τοῦ

922 1955 1017 2001 ἄγαν
1046 1956 1183 2001 ὁμοίως
1211 1958 1261 2002 τῷ
1285 1955 1492 2002 α’γάννιφος
1504 1956 1724 2003 ’Όλυμπος.)

921 2005 1041 2037 vocab.
1069 2004 1205 2038 derivat
1222 2005 1265 2038 ab
1285 2003 1374 2048 αγῶ,
1393 2002 1528 2049 οἷγοῖζω,
1552 2003 1726 2049 ἀγαστὸς,

922 2046 1081 2094 ἀγαθὸς,
1107 2055 1145 2084 ut
1164 2049 1305 2094 ἠγαθέη
1322 2052 1366 2084 sit
1392 2048 1413 2095 ἡ
1430 2048 1580 2097 οἷγαστή.
1619 2052 1726 2097 enim-7

922 2109 1004 2130 vero
1030 2097 1156 2130 Buttm.
1185 2108 1321 2140 quoque
1345 2097 1454 2131 Lexil.
1479 2097 1507 2131 I.
1541 2110 1575 2143 p.
1600 2097 1656 2133 48.
1681 2096 1724 2132 τὸ

922 2137 1085 2186 η’γοὲθεος
1123 2142 1206 2175 nihil
1241 2142 1332 2175 aliud
1368 2155 1444 2177 esse
1474 2150 1592 2178 censet
1625 2155 1725 2188 quam

923 2187 1018 2233 ἄγαν
1040 2191 1167 2230 θεῖος,
1194 2189 1243 2233 τῷ
1268 2202 1290 2222 α
1320 2190 1487 2233 producto
1513 2195 1550 2223 ut
1573 2190 1608 2223 in
1631 2189 1724 2234 η’μα-

921 2234 1053 2276 θόεις,
1090 2233 1277 2278 ἠνεμόεις,
1313 2235 1547 2279 η’γερέεσθαι,
1589 2233 1724 2281 ἠνορέη

921 2281 1105 2327 (ἤπειρος)
1132 2289 1220 2322 etc.‚
1253 2295 1275 2315 ν
1300 2287 1411 2316 autem
1445 2283 1579 2326 abjecto
1615 2288 1655 2317 ut
1690 2283 1724 2316 in

922 2327 1126 2372 ἀγάκλυτος
1166 2327 1386 2372 propriisque
1427 2328 1539 2361 multis
1583 2328 1726 2364 nomini-

921 2376 1007 2415 bus;
1044 2374 1322 2418 quemadmodum
1355 2375 1492 2408 dicatur
1515 2374 1633 2409 similis
1657 2386 1724 2409 vox

921 2420 1184 2465 significationis
1227 2421 1374 2462 ζάθεος.
1442 2425 1624 2466 praeterea
1658 2421 1724 2455 hoc

923 2467 1102 2512 epitheton
1119 2477 1174 2511 ap.
1190 2466 1496 2508 Hom.‚Pindarum
1508 2465 1723 2512 (ἀγᾰθεος),

923 2512 1133 2558 Apollonium
1167 2512 1279 2546 Rhod.
1315 2513 1366 2555 (3,
1392 2515 1494 2554 981..;
1526 2512 1560 2550 4,
1591 2514 1724 2557 1131.)‚

921 2558 1056 2594 nonnisi
1075 2558 1108 2591 in
1129 2558 1281 2600 urbibus,
1306 2559 1520 2603 regionibus,
1545 2559 1724 2601 montibus,

301 2643 308 2651 Ι
1010 2615 1074 2649 que
1099 2605 1207 2637 sacris
1234 2605 1394 2649 usurpari
1423 2605 1526 2646 dicit,
1562 2610 1603 2638 ut
1627 2603 1724 2648 ἱερὸς

68 2642 176 2681 ἰδίως
195 2645 418 2686 καλουμενοι
443 2643 601 2690 ὀνόματι
629 2648 786 2696 ἐθνικῷ,
812 2596 1103 2751 amelec
1123 2674 1134 2689 ‚
1187 2661 1253 2695 qua
1295 2662 1333 2684 re
1373 2652 1582 2686 notationem
1623 2651 1723 2685 istam

68 2683 90 2731 ἦ
118 2689 231 2732 νῆσος
260 2688 384 2724 αὐτῶν
412 2693 498 2733 Κῶς
525 2696 731 2738 Μεροπηΐς.
770 2695 834 2740 εὑρ
856 2724 870 2752 -ε

69 2733 229 2778 θήσεται
266 2735 308 2771 δέ
342 2749 416 2771 που
451 2738 514 2774 καὶ
547 2740 677 2784 κύριον
705 2739 824 2786 ὄνομα
852 2756 872 2778 ο
911 2747 930 2752 ”
956 2743 1046 2779 954.
1070 2740 1206 2785 He)·nei
1225 2742 1380 2786 exemplo
1397 2742 1520 2787 scripsi
1545 2736 1575 2776 ὦ
1593 2741 1724 2787 πόποι,

67 2780 207 2837 Μέροψ
230 2778 271 2838 {v
286 2785 370 2837 ρτοῖς
387 2782 481 2827 ἑξῆς.
505 2785 569 2830 (β’,
589 2788 687 2827 830.;
712 2787 752 2830 λ’,
772 2790 871 2832 329.)

68 2827 190 2862 ἰστέον
219 2829 260 2862 δε
284 2840 342 2863 οτι
374 2828 416 2864 τὸ
443 2828 509 2873 μὲν
545 2831 763 2875 μερόπων
795 2832 873 2868 οἷν-

67 2872 275 2916 θρώπων
308 2872 457 2916 ἐντελῶς
486 2877 722 2922 πέφρασται,
768 2879 874 2915 καθὰ

68 2918 131 2973 καὶ
154 2918 203 2973 τόι
219 2920 349 2966 βροτοὶ
365 2918 515 2976 ἄγδρες·
544 2921 564 2958 ὁ
586 2923 625 2959 δὲ
655 2922 771 2968 ἄλλως
787 2925 876 2967 τοὺς

70 2967 300 3019 (ινθρωπους
321 2979 468 3011 φρασας
487 2970 702 3012 καταμόνας
719 2972 877 3018 βροτούς

70 3007 91 3050 ἠ
115 3012 280 3055 μέροπας
303 3011 466 3051 ἐλλείπει.
514 3017 738 3062 posteriorem
767 3030 876 3066 expo-

919 2789 953 2822 h.
987 2801 1017 2822 e.
1053 2783 1082 2821 ὦ
1115 2787 1220 2827 θεοὶ,
1255 2792 1294 2820 ut
1325 2800 1380 2832 ap.
1413 2788 1522 2832 Soph.
1556 2782 1644 2823 Oed.
1677 2789 1721 2824 R.

922 2835 1013 2876 165,
1039 2835 1096 2868 ubi
1121 2833 1236 2867 Schol.
1261 2833 1362 2867 min-z
1385 2833 1505 2874 πόπος
1524 2834 1626 2879 παρὰ
1645 2839 1724 2877 τοῖς

909 2878 1084 2924 ΓἙλλησιν
1112 2878 1131 2914 ὁ
1162 2876 1263 2920 θεός.
1309 2880 1398 2914 Plut.
1426 2874 1470 2914 de
1502 2882 1580 2915 aud.
1600 2882 1724 2927 poetis

921 2938 955 2972 p.
979 2928 1079 2963 225:
1105 2923 1273 2969 Δρύοπες
1303 2924 1510 2972 δὲπόπους
1535 2926 1624 2968 τούς
1642 2929 1723 2963 δαί-

921 2985 1039 3016 μονας
1068 2973 1230 3009 καλοῦσι,
1273 2974 1318 3006 cf.
1361 2973 1510 3018 interpp.
1551 2974 1722 3019 Apollonii

923 3030 958 3054 v.
986 3016 1113 3056 πόποι.
1161 3023 1363 3063 argutantur
1386 3019 1442 3060 Ε,
1475 3019 1556 3054 Sch.
1590 3020 1627 3054 et
1650 3019 1722 3061 alii,
