1811 3269
590 155 1022 197 ΙΛΙΑΔΟΣ
1078 155 1133 195 Η.

207 273 290 313 τοῦ
318 267 363 311 δ’
392 265 491 320 ἤτοι
520 264 644 314 κλέος
673 264 811 316 ἔσται,
845 262 995 307 ὅσοντ’
1028 265 1302 308 ἐπικίδναται
1331 263 1442 335 η’ώς·

207 330 289 369 τοῦ
320 323 366 367 δ’
395 321 698 376 ἐπιλήσονται,
732 319 797 365 ὅτ’
831 320 913 375 ἐγω
945 322 1018 363 καὶ
1054 325 1218 375 Φοῖβος
1242 318 1466 365 Ἀπόλλων

205 383 296 438 ἥρῳ
327 380 602 431 Λαομέδοντι
627 380 899 447 πολίσσαμεν
929 375 1214 447 ἄθλήσαντε.“

290 436 379 478 Τὸν
410 435 456 478 δὲ
485 433 580 490 μέγ’
615 433 809 505 ὀχθήσας
837 434 1040 503 προσέφη
1069 433 1381 494 νεφεληγερέτα
1412 434 1541 489 Ζεύς·

93 498 174 540 455
206 511 240 536 ω
272 490 434 543 πόποι,
462 490 730 545 Ἐννοσίγαι’
762 490 1047 545 εὐρυσθενές,
1079 495 1176 534 οἱον
1209 493 1377 543 ἔειπας]

203 548 335 599 α’λλος
364 549 439 592 κέν
468 565 532 599 τις
561 553 692 591 τοῦτο
721 553 841 591 θεῶν
871 549 1024 591 δείσειε
1054 547 1214 617 νόημα,

201 605 249 656 ὃς
280 607 354 649 σέο
384 606 549 649 πολλὸν
581 604 886 675 ἀφαυρότερος
916 602 1062 675 χεῖράς
1091 620 1134 646 τε
1166 605 1295 658 μένος
1324 620 1390 647 τε·

205 663 286 705 σόν
318 661 362 706 δ’
396 661 492 717 ἤτοι
522 663 645 713 κλέος
676 663 816 712 ἔσται,
853 660 1005 705 ὅσοντ’
1038 661 1308 704 ἐπικίδναται
1336 661 1436 717 ηιός

204 719 326 773 ἄγρει
355 722 465 775 μάν,
495 718 603 762 ὅταν
634 713 736 761 αὖτε
767 717 1128 774 καρηκομόωντες
1157 716 1315 772 Ἀχαιοὶ

88 779 172 823 460
204 778 406 848 οἴχωνται
438 775 516 828 ξύν
534 777 675 845 νηυσι
686 778 837 844 φίλην
866 775 909 826 ές
938 777 1128 828 πατρίδα
1156 780 1302 830 γαῖαν,

204 839 340 890 τεῖχος
372 832 620 886 αναρςῗήξας
650 832 697 876 τὸ
729 833 807 887 μὲν
838 834 898 882 εἰς
930 833 1012 875 ἅλα
1043 836 1133 874 πᾶν
1164 834 1411 886 καταχεῦαι,

201 891 324 940 αὐτις
355 888 399 933 δ’
428 889 558 945 ἠιόνα
590 889 782 946 μεγαλην
810 889 1060 944 ψαμάθοισι
1097 887 1305 938 καλύψαι,

202 945 261 997 ω’ς
291 945 367 989 κέν
397 963 464 989 τοι
493 947 603 1001 μέγα
633 953 771 1002 τεῖχος
801 945 1107 1003 ἀμαλδύνηται
1135 944 1358 1001 Ἀχαιῶν-’ί

250 1038 390 1060 coenam
415 1026 546 1070 excipit
570 1025 681 1059 minax
706 1026 894 1060 tonitribus
919 1038 996 1060 nox.

265 1093 349 1144 Ὼς
382 1095 426 1136 οἱ
454 1094 534 1164 μὲν
565 1097 746 1136 τοιαῦτα
775 1093 886 1146 πρὸς
915 1094 1129 1149 αλλήλους
1160 1091 1390 1148 ἀγόρευον.

86 1153 169 1197 465
200 1148 356 1194 δύσετο
390 1148 432 1194 δ’
464 1149 629 1206 ἠέλιος,
660 1151 875 1194 τετέλεστο
909 1151 954 1194 δὲ
987 1152 1116 1206 ἔργον
1142 1149 1348 1205 Ἀχαιῶν-

199 1207 453 1279 βουφόνεον
483 1207 528 1250 δὲ
558 1225 667 1250 κατα
699 1210 892 1259 κλισίας,
928 1209 1001 1251 καὶ
1032 1211 1204 1262 δόρπον
1236 1206 1398 1249 ἕλοιτο.

199 1269 302 1320 νῆες
334 1265 377 1308 δ’
409 1265 456 1308 ἐκ
486 1264 686 1319 Λήμνοιο
718 1265 999 1318 παρέστασαν
1031 1271 1156 1308 οἰνον
1188 1263 1391 1320 α’γουσαι,

198 1322 378 1370 πολλαὶ,
409 1321 486 1371 τὰς
516 1322 729 1391 προέηκεν
754 1321 991 1393 Ἰησονίδης
1021 1323 1214 1391 Εὔνηος,

198 1378 278 1421 τόν
305 1378 351 1434 ῥ’
383 1376 493 1433 ἔτεχ’
521 1376 738 1448 Τψιπύλη
768 1377 846 1422 ὑπ’

877 1377 1056 1434 Ἰήσονι,
1088 1376 1261 1432 ποιμένι
1294 1379 1434 1420 λαων

84 1439 168 1480 470
197 1435 327 1492 χωρὶς
358 1434 401 1478 δ’
429 1434 665 1491 Ἀτρείδης,
697 1434 984 1492 Ἀγαμέμνονι
1014 1437 1088 1480 καὶ
1120 1422 1350 1491 Μενελάῳ,

27 1540 156 1583 πρῶτα
182 1537 249 1581 μὲν
276 1534 322 1573 οἶν
345 1536 544 1581 αμπελίδος
569 1535 680 1582 ὄρχον
711 1536 840 1574 ελοὶσαι

25 1584 200 1640 μακρόν.)
227 1604 268 1609 -
295 1586 379 1619 τοῦ
407 1583 619 1620 δε-τοῦ
648 1583 712 1627 δὲ,
738 1587 839 1628 hujus

27 1633 126 1674 muri,
147 1644 166 1666 a
185 1631 331 1665 Graecis
347 1631 469 1664 aedifi&
472 1631 533 1671 ati,
559 1636 595 1664 et
612 1633 715 1672 illius,
739 1643 839 1676 quem

27 1690 89 1713 nos
113 1678 190 1711 olim
218 1678 384 1711 duximus.
435 1674 594 1712 ὅσοντ
631 1690 696 1712 uno
731 1679 838 1711 verbo

0 1754 1 1758 ,
28 1729 64 1759 et
86 1725 142 1758 hic
165 1724 366 1777 scripsimus
389 1729 425 1757 et
449 1724 537 1764 455,
568 1723 647 1756 item
675 1723 717 1765 o'‚
743 1726 838 1764 358,

0 1771 86 1805 :ubi
111 1782 144 1805 v.
171 1771 224 1809 H,
251 1768 414 1813 ‹p'‚,251
438 1767 492 1812 ψ’,
520 1771 622 1810 327.,
648 1771 777 1825 Odyss.
798 1769 839 1812 λ’,

27 1818 86 1851 25.
119 1822 156 1850 et
187 1815 284 1850 alias.
333 1815 413 1848 libri
449 1814 540 1851 ὅσον
574 1813 610 1849 τ’
617 1842 624 1849 .
670 1817 721 1850 ita
757 1812 840 1851 ὅστε

28 1862 211 1902 scribitur,
237 1874 302 1896 non
327 1859 370 1902 ὅς
394 1873 451 1902 τε,
486 1874 546 1905 pro
577 1859 629 1900 ὅς.
678 1863 840 1896 remansit

28 1920 81 1942 me
104 1907 210 1941 invito
237 1908 356 1942 menda
370 1921 424 1964 ,7³
452 1910 504 1943 12.
540 1908 760 1964 Aristarchus
781 1910 839 1943 de-

29 1955 132 1988 derat
163 1951 278 1997 ὅσην,
315 1951 378 1998 ἐφ’
405 1951 496 1999 όσην
520 1958 630 1997 γαῖαν
656 1951 679 1998 ἢ
701 1953 839 2000 χώραν,

28 2006 119 2034 teste
144 2000 261 2033 schol.
286 2000 327 2033 A.
361 1999 431 2041 sic,
468 2000 761 2034 animadvertente
796 2001 838 2042 E,

27 2046 158 2080 Herod.
184 2048 225 2087 8,
250 2047 330 2082 232
363 2044 441 2089 ἅμα
479 2044 567 2101 ᾑλιῳ
597 2046 841 2092 σκιδναμένῳ.

28 2111 73 2117 ——
99 2090 166 2126 ὅτ’
195 2090 241 2136 ἐγ
253 2091 486 2148 ὠ-ἄθλή
500 2105 651 2128 σαντε.
688 2105 756 2127 rem
778 2094 838 2126 fu-

27 2150 66 2172 se
89 2144 231 2173 enarrat
261 2136 313 2180 φ’,
337 2138 575 2179 441-457,
607 2139 669 2172 sed
701 2139 769 2180 ita,
801 2144 840 2173 ut

27 2195 66 2218 se
88 2185 199 2230 ipsum
225 2186 344 2218 urbem
368 2190 404 2218 et
427 2197 540 2219 muros
563 2186 693 2229 Trojae
718 2185 839 2218 aedifi-

28 2242 123 2265 casse
148 2231 254 2272 dicat,
279 2231 471 2275 Apollinem
497 2236 608 2265 autem
629 2232 840 2266 Laomedon-

28 2276 73 2310 tis
108 2278 215 2311 boves
251 2278 286 2310 in
321 2277 405 2311 Idae
441 2278 654 2312 convallibus
689 2279 839 2322 pavisse.

27 2323 185 2368 Hyginus
220 2323 357 2368 quidem
392 2324 462 2359 fab.
489 2326 566 2360 89.:
594 2325 774 2368 Neptunus
806 2329 838 2358 et

27 2370 147 2413 Apollo
180 2370 340 2403 dicuntur
373 2371 512 2412 Trojam
551 2382 647 2404 muro
682 2371 838 2411 eluxisse,

27 2426 90 2448 nec
114 2416 215 2449 aliter
241 2416 396 2460 Apollod.
422 2418 465 2457 2,
490 2418 532 2457 5,
558 2417 615 2456 9.,
642 2429 715 2450 cum
735 2417 837 2457 hunc,

27 2460 93 2495 nisi
116 2462 238 2503 fallor,
273 2462 381 2496 locum
414 2463 557 2497 Homeri
591 2463 700 2506 magis
734 2473 837 2506 quam

28 2507 168 2541 alterum
195 2509 392 2553 probarent,
417 2509 452 2542 in
469 2521 535 2553 quo
553 2510 629 2543 loco
649 2510 740 2541 sorte
755 2520 836 2541 con-

27 2553 107 2588 fusa
131 2565 206 2588 esse
237 2554 399 2589 videntur
428 2556 564 2588 nomina
594 2554 837 2588 Laomedontis

29 2603 63 2633 et
93 2599 248 2640 Admeti,
285 2601 380 2644 cujus
413 2601 593 2635 bubulcum
631 2601 738 2634 fuisse
773 2600 837 2633 ali-

29 2645 162 2688 quando
187 2646 395 2691 Apollinem,
427 2652 563 2681 veteres
588 2658 703 2681 omnes
727 2645 836 2679 tradi—

29 2690 664 2747 ἀει-11111.-8ο11.πολίσσαμεν.
692 2691 838 2735 τὴνπό-

28 2738 84 2770 λιν
110 2735 341 2782 ετειχίσαμεν.
367 2740 488 2793 (semel
514 2740 652 2775 dictum.
675 2739 834 2786 Xenoph.

27 2782 136 2816 Anab-
161 2785 201 2824 6,
226 2786 267 2826 6,
292 2784 344 2819 4-1
377 2783 596 2828 ἀκούοντες,
633 2783 692 2820 ὅτι
725 2787 834 2826 ουτος

27 2830 173 2870 πολίζοι
197 2827 238 2864 τὸ
264 2833 426 2884 χωρίον.)
475 2832 578 2868 ἀθλ.
608 2831 833 2877 κακοπαθή-

28 2885 177 2917 σαντες,
201 2876 462 2919 κοπιάσαντες,
489 2880 637 2918 δυικαῖς.

71 2920 151 2957 455.
198 2921 247 2955 ita
275 2924 297 2957 3
323 2924 490 2959 Vindobb.
524 2925 583 2959 alii
611 2925 731 2958 codd..

25 2979 99 3007 πες.
133 2968 177 3003 cf.
204 2966 249 3011 α’,
276 2971 353 3004 106.
374 2975 439 3006 etc.
463 2991 505 2997 —-
531 2972 600 3005 Sch
624 2984 632 3004 :
657 2968 830 3005 Ἐννοσ.

26 3016 132 3049 σείων
155 3014 217 3051 καὶ
241 3016 353 3050 κινῶν
374 3015 442 3062 τήν
465 3019 544 3063 γῆν.
573 3017 731 3062 (solenne
756 3015 832 3062 epi-

765 2922 832 2958 581.-

885 1540 1006 1574 theton
1031 1539 1209 1583 Neptuni,
1234 1538 1292 1583 qui
1317 1541 1443 1570 terram
1470 1536 1562 1569 solus
1586 1547 1702 1569 move-

885 1597 924 1618 re
950 1586 1167 1620 credebatur.
1208 1598 1242 1619 v.
1270 1585 1368 1618 Voss.
1395 1582 1518 1616 'lheol.
1545 1587 1640 1627 gent.
1665 1584 1701 1624 2,

885 1633 942 1667 77.

931 1687 1146 1723 456—463.
1186 1686 1375 1720 δείσειε.
1402 1685 1604 1731 φοβηθείη.
1630 1685 1701 1728 (fu-

885 1743 986 1779 geret
1010 1735 1044 1767 id
1066 1733 1265 1776 cogitatum,
1289 1731 1440 1764 homines
1457 1731 1598 1773 deprum
1621 1743 1702 1776 pos-

885 1792 922 1814 se
962 1780 1145 1825 aliquando
1183 1778 1364 1818 oblivisci3
1407 1777 1600 1811 abstineret
1639 1777 1699 1812 illo

885 1828 1012 1868 verbo,
1046 1832 1207 1870 tanquam
1239 1825 1326 1858 male
1359 1824 1520 1857 ominato.
1558 1843 1604 1848 —
1647 1819 1701 1858 o}-

886 1886 1029 1916 φαυρ.
1056 1871 1294 1912 φαυλότερος.
1312 1871 1412 1913 235.)
1438 1866 1571 1914 ἄγρει
1596 1869 1700 1914 μάν.

886 1918 943 1962 (ε’,
970 1915 1159 1962 765.)αγε
1195 1916 1254 1962 δή.
1295 1918 1612 1971 (καταχεῦαι,
1648 1920 1700 1959 ef·-

879 1967 1005 2008 funde,
1025 1965 1166 2007 dejice.)
1200 1943 1366 2005 ἅμαλδ.
1395 1960 1633 2019 ἀφανίζηται.
1635 1965 1701 2031 q(a

885 2011 1002 2055 μαλὸς
1035 2011 1108 2044 sive
1143 2008 1304 2052 ἄμαλός,
1342 2006 1502 2049 ἁπαλός·
1537 2030 1583 2035 ——-
1607 2008 1701 2045 ὅθεν

883 2072 945 2093 και
964 2056 1123 2112 μαλερὸν
1139 2054 1182 2092 τό
1204 2055 1244 2092 εἰ
1234 2054 1424 2099 ’φθαρτον
1442 2055 1497 2091 δι’
1513 2053 1701 2101 απαλότη-

883 2119 948 2144 τα,
975 2111 1015 2138 ut
1039 2105 1089 2138 ait
1117 2104 1156 2136 Ε.
1191 2104 1235 2137 c.f
1262 2103 1328 2146 H)
1354 2104 1435 2136 Sch.

931 2163 1011 2197 467.
1055 2162 1157 2195 etiam
1184 2172 1202 2193 e
1220 2160 1375 2194 Thracia
1397 2159 1551 2204 quotidie
1570 2159 1701 2194 Graeci

886 2209 998 2242 vinum
1032 2208 1214 2241 advexisse
1248 2207 1407 2240 dicuntur
1439 2205 1474 2248 ι’,
1499 2208 1577 2246 7Ξ.;
1612 2218 1700 2251 quae

886 2256 981 2299 regio
1004 2255 1074 2288 vini
1095 2255 1186 2287 cultu
1204 2253 1345 2291 floruit;
1371 2265 1437 2286 non
1454 2252 1534 2286 item
1553 2254 1699 2286 Lemnus

884 2302 969 2335 insu
965 2303 1016 2342 ¹,a
1041 2306 1135 2334 certe
1160 2312 1245 2334 aevo
1271 2299 1412 2332 seriore
1459 2311 1559 2343 quam
1585 2299 1700 2332 adin-

884 2349 988 2382 sulam
1015 2347 1189 2392 appulisse
1215 2348 1452 2390 Argonautas,
1476 2357 1572 2378 nemo
1596 2345 1698 2389 igno-

885 2373 1456 2437 rat.v.Apollod.1⁵‚9‚17.,
1482 2398 1517 2424 et
1541 2391 1584 2424 de
1609 2391 1698 2426 vinis

883 2440 1021 2483 graeris
1057 2439 1212 2472 Peiizon.
1251 2416 1294 2471 ad
1333 2416 1461 2471 Aelian'
1489 2438 1530 2470 V.
1570 2438 1613 2470 H.
1643 2440 1697 2479 12,

883 2488 964 2527 31.‚
1005 2487 1098 2519 Hase
1135 2486 1267 2530 griech.
1303 2484 1631 2518 Allcrthumslcundc
1662 2486 1693 2518 1.

884 2545 917 2578 p.
945 2530 999 2566 14.
1027 2543 1142 2577 sequ.,
1167 2537 1234 2566 etc.

929 2600 1008 2636 470
1035 2612 1129 2645 sequ
1178 2599 1318 2634 seorsim
1339 2598 1470 2632 Atridis
1493 2598 1694 2643 generosius

883 2647 998 2680 vinum
1023 2647 1115 2680 misit
1136 2657 1197 2679 rex
1218 2646 1370 2685 Euneus‚
1397 2656 1495 2689 quem
1519 2645 1620 2678 etiam
1637 2643 1678 2685 ψ’
1682 2670 1693 2686 ,

883 2692 964 2728 747.
991 2704 1187 2727 commemor
1187 2697 1241 2726 at.
1266 2711 1311 2716 —
1336 2691 1438 2725 Sch.:
1463 2689 1597 2735 μέθυ.
1632 2689 1692 2725 οἶ-

882 2752 962 2774 νον.
1003 2740 1207 2784 (antiquum
1241 2749 1361 2770 nomen
1386 2737 1475 2778 vini,
1508 2737 1691 2771 secundum

879 2786 1030 2819 Suidam.
1065 2797 1096 2818 v.
1121 2785 1224 2817 Schn.
1246 2784 1280 2816 h.
1301 2782 1352 2826 v.)
1385 2785 1510 2840 χίλια
1534 2782 1690 2826 μέτρα.

878 2830 963 2876 ἤτοι
988 2832 1094 2866 οἴνου
1116 2832 1214 2874 χίλια
1235 2828 1402 2873 κεράμια,
1427 2827 1448 2873 ἢ
1468 2832 1608 2873 χιλίους
1627 2841 1689 2874 χο-

879 2878 952 2918 έας.
978 2879 1119 2922 (vocab
1145 2875 1279 2920 μέτρον
1301 2887 1320 2909 a
1337 2877 1452 2919 μείρω
1473 2876 1602 2909 ducunt
1612 2875 1689 2909 Ari-

877 2925 986 2958 stides
1006 2924 1094 2957 libro
1112 2922 1155 2956 de
1174 2923 1319 2963 Musica,
1345 2933 1376 2966 p
1396 2923 1472 2956 193.
1499 2921 1689 2965 Hephaest.

878 2970 1054 3005 Gaisford.
1069 2995 1078 3010 ‚
1106 2974 1140 3002 et.
1159 2968 1274 3002 schol.
1299 2967 1568 3012 Hephaestionis
1584 2979 1615 3011 p.
1630 2968 1686 3002 76.

877 3016 932 3051 ed.
957 3017 1126 3058 Turneb.,
1151 3027 1169 3049 a
1193 3013 1268 3059 μέω
1291 3018 1404 3048 autem
1425 3012 1542 3048 Valck.
1564 3014 1688 3047 11101)-
