1811 3269
582 168 1022 209 ΙΛΙΑΔΟΣ
1093 169 1127 208 Ι.

1628 173 1685 212 33

187 265 344 324 αὖτῆσι
375 268 515 322 ῥίζῃσι
544 266 618 308 καὶ
650 265 799 316 αὐτοῖς
830 264 985 309 ἄνθεσι
1014 266 1174 322 μήλων.

185 325 264 367 τόν
295 323 337 366 6'
368 323 467 393 υἱός
503 325 664 377 Οἰνηος
694 322 943 366 ἀπέκτεινεν
974 324 1245 394 ΝΙελέανρος,

187 381 383 423 πολλέων
414 381 460 422 ἐκ
489 382 657 422 πολίων
684 378 937 451 θηρήτορας
967 378 1133 432 ἄνδρας
1163 379 1340 436 ἀγείρας

74 440 156 482 545
186 437 258 479 καὶ
288 435 533 487 κύνας·οὐ
564 437 643 490 μὲν
672 436 754 492 γάρ
786 434 830 479 κ’
859 435 994 490 ἐδαμη
1025 437 1235 489 παύροισι
1264 439 1509 492 βροτοῖσιν·

185 493 341 543 τόσσος
372 493 468 563 ἔην,
500 477 691 544 πολλοὺς
722 493 767 537 δὲ
796 497 939 548 πυρῆς
972 492 1148 561 ἐπέβηιῗ
1182 493 1414 565 ἀλεγεινῆς.

153 549 214 604 *η
247 548 294 592 δ’
326 547 439 619 ἀμφ’
474 549 593 605 αὐτῳ
622 554 730 605 θῆκε
761 549 903 593 πολὺν
934 549 1119 592 κέλαδον
1149 551 1222 592 καὶ
1253 550 1406 606 ἀϋτὴν,

186 606 297 660 ἀμφὶ
329 606 434 655 συὸς
462 611 632 662 κεφαλή
661 607 731 649 καὶ
764 607 943 661 δέρματι
972 605 1212 661 λαχνήεντι

185 662 431 717 Κουρήτων
459 680 503 704 τε
533 663 696 718 μεσηγύ
728 664 801 705 καὶ
831 664 1040 706 Αἰτωλων
1068 663 1350 717 μεγαθύμων.

75 724 156 766 550
188 719 307 788 ὄφρα
339 720 417 774 μὲν
448 722 530 762 οὐν
558 720 811 774 ΙἉελεάνρος
840 719 1073 777 ἀρηΐφιλος
1103 719 1344 772 πολέμιζετ,

184 776 328 830 τόφρα
359 776 405 819 δὲ
437 775 706 831 Κουρήτεσσι
736 781 880 827 κακῶς
908 778 983 832 ἠν
1021 773 1120 819 0v'6'
1151 775 1365 818 ἐδύναντο

184 836 343 886 τείχεος
373 832 581 875 ἐκτοσθεν
609 836 801 888 μίμνειν,
833 834 980 884 πολέες
1010 849 1088 886 περ
1119 832 1277 882 ἐόντες.

185 890 282 931 αλλ’
315 890 385 933 ὅτε
417 891 469 945 δή
503 891 760 945 Ἠελὲαγρον
791 891 866 933 ἔδυ
892 889 1045 945 χόλος,
1077 888 1174 932 όστε
1204 890 1276 932 καὶ
1309 887 1452 931 ἄλλων

188 946 354 1016 οἰδάνει
384 963 430 988 εν
461 946 667 1002 στήθεσσι
697 946 806 989 νόον
837 946 955 989 πύκα
984 963 1064 999 περ
1097 946 1393 1000 φρονεόντων,

75 1007 155 1049 555
185 1005 283 1058 ήτοι
314 1003 336 1046 ὁ
370 1004 498 1071 μητρὶ
529 1005 634 1059 φίλῃ
663 1003 838 1060 Ἀλθαίη
868 1003 1090 1058 χωόμενος
1120 1006 1203 1071 κῆρ

187 1065 301 1102 κεῖτο
333 1058 454 1111 παρὰ
483 1064 651 1127 μνηστῃ
681 1048 848 1116 αλόχῳ,
880 1065 994 1116 καλῃ
1029 1058 1297 1114 Κλεοπάτρῃ,

185 1115 324 1172 κούρῃ
356 1115 624 1172 Μαρπήσης,
657 1116 963 1172 καλλισφύρου
995 1115 1231 1172 Εὐηνίνης,

15 1287 209 1332 Aeschylus
247 1289 359 1323 Prom.
388 1291 466 1325 661.
499 1289 604 1323 dixit·
651 1291 720 1334 γῆν
753 1290 825 1335 πρὸ

16 1336 83 1378 γῆς
107 1333 331 1377 ἐλαννομαι,
366 1347 384 1368 e
413 1341 507 1369 terra
533 1338 567 1369 in
591 1342 722 1370 terram
743 1349 826 1381 pro-

14 1383 135 1436 pellor.
184 1380 261 1413 hinc
285 1376 388 1415 Seu:
424 1381 625 1426 ἐπάλληλα,
652 1389 686 1416 et
715 1386 775 1428 Ap
803 1383 825 1417 l.

16 1428 59 1460 l.:
94 1423 184 1460 ἄλλα
210 1425 269 1461 εντ’
297 1425 417 1468 ἄλλοις
441 1427 670 1463 πεπτωκότα
696 1449 738 1453 —
765 1430 827 1464 καὶ

17 1469 225 1516 ότανλέγει
260 1473 408 1514 σάκος
441 1474 560 1509 θέτο
598 1476 824 1517 τετραθέ-

15 1522 212 1561 λυμνον,
248 1518 329 1555 ἀντὶ
361 1521 431 1555 τοῦ
460 1520 721 1565 τετράπτυχον.
754 1522 825 1565 -)

17 1564 194 1600 ἄνθεσι
220 1567 390 1620 μήλων.
423 1571 502 1607 τοῖς
526 1572 693 1611 καρποῖς.
720 1568 829 1610 (mira

15 1612 278 1657 interpretatio,
312 1625 401 1657 quae
434 1619 547 1647 tamen
581 1615 711 1658 piacuit
734 1615 830 1658 Κὸρ-

16 1658 116 1703 penio
152 1664 337 1703 propterea
371 1660 461 1703 quod
497 1661 633 1693 venatio
658 1661 733 1705 apii
761 1661 829 1693 Ca—

15 1704 143 1750 lydonii
177 1706 271 1738 facta
304 1710 356 1738 est
387 1711 566 1740 auctumno
603 1712 681 1751 post
708 1706 828 1738 vinde-

15 1751 136 1791 miam,
171 1762 238 1796 quo
271 1757 424 1795 tempore
459 1753 601 1785 arbores
626 1764 690 1785 non
715 1752 828 1786 solent

15 1797 154 1831 florere.
213 1801 249 1830 at.
281 1803 361 1830 sunt
393 1797 526 1831 biferae
556 1799 715 1839 arbores,
749 1803 828 1831 sunt

17 1843 172 1877 triferae.
229 1843 360 1876 Plinius
385 1844 431 1876 H.
458 1844 502 1877 N.
532 1846 599 1884 16,
627 1846 702 1879 22:
741 1845 828 1886 bife-

15 1901 78 1923 rae
107 1894 141 1922 et
164 1889 200 1922 in
224 1890 327 1922 malis
352 1901 392 1921 ac
416 1891 502 1932 piris
527 1892 718 1932 quaedam.
741 1891 828 1923 sicut

18 1941 52 1969 et
92 1946 283 1977 praecoces.
353 1936 466 1968 malus
500 1936 666 1970 silvestris
702 1938 827 1978 bzfcra.

18 1982 132 2025 [quam
166 1981 221 2014 hic
259 1980 326 2014 dici
359 1986 620 2015 cousentaneum
649 1984 738 2026 est.]
774 1994 827 2015 se-

15 2038 120 2071 quens
155 2029 226 2070 ejus
258 2030 398 2070 fructus
430 2033 507 2071 post
544 2032 746 2069 Arcturum,
792 2029 827 2061 ἱη

17 2074 145 2117 apricis
166 2075 324 2106 mua-ime.
373 2075 461 2108 vites
489 2075 626 2117 quidem
660 2081 691 2108 et
726 2075 827 2117 trife-

15 2131 78 2153 rae
111 2124 208 2160 sunt,
251 2131 338 2164 quas
372 2121 411 2152 ob
445 2121 482 2153 id
512 2121 655 2154 insanas
690 2126 827 2160 vocant,

14 2167 175 2210 quoniam
209 2167 245 2198 in
280 2167 322 2198 iis
354 2168 427 2199 alia
462 2172 720 2208 maturescunt,
756 2169 829 2200 ulia

21 2217 242 2257 turgescunt,
276 2213 350 2245 alia
378 2214 518 2255 florent.
576 2219 726 2247 ceterum
761 2215 827 2257 Ap.

15 2260 115 2302 μῆλα
141 2257 280 2314 quosvis
305 2259 462 2292 arborum
489 2260 621 2292 fructus
654 2259 827 2302 interpre-

16 2309 133 2338 tatur:
158 2303 290 2339 ἄνθεσι
307 2303 447 2362 μήλων.
471 2303 544 2339 απὸ
563 2318 606 2348 με
603 2306 710 2348 ’,ρους
733 2304 827 2340 ἄπο-

17 2349 161 2393 δρύων·
187 2364 270 2385 και
294 2364 528 2390 αυτοιςα
548 2365 586 2393 μ.
623 2353 740 2386 Voss.·
762 2354 829 2385 viel

17 2398 261 2442 hochmgemle
296 2398 419 2431 baiime
459 2399 564 2431 hinab
605 2401 712 2441 warfs
745 2399 830 2432 iiber

19 2444 183 2477 einander
218 2446 317 2477 Samt
352 2445 416 2477 den
456 2446 606 2477 wurzeln
645 2457 708 2477 zur
743 2445 828 2486 erd’,

17 2491 90 2524 *und
114 2495 205 2524 samt
223 2490 290 2523 den
307 2491 423 2524 blaten
445 2491 504 2524 des
521 2491 661 2534 obstes.)
686 2492 769 2524 Sch.

31 2571 278 2609 546-556-
326 2575 482 2616 πυρῆς
505 2571 707 2620 ἔπε’βησ’.
746 2569 827 2608 οἷντὶ

18 2631 85 2652 τον
110 2617 227 2673 πυρὸς
252 2620 412 2676 (πυρᾶς)
436 2619 532 2676 ἐπεβι
531 2621 661 2665 ’,βασεν
686 2619 732 2655 ἀι
737 2624 830 2655 εἶλεν

11 2662 169 2704 αὐτούς.
202 2666 284 2722 S‚ch.
321 2664 369 2710 (ἢ
395 2665 446 2701 6.
470 2663 570 2709 ”εΑρτ
574 2668 664 2709 μις.)
711 2664 830 2710 ἀμφ’

21 2709 160 2757 αὐτῷ.
204 2709 285 2746 ἀντὶ
328 2714 397 2748 τοῦ
430 2711 490 2748 ἐπὶ
528 2714 579 2769 τῷ
613 2715 728 2757 νεκρῷ
762 2715 831 2748 τοῦ

20 2746 133 2798 συὸς,
165 2754 214 2798 ὥς
241 2758 303 2792 καὶ
338 2759 376 2794 ἐν
407 2761 456 2805 τῷ
490 2757 673 2799 αὐτους
704 2757 753 2794 δὲ
785 2759 830 2794 ἓ-

20 2801 168 2844 λώρια
209 2805 344 2853 τεῦχε
383 2806 614 2841 κύνεσσιν
659 2804 734 2849 (α’,
768 2806 827 2850 4.)

22 2846 214 2889 αὕτούς
249 2854 327 2885 εἰπε
360 2865 450 2893 τους
484 2853 558 2887 τῶν
598 2847 730 2895 ἡρώων
771 2864 828 2887 νε·-

20 2894 145 2938 κρούς.
170 2895 383 2940 (explicatur
417 2899 483 2932 hoc
514 2902 679 2956 sequente
711 2909 827 2940 versu,

9 2942 80 2987 qui
105 2947 292 2986 propterea
316 2944 492 2987 subjectus
520 2950 575 2979 est
608 2942 828 2985 ἄσυνδέτως

67 2998 210 3032 Homzn.
236 2998 280 3031 11.

873 1307 919 1313 --
951 1288 1062 1322 malim
1097 1287 1326 1322 alacrioribus
1360 1286 1509 1321 numeris
1543 1286 1686 1333 ἔθηκε.)

874 1335 919 1368 Ε.
955 1346 1087 1368 rursum
1112 1335 1216 1369 Sch.·
1253 1331 1374 1378 α’μφὶ
1397 1354 1443 1358 -
1468 1333 1685 1378 δέρματι.

874 1380 924 1420 ὡς
948 1394 980 1415 κ.
1005 1381 1073 1425 τῆς
1102 1382 1264 1425 κεφαλῆς
1297 1381 1350 1425 τῷ
1383 1380 1538 1437 δέρματι
1570 1393 1685 1423 προσ-

873 1427 1059 1470 εχομένης.
1108 1429 1227 1461 ταῦτα
1252 1425 1292 1461 δε
1312 1426 1494 1462 συνέκειτο
1520 1428 1686 1472 δοθῆναι

872 1473 1038 1515 ἀριστεῖα
1069 1475 1121 1520 τῷ
1137 1473 1308 1530 πρώτως
1340 1471 1490 1518 βαλόντι
1514 1473 1580 1508 τόν
1604 1487 1684 1510 συν.

873 1517 995 1574 λαβών
1024 1518 1063 1554 δε
1095 1519 1194 1554 αὐτοὶ
1226 1515 1245 1554 ὃ
1280 1523 1373 1555 Μελ.
1403 1518 1612 1564 ἐδωρήσατο
1631 1520 1683 1556 'A-

874 1565 1034 1612 ταλάντῃ
1068 1568 1112 1613 τῇ
1141 1563 1285 1618 ’[οἱσου,
1317 1565 1461 1609 Ἀρκαδι
1494 1566 1536 1601 τό
1569 1568 1684 1612 γένος.

875 1615 1081 1657 λοχίσαντες
1117 1611 1156 1647 δε
1191 1611 1311 1656 αυτὴν
1344 1614 1379 1647 οἱ
1417 1612 1582 1657 μήτρωες
1614 1617 1685 1650 τοῦ

875 1659 1092 1703 ΖὶἸελεοέγρου
1117 1658 1315 1703 ἀφείλοντο
1340 1659 1382 1694 τὸ
1409 1661 1516 1704 γέρας
1534 1662 1598 1705 τῆς
1621 1660 1684 1696 κό-

875 1719 952 1750 ρης
1006 1706 1133 1743 (malim
1157 1719 1202 1751 τῃ
1227 1704 1329 1761 κόρη,
1354 1712 1392 1739 ut
1416 1707 1572 1750 Apollod.
1601 1711 1630 1748 1,
1650 1708 1684 1750 8,

875 1754 927 1794 2.)
953 1749 1016 1806 ἐφ’
1044 1750 1072 1799 ᾦ
1094 1750 1280 1795 ὀργισθεὶς
1304 1749 1323 1787 ὁ
1350 1755 1441 1787 Mea.
1467 1734 1684 1810 διεχρήσατό

875 1797 1026 1837 αυτούς.
1075 1801 1285 1855 λυπηθεῖσα
1317 1797 1358 1832 δε
1388 1798 1448 1834 ἐπὶ
1474 1804 1554 1840 τοῖς
1580 1798 1686 1836 οἷδελ-

876 1849 964 1889 φοῖς
989 1843 1012 1889 ἡ
1036 1840 1208 1886 Αλθαια,
1233 1842 1255 1890 ἦ
1281 1847 1350 1880 τοῦ
1371 1847 1590 1901 Μελεάγρου
1614 1846 1685 1892 μή·

874 1905 960 1936 τηρ,
993 1891 1189 1935 κατέφλεξε
1218 1893 1284 1926 τόν
1308 1889 1382 1926 ὑπὸ
1408 1895 1566 1937 ,Μοιρῶν
1590 1893 1687 1939 αὐτῇ

875 1936 1039 1972 δοθέντα
1072 1939 1209 1979 δαλόν,
1248 1935 1339 1974 ὄντα
1376 1940 1589 1974 συνεκτικὸν
1621 1942 1687 1986 τῆς

874 1983 1094 2041 ,ζῑῙελεάγρου
1119 1986 1233 2026 ζωῆς,
1270 1985 1296 2029 ᾠ
1332 1987 1594 2031 συνδιεφθάρη
1622 1988 1685 2022 καὶ

874 2034 1012 2066 oMsz.
1039 2030 1166 2073 (hinc'
1157 2043 1204 2074 1g¹
1197 2032 1267 2064 ‘tur
1295 2039 1448 2066 exonum
1474 2033 1594 2067 bellum
1621 2039 1686 2074 est,

875 2077 1060 2111 Curetibus
1085 2078 1223 2110 caedem
1247 2077 1386 2110 Thestii
1419 2079 1566 2113 filiorum
1600 2080 1686 2114 ulci-

876 2124 1061 2157 scentibus.
1111 2124 1201 2166 quod
1239 2124 1361 2157 bellum
1399 2125 1482 2158 male
1506 2131 1686 2170 gesserunt

877 2170 1041 2209 Curetes,
1069 2169 1178 2202 donec
1201 2170 1308 2203 iratus
1333 2170 1416 2204 Mel.
1443 2171 1485 2204 ob
1511 2172 1604 2205 diras
1628 2172 1686 2206 Al-

874 2217 999 2249 thaeae
1024 2213 1066 2248 ab
1092 2215 1194 2248 armis
1218 2217 1381 2255 recessit,
1415 2228 1522 2261 seque
1553 2219 1685 2252 domum

876 2262 1021 2295 abdidit.
1069 2266 1140 2294 tum
1166 2262 1216 2294 ini
1239 2262 1448 2304 Calydonem
1472 2265 1600 2305 urbem,
1626 2276 1686 2298 cu-

872 2309 927 2352 jus
953 2308 1044 2351 apud
1071 2319 1187 2340 muros
1211 2314 1311 2341 antea
1331 2309 1520 2343 consistere
1536 2323 1601 2344 non
1624 2322 1687 2355 po-

875 2359 1036 2394 tuerant,
1061 2353 1173 2387 acrius
1199 2366 1400 2399 oppugnare
1425 2363 1625 2409 coeperunt.
1643 2376 1685 2382 -

876 2400 958 2435 ε’δυ
984 2379 1136 2444 χόλος.
1162 2401 1274 2453 231.)
1323 2400 1531 2437 οἰδάνει.
1567 2402 1685 2446 (647.)

877 2448 1056 2488 οιδαι’,νει
1081 2448 1132 2485 εἰς
1156 2443 1257 2487 ν’ψος
1281 2448 1456 2491 αἴρεσθαι
1481 2453 1599 2491 ποιεῖ,
1625 2448 1687 2491 ε’μ-

873 2496 1039 2536 πίπρησι.
1076 2493 1230 2536 (Horat.
1266 2494 1402 2533 Od.1‚
1433 2496 1496 2535 13,
1532 2494 1586 2530 4.
1619 2497 1687 2529 bile

874 2546 983 2574 tumet
1003 2541 1116 2583 jecur.
1153 2540 1182 2572 E
1209 2541 1252 2573 K.
1264 2540 1281 2583 )
1347 2540 1473 2575 πύκα
1511 2540 1577 2585 (ε’,
1602 2543 1686 2585 70.)

877 2601 949 2631 φρ.
987 2583 1304 2628 σωφρονούντων,
1336 2598 1508 2622 συνετων.
1544 2567 1687 2631 (Achil-

878 2634 941 2667 lem
975 2633 1124 2676 tangit.)
1183 2636 1324 2668 κεῖτο.
1367 2632 1441 2680 (β,
1467 2634 1546 2668 688.
1575 2638 1611 2667 et
1636 2634 1685 2667 ibi

876 2680 975 2723 ann.)
1002 2677 1116 2723 ἀργός
1140 2678 1300 2714 διετελει.

921 2761 1001 2796 557.
1050 2757 1262 2814 Μαρπήσης
1286 2759 1445 2799 TownL,
1479 2771 1567 2804 quae
1598 2758 1686 2793 scri-

877 2812 979 2851 ptura
1003 2806 1179 2861 antiquior
1203 2810 1254 2839 est
1270 2806 1392 2839 Veneti
1414 2813 1449 2840 et.
1467 2806 1608 2840 aliorum
1627 2817 1685 2838 co-

876 2852 987 2886 dicum
1009 2849 1253 2896 ιὙῙαρπήσσης.
1311 2852 1421 2885 minus
1454 2852 1555 2885 etiam
1590 2856 1686 2884 recte

877 2898 954 2932 olim
979 2898 1084 2933 editi:
1121 2899 1356 2942 Μαρπίσσης.
1404 2898 1504 2931 Sch.:

876 2956 954 2988 νης.
1001 2945 1068 2989 τῆς
1092 2943 1246 2989 Εὐήνου
1270 2943 1478 2989 θυγατρός.

1542 2894 1685 2941 Εὐηνί-

1522 2941 1685 2989 Εὔηνος,
