1811 3269
86 167 169 206 172

721 161 1129 202 ΟΜΗΡΟΥ

255 273 398 329 εὑρών
429 272 456 328 ἢ
488 273 652 340 ἔλαφον
681 270 844 327 κεραὸν
876 270 904 328 ἢ
935 271 1093 327 α’γριον
1123 270 1224 327 αἶγα

171 335 225 377 25
255 331 470 375 πεινάων·
502 328 618 384 μάλα
652 328 736 383 γάρ
767 345 812 372 τε
844 331 1085 378 κατεσθίει,
1119 331 1238 382 εἴπερ
1271 327 1324 371 ἄν
1357 327 1495 372 αὐτὸν

256 388 470 432 σεύωνται
499 386 644 441 ταχέες
671 401 715 428 τε
745 383 895 437 κύνες,
926 387 1109 439 θαλεροί
1137 384 1182 428 τ’
1217 388 1378 441 αἰζηοί·

257 445 317 496 ὡς
347 442 477 498 ἐχάρη
507 444 759 494 Μενέλαος,
785 440 1071 513 Ἀλέξανδρον
1104 444 1303 485 θεοειδέα

258 501 561 570 ὀφθαλμοῖσιν
590 498 722 542 ἰδών·
751 498 867 566 φάτο
897 516 982 553 γαρ
1013 500 1210 542 τίσεσθαι
1240 498 1431 555 ἀλείτην·

258 556 415 601 αὐτίκα
446 554 489 599 δ’
525 556 567 608 ἐξ
597 554 734 617 ὀχέων
765 555 845 607 ξύν
875 554 1070 609 τεύχεσιν
1101 550 1204 598 ἆλτο
1235 559 1407 610 χαμᾶζε

172 620 228 660 30
255 687 303 714 ἓν
332 669 597 724 προμάχοισι
626 669 844 724 φανέντα,

349 612 440 655 Τόν
471 609 514 656 δ’
548 611 607 663 ὡς
638 618 719 655 οὐν
749 612 926 668 ἐνόησεν
954 611 1234 664 Ἀλέξανδρος
1262 612 1465 669 θεοειδης

875 667 1118 737 κατεπλήγη
1148 670 1282 738 φίλον
1311 670 1436 723 ἡτορ,

259 727 320 780 ἂψ
352 725 396 770 6’
428 725 597 782 ετάρων
628 728 688 777 εἰς
722 726 853 776 ἔθνος
884 724 1077 781 ἐχάζετο,
1107 722 1210 782 κῆρ’
1243 723 1461 768 ἀλεείνων.

84 868 120 906 7,
146 866 225 902 649.
250 866 360 900 dixit:
389 866 531 905 Lausus,
556 877 620 909 quo
640 865 791 909 pulcrior
810 864 899 897 alter

84 913 168 946 Non
185 914 259 956 fuit
289 918 426 956 excepto
447 913 631 944 Laurentis
650 922 786 954 corpore
811 911 900 943 Tur—

83 959 143 1000 τιί,
174 959 208 993 h.
233 971 263 994 e.
300 959 471 992 Laurente
496 958 626 990 Turno.
659 968 694 990 v.
719 956 897 999 Livinejus

84 1004 129 1038 ad
154 1004 317 1049 Propert.
343 1006 377 1044 2,
401 1006 458 1044 26,
484 1005 553 1041 57..
581 1003 710 1036 Muret.
732 1004 777 1035 V.
796 1003 838 1035 L.
862 1004 896 1042 3,

83 1051 118 1085 4.
144 1056 307 1091 ceterum,
333 1055 520 1083 annotante
532 1049 668 1089 Eichh„
695 1049 793 1082 Maro
812 1050 898 1080 Aen.

84 1100 142 1137 10,
167 1098 268 1132 723.;
304 1097 471 1139 impastus
495 1096 634 1128 stabula
659 1095 735 1127 alta
761 1096 810 1127 leo
836 1106 897 1127 ceu

83 1154 189 1186 saepe
220 1153 418 1186 peragrans
455 1142 606 1185 (Suadet
643 1142 730 1173 enim
765 1152 896 1173 vesana

76 1189 234 1232 fames),
271 1189 301 1221 si
318 1191 412 1230 forte
436 1190 599 1231 fugacem
629 1188 809 1230 Conspexit
835 1198 895 1219 ca-

77 1246 202 1280 pream
229 1239 291 1268 aut
315 1239 515 1278 surgentem
540 1235 583 1266 in
584 1242 723 1266 cornua
748 1244 895 1273 cervum,

86 1282 226 1315 Gaudet
250 1281 352 1313 hians
374 1260 442 1313 etc.
468 1279 526 1324 qui
545 1279 651 1312 noluit
669 1280 817 1311 fortasse
837 1290 895 1310 ca-

81 1327 190 1360 daver
214 1332 343 1360 tactum
369 1325 438 1359 dici
463 1338 483 1358 a
507 1326 621 1358 leone.
652 1336 671 1357 a
693 1337 758 1368 quo
782 1330 896 1357 tamen

81 1384 149 1407 non
176 1372 352 1406 abstinere
389 1372 582 1404 famelicum
617 1370 806 1403 docuerunt
832 1382 895 1402 na-

79 1425 182 1452 turae
207 1418 426 1451 animantium
452 1417 567 1461 periti.
593 1417 638 1449 cf.
653 1417 696 1450 H
712 1422 896 1473 praeterea

80 1476 148 1499 non
183 1465 269 1497 male
305 1464 355 1496 Ε.
397 1462 528 1498 λέοντα
565 1462 660 1498 {oms
694 1463 807 1506 λέγειν
839 1460 894 1496 ἐν·

80 1513 204 1554 τυχεῖν
229 1511 430 1565 (perperam
454 1510 552 1544 libri:
580 1508 761 1554 εὐτυχεῖν)
791 1520 895 1543 τετο-

79 1556 243 1602 ξευμένῳ
284 1555 362 1602 ζῴῳ
407 1557 469 1591 καὶ
511 1556 736 1602 διωκομένῳ.
773 1574 819 1579 -
859 1565 892 1587 v.

81 1608 119 1638 et
141 1604 222 1639 449.

126 1660 183 1695 24.
233 1656 286 1703 ά)
296 1672 328 1701 ρ.
354 1656 478 1702 αἶγα.
512 1670 585 1693 cum
610 1659 680 1693 sint
707 1658 807 1703 plura
830 1669 893 1702 ge—

79 1718 167 1741 nera
182 1707 258 1739 τῶν
276 1704 472 1759 αἰγάγρων,
494 1707 549 1739 vel
565 1717 672 1751 capra
692 1706 767 1738 ibex
778 1704 890 1744 Linn„

80 1754 144 1786 der
168 1752 368 1792 Steinbock‚
401 1750 626 1795 intelligenda
656 1763 732 1785 esse
755 1750 893 1783 videtur

80 1798 285 1844 K6ppenio‚
318 1798 374 1832 vel
409 1798 526 1842 potius
559 1810 666 1842 capra
701 1808 893 1841 aegagruS‚

80 1846 144 1879 der
166 1845 270 1878 wilde
295 1844 409 1886 Book,
445 1855 546 1886 quam
572 1844 712 1878 eandem
745 1848 827 1887 puto
853 1854 893 1875 ac

79 1903 223 1935 capram
244 1901 436 1923 ammonem
453 1889 566 1931 Linn.‚
590 1891 654 1923 das
669 1889 892 1932 Muffelthier,

78 1939 139 1971 die
171 1937 346 1971 sibirische
373 1937 503 1980 Ziege‚
539 1936 603 1969 das
634 1936 736 1969 wilde
771 1935 891 1977 Schaf,

78 1985 146 2018 das
170 1984 379 2025 Steinschaf,
405 1983 470 2016 das
490 1983 627 2026 Argali,
654 1981 745 2037 quod
770 1980 893 2014 animal

77 2029 212 2073 magnis
248 2029 408 2062 cornibus
441 2028 635 2082 praeditum
682 2027 755 2071 (δ’
792 2027 889 2069 109)

79 2076 183 2110 hodie
216 2087 283 2109 non
309 2075 414 2108 solum
446 2075 482 2107 in
513 2074 655 2119 rupibus
681 2052 831 2107 Caucasi
856 2077 892 2106 et

78 2122 243 2161 Sibiriae‚
270 2121 479 2164 Africaeque
502 2119 805 2173 septentrionalis,
830 2118 892 2151 sed

59 2168 182 2212 ‘etiam
207 2167 242 2201 in
266 2166 386 2199 insulis
412 2166 556 2200 Corsica
591 2172 625 2199 et
653 2165 814 2200 Sardinia
838 2164 892 2197 in-

78 2215 227 2248 venitur.
255 2225 288 2246 v.
317 2213 494 2246 Wilmsen.
531 2213 671 2248 Handb.
697 2213 732 2244 cl.
758 2212 891 2244 N--atw

78 2261 197 2306 gesch.
226 2262 257 2294 1.
281 2271 317 2304 Ρ.
342 2258 421 2294 429.
445 2269 540 2303 sequ.
567 2263 615 2299 et,
641 2269 725 2312 quos
750 2257 780 2290 K
805 2257 893 2290 cita-

77 2307 142 2346 vit,
171 2305 286 2339 Pallas
313 2305 421 2338 N.ord
448 2305 614 2349 Beitriige
638 2304 670 2338 4.
695 2316 730 2349 p.
753 2303 832 2338 386.
858 2306 895 2336 et

79 2352 341 2386 Zimmermann.
370 2352 500 2395 Geogr.
528 2351 646 2384 Gesch.
685 2353 716 2385 1.
753 2361 788 2394 p.
816 2350 893 2385 176.

78 2398 236 2432 similiter
260 2396 434 2430 Hesiodus
462 2397 560 2431 Scut.
582 2397 688 2430 Herc.
717 2396 805 2432 405·
841 2393 890 2434 ὡς

79 2443 251 2499 αἰγυπιοὶ
279 2463 326 2467 —-
355 2443 478 2499 Πὲτρῃ
506 2440 570 2487 ἐφ
597 2440 694 2498 ’ὑψηὲ
692 2444 724 2488 ῇ
752 2440 891 2497 μεγάλοι

75 2489 251 2533 κλάζοντε
269 2488 459 2533 μαχέσθην
471 2488 579 2534 Αἰγὸς
605 2486 848 2534 ὀρεσσινόμου
869 2484 892 2533 ἢ

79 2536 277 2582 ἀγροτέρης
307 2534 463 2580 ἐλάφοιο
498 2542 565 2570 etc.

123 2594 180 2629 25.
221 2593 352 2638 εἴπερ
380 2612 425 2618 -—
450 2591 705 2629 σεύωνται.
731 2591 802 2628 κόἰν
823 2590 891 2627 αὗ-

79 2640 146 2676 τὸν
164 2638 337 2675 διώκωσι.
363 2640 447 2673 Sch.

125 2698 184 2732 28.
233 2695 373 2741 φάτο.
408 2696 610 2741 ἐλογίσατο.
642 2697 725 2730 sch
762 2697 806 2730 cf.
834 2694 891 2730 44.

78 2744 250 2779 τίσεσθαι
270 2744 382 2784 Ven.‚
409 2743 477 2784 W,
502 2744 547 2777 Η.
574 2743 632 2777 alii
656 2742 736 2776 libri
762 2743 892 2775 habent

79 2792 269 2826 τίσασθαι
302 2794 429 2823 temere
454 2767 509 2829 H,
540 2795 719 2843 postquam
749 2793 892 2822 annota-

79 2837 154 2878 vit,
190 2835 380 2888 ambiguam
404 2835 491 2868 hanc
511 2835 744 2888 scriptionem
769 2833 889 2869 aoristi

79 2889 116 2917 et
132 2862 237 2916 f'uturi
254 2881 365 2916 locis'
356 2880 540 2914 mnumeris
564 2881 733 2926 reperiri.
756 2879 889 2922 „enim-

81 2933 189 2970 νει-ο,ι
182 2931 206 2947 “
231 2927 355 2972 inquit,
381 2927 577 2968 ,,τίσεσθαι
593 2927 813 2970 grammatica
831 2938 889 2959 ra-

80 2974 129 3008 tio
154 2974 307 3018 postulat
331 2978 367 3007 et
391 2983 471 3006 usus
498 2973 596 3006 Hom.
625 2978 703 3018 post
726 2971 888 3032 ἐφάμην,

79 3021 257 3064 putabam.
282 3020 476 3064 spe-‚rabam
502 3018 630 3063 Odyss.
652 3019 697 3061 ρ’,
721 3018 801 3055 41.·

945 864 1074 902 θες-
1107 860 1154 897 οὕ
1173 861 1211 898 σ’
1247 862 1301 922 ἐτ’
1323 862 1430 919 ἔγωγε
1462 858 1624 904 ὄψεσθαι
1653 861 1750 904 ἐφά-

945 922 1029 964 μην.
1079 907 1121 964 ξ’,
1145 909 1224 944 481.
1239 924 1246 943 :
1273 910 1334 944 ἐπε
1332 912 1349 944 ὶ
1381 907 1448 945 ov'u
1473 907 1620 953 ἐφάμην
1640 908 1751 952 ῥιγω-

946 955 1051 998 σέμεν
1081 958 1207 1000 ἔμπης.
1245 957 1289 990 cf
1320 954 1363 996 ν,
1398 957 1478 991 357
1513 960 1547 988 et
1572 955 1614 988 31.
1649 955 1687 987 11.
1713 954 1752 995 ε’,

947 1004 1044 1037 190:
1078 1004 1142 1036 καί
1163 1016 1228 1046 μιν
1261 1002 1288 1037 ἕ
1281 1001 1370 1046 ,τογ’
1402 1000 1554 1046 ἐφάμην
1584 1002 1752 1045 Αϊδωνῆί

943 1048 1158 1090 προὶάψειν.
1201 1047 1252 1089 θ’,
1273 1031 1353 1089 498,
1369 1051 1422 1084 9.
1448 1050 1516 1082 νῦν
1539 1046 1742 1090 ἐφάμην-

944 1091 1000 1138 ὂψ
1019 1093 1295 1139 ἀπονοστήσειν.
1330 1094 1377 1138 μ’,
1400 1097 1475 1135 165,
1495 1097 1527 1128 6.
1553 1093 1594 1134 ο’,
1615 1096 1694 1128 251.
1708 1113 1751 1119 -

944 1142 997 1187 φῆ
1023 1161 1069 1165 -
1092 1144 1259 1176 τίσεσθαι
1291 1149 1385 1175 recte
1411 1142 1485 1185 Od)
1485 1152 1539 1173 55.
1567 1139 1618 1181 ω’,
1643 1141 1751 1175 461.6
1727 1141 1751 1158 “

942 1193 979 1220 at
1003 1188 1087 1221 alias
1107 1189 1213 1221 verba
1233 1187 1413 1232 cogitandi
1434 1198 1492 1220 seu
1516 1187 1676 1229 sperandi
1696 1198 1751 1218 se-

943 1234 1057 1291 qffituf
1095 1235 1254 1267 aoristus
1303 1235 1377 1276 ipse
1414 1233 1500 1268 Ven.
1533 1232 1623 1264 infra
1653 1233 1751 1266 366..

944 1278 1004 1326 ἦτ’
1025 1279 1174 1324 ἐφάμην
1192 1281 1372 1313 τίσασθαι
1387 1276 1623 1321 Ἀλέξανδρον
1641 1277 1752 1313 κακό-

943 1339 1063 1370 τητος.
1091 1327 1134 1358 cf.
1163 1327 1252 1365 112,
1279 1326 1404 1370 Οό)55.
1430 1324 1475 1369 β’,
1501 1326 1578 1363 171,
1601 1322 1644 1367 γ’,
1669 1326 1751 1367 320,

943 1372 1075 1407 Usterii
1102 1384 1180 1406 ann.
1206 1371 1249 1404 3(1
1267 1371 1353 1404 Plut.
1373 1371 1512 1404 Consol.
1531 1371 1574 1404 ad
1596 1371 1752 1416 Apollon.

941 1432 972 1453 c.
1000 1420 1054 1454 16.
1083 1430 1116 1462 Ρ.
1144 1419 1219 1458 56.,
1253 1417 1379 1450 Matth.
1413 1419 1446 1459 §.
1471 1418 1549 1451 506.
1575 1421 1640 1450 etc.
1688 1428 1751 1450 nec

941 1470 1039 1499 tanta
1064 1469 1119 1497 est
1141 1463 1268 1496 Veneti
1305 1463 1384 1496 libri
1409 1462 1623 1504 auctoritas,
1657 1468 1694 1496 ut
1718 1463 1751 1497 ei

942 1513 1028 1544 alios
1054 1511 1217 1555 probatos
1252 1509 1351 1541 codd.
1386 1510 1660 1553 posthabeamus.
1699 1509 1750 1542 ni-

940 1557 1121 1590 hilominus
1154 1560 1293 1588 secutus
1327 1566 1399 1587 sum
1430 1556 1552 1589 librum
1586 1567 1652 1588 non
1678 1568 1751 1589 ma-

939 1603 1006 1636 lum
1032 1607 1067 1635 et
1090 1601 1185 1634 viros
1205 1600 1280 1633 illos
1301 1601 1559 1638 eruditissimos,
1583 1602 1641 1645 qui
1659 1602 1752 1645 opti-

939 1661 992 1683 me
1016 1654 1134 1681 nostra
1156 1646 1316 1680 memoria
1334 1648 1378 1680 de
1398 1647 1492 1680 Ionio
1514 1652 1596 1680 vate
1618 1659 1752 1681 merue—

939 1700 1043 1733 runt,
1069 1705 1144 1727 cum
1170 1693 1373 1737 praesertim
1398 1693 1433 1726 in
1458 1694 1572 1726 verbis
1596 1694 1664 1726 illis
1690 1705 1749 1727 co-

939 1740 1074 1784 gitandi
1099 1751 1138 1773 ac
1162 1739 1326 1784 sperandi
1352 1739 1443 1772 inest
1475 1739 1609 1783 quidem
1643 1740 1748 1784 signi-

940 1787 1058 1820 ficatio
1076 1785 1212 1821 incerti,
1239 1792 1284 1825 et,
1309 1785 1399 1829 quod
1417 1785 1548 1818 incerto
1568 1791 1749 1829 cognatum

942 1838 1008 1875 est,
1034 1832 1163 1872 futuri3
1188 1830 1248 1863 sed
1274 1831 1397 1864 fortius
1421 1837 1534 1865 tamen
1554 1843 1621 1873 reS‚
1648 1843 1750 1876 quam

942 1878 1131 1922 cogitamus
1152 1883 1211 1910 aut
1229 1888 1418 1922 speramuS‚
1437 1878 1638 1935 exprimitur
1648 1889 1749 1912 usur-

941 1931 1023 1969 pato
1037 1923 1124 1979 ipso
1145 1928 1300 1965 tempore
1318 1923 1448 1956 futuro.
1473 1941 1518 1947 -
1543 1922 1749 1969 αλείτην.

939 1970 1005 2006 τὸν
1027 1967 1246 2013 ἁμαρτωλὸν
1260 1968 1321 2003 καὶ
1341 1967 1486 2010 ἄδικον,
1510 1970 1622 2014 inquit
1633 1971 1750 2016 Etym.

938 2029 971 2050 v.
998 2014 1148 2060 οἷλίτην,
1184 2027 1284 2060 quam
1320 2016 1421 2048 etiam
1458 2017 1521 2060 Ap.
1558 2017 1664 2050 habet
1687 2029 1750 2062 per

939 2074 1101 2097 errorem.
1126 2073 1159 2095 v.
1179 2062 1272 2095 Schn
1311 2074 1344 2094 v.
1369 2058 1513 2096 uffheim

983 2122 1040 2155 29.
1088 2130 1190 2153 curru
1222 2119 1412 2152 vehebatur
1437 2119 1625 2161 Menelaus,
1650 2120 1750 2155 Paris

939 2171 1051 2200 autem
1078 2166 1185 2210 pedes
1209 2172 1295 2206 erat,
1321 2170 1359 2198 ut
1383 2165 1599 2209 significatur
1622 2168 1748 2202 22——

940 2211 1100 2256 ὀχέων.
1127 2223 1147 2245 3
1171 2216 1294 2244 neutro
1320 2208 1426 2254 ὄχος,
1452 2223 1518 2256 quo
1543 2211 1615 2246 solo
1639 2214 1749 2247 utitur

939 2259 1056 2299 Hom,
1086 2269 1159 2291 cum
1182 2257 1268 2290 dicit
1287 2269 1437 2291 currum.
1472 2262 1592 2302 portus
1614 2259 1748 2294 naxium

940 2302 1052 2348 ὄχους
1076 2303 1164 2336 dixit
1188 2305 1338 2359 Od>ss.
1342 2302 1380 2345 ε’,
1406 2303 1486 2339 404.
1533 2304 1634 2338 Sch.:
1660 2317 1750 2340 συν

941 2350 1021 2396 (sic,
1039 2355 1076 2384 ut
1096 2349 1229 2393 vulgo.)
1261 2348 1493 2394 τεύχεσιν.
1520 2349 1588 2384 σὺν
1608 2348 1746 2393 ὅπλοις.

983 2410 1041 2444 31.
1089 2405 1254 2451 ἀμέτρως
1287 2408 1430 2441 Vratisl.
1458 2408 1491 2443 b.
1524 2407 1745 2465 κατεπλάγη,

937 2453 1215 2512 quemadmodum
1228 2452 1351 2497 Eurip.
1373 2453 1460 2487 dixit
1481 2455 1574 2488 Med.
1585 2457 1638 2489 8.
1659 2455 1747 2499 ἔρω-

937 2514 974 2534 τι
996 2499 1126 2543 θυμόν
1147 2499 1333 2543 ἐκπλαγεὶς
1349 2498 1523 2540 Ἰάσονος,
1547 2508 1582 2534 et
1597 2502 1747 2546 scriptor

937 2546 1045 2580 Rhesi
1070 2548 1174 2582 277..·
1199 2543 1403 2590 θάμβειδ
1428 2546 1674 2590 ἐκπλαγέντες.
1698 2549 1744 2582 cf.

938 2592 1113 2637 Aristoph.
1140 2592 1228 2636 Equ.
1255 2593 1332 2626 615.
1362 2604 1426 2626 nec
1449 2599 1562 2626 tamen
1584 2593 1634 2626 ita
1657 2605 1747 2627 sem-

938 2650 1002 2684 per
1022 2638 1140 2677 Attici
1163 2644 1202 2671 ut.
1226 2644 1369 2671 censent
1393 2639 1447 2672 Cl.
1475 2643 1509 2672 et
1534 2639 1595 2674 H.:
1622 2651 1654 2673 v.
1679 2641 1745 2673 Ae-

938 2686 1019 2728 schy
1017 2684 1046 2717 l.
1066 2684 1180 2717 Theb.
1204 2684 1285 2724 575,
1311 2684 1416 2729 Soph.
1443 2685 1521 2719 Ant.
1548 2686 1627 2726 761,
1655 2685 1745 2721 Oed.

938 2731 1012 2765 Col.
1032 2731 1110 2765 565.
1132 2735 1198 2763 etc.
1226 2735 1378 2763 ceterum
1402 2742 1498 2764 nemo
1516 2732 1637 2773 nescit,
1661 2744 1746 2776 τρο-

937 2790 1053 2817 πικως
1077 2775 1143 2809 (1ὶοὶ
1164 2775 1274 2808 solere
1292 2775 1535 2822 πλήσσεσθαι,
1559 2782 1597 2810 ut
1611 2779 1746 2822 percel-

937 2824 1008 2858 lere
1031 2834 1086 2869 ap.
1110 2822 1266 2857 Latinos.

981 2882 1039 2916 32.
1088 2875 1153 2923 αψ
1178 2877 1239 2913 δέ.
1272 2876 1382 2913 πάλιν
1403 2877 1466 2920 δε,
1498 2880 1550 2921 εἰς
1568 2879 1744 2916 τούπίσω.

937 2926 953 2962 ἐ
951 2926 1026 2962 ’θν
1039 2940 1058 2961 ο
1071 2939 1099 2966 ς.
1122 2926 1278 2980 πλῆθος.
1323 2923 1341 2960 ἐ
1351 2938 1382 2970 χ.
1409 2922 1594 2983 α’νεχώρει.
1640 2928 1695 2970 κῆ
1705 2924 1743 2984 ρ’

937 2971 963 3008 οἱ
975 2976 1004 3008 λ.
1046 2969 1323 3027 φυλασσόμενος
1359 2971 1418 3006 καὶ
1453 2970 1641 3018 ἐκφεύγων
1674 2973 1744 3018 τήν

935 3017 1207 3064 θανατηφόρον
1224 3020 1369 3062 μοῖραν.
1405 3019 1486 3052 Sch.
