1811 3269
58 149 144 190 224

692 141 1099 183 ΟΜΗΡΟΤ

230 253 348 312 ζῶμά
377 270 423 298 τε
452 254 527 298 καὶ
556 254 709 309 μίτρη,
738 252 819 309 τὴν
846 255 1030 322 χαλκῆες
1058 250 1204 308 κάμον
1234 251 1404 305 ανδρες
1408 256 1432 277 “

313 311 403 356 Τόν
433 310 479 354 δ’
512 307 864 366 ἀπαμειβόμενος
890 309 1092 369 προσεφη
1122 310 1283 362 κρείων
1306 306 1607 365 Ἀγαμέμνων

201 370 307 422 *,,αἱ
334 369 432 438 γὰρ
451 367 502 422 δὴ
532 367 675 418 οὕτως
703 369 792 439 εἴῃ,
823 367 955 436 φίλος
982 369 1016 409 ὠ
1045 366 1265 408 Μενέλαε·

107 426 357 476 190*ε’λκος
390 423 432 468 6’
465 424 591 494 ἰητηρ
621 424 900 493 ἐπιμάσσεται
927 421 1004 478 ἥδ’
1033 421 1237 491 ἐπιθήσει

230 480 442 543 φάρμαχ’,
475 481 502 523 ἅ
531 497 608 524 κεν
635 479 830 550 παύσῃσι
859 477 1109 549 μελαινάων
1138 477 1384 522 ὀδυνάωνέ(

291 535 374 588 'H,
407 538 482 581 καὶ
518 536 775 608 Ταλθύβιον
805 542 934 581 θεῖον
965 534 1138 606 κήρυκα
1165 534 1422 606 προσηύδα

230 593 498 666 ,,Ταλθύβιζ
529 593 622 638 ὅττι
649 594 827 667 ταχιστα
855 591 1077 661 Μαχάονα
1108 593 1240 646 δεῦρο
1271 592 1501 644 κάλεσσον,

229 650 345 723 φῶτ’
374 651 634 707 Ἀσκληπιοῦ
662 653 790 701 υἱον,
823 648 1052 718 ἀμύμονος
1082 649 1273 703 ἰητῆρος,

119 713 200 755 195
230 709 352 766 ὄφρα
381 710 454 766 ἰ’δῃ
484 709 720 753 Μενέλαον
751 707 912 765 αρήϊον
942 705 1080 762 αρχόν
1108 705 1303 761 Ἀχαιῶν,

62 836 150 875 όλος
173 834 399 879 significatio,
424 836 536 870 altera
559 847 643 870 vero
659 847 874 881 consequens

60 888 96 916 et
123 883 286 926 figurata
319 894 351 915 v.
378 883 412 916 H
439 887 473 916 et
496 882 650 938 inprimis
675 884 873 916 Buttmann.

59 930 170 962 Lexil.
195 928 249 968 ΙΙ,
283 929 339 963 76.
389 927 546 962 similiter
579 928 714 983 θώρηξ
747 929 875 962 dicitur

59 953 269 1014 παναίολος
294 972 335 1016 λ’,
360 975 441 1009 374.
467 979 503 1007 et
526 973 657 1030 τεύχεα
682 980 786 1019 atque
811 973 875 1010 σοὶ-

60 1034 127 1062 κος
151 1018 261 1056 αἰόλα
287 1019 327 1062 ε’,
351 1021 432 1054 295.
461 1024 495 1053 et
520 1018 568 1075 η’,
590 1023 693 1061 222.;
727 1021 788 1054 sed
814 1033 874 1055 ea-

59 1066 137 1102 dem
161 1068 310 1102 ποικίλα
343 1071 558 1110 vocantury
572 1045 695 1108 ,3,,27
759 1068 873 1109 ,,149

58 1126 106 1155 ν,
134 1116 222 1157 181,
246 1111 297 1154 π’,
324 1113 402 1147 134.
429 1113 560 1146 Buttm.
587 1112 609 1146 l.
631 1125 683 1146 c..
707 1113 793 1154 „Ich
814 1126 877 1158 ge-

59 1159 105 1194 be
130 1172 193 1201 zu,
231 1159 312 1192 dass
344 1158 421 1191 hier
453 1158 509 1192 die
534 1159 692 1203 Begriffe
716 1171 768 1192 am
793 1160 878 1193 mei-

59 1210 137 1239 sten
160 1206 195 1238 in
220 1204 385 1238 einander
409 1204 565 1248 spielen3
592 1206 675 1238 aber
706 1217 770 1239 nur
794 1207 877 1240 weil

59 1253 148 1285 eben
168 1251 229 1284 das
250 1250 473 1294 Bewegliche
491 1252 553 1284 der
572 1262 705 1295 ganzen
717 1252 876 1296 Rfistung

60 1309 98 1332 es
122 1298 190 1338 ist,
216 1308 292 1330 was
314 1296 377 1329 das
403 1296 519 1330 Bunte
549 1298 633 1330 oder
657 1297 876 1332 Schillernde

60 1322 246 1388 eigentlich
266 1342 429 1376 bewirkt.
454 1360 499 1367 —
533 1342 631 1375 Denn
659 1344 768 1377 sowie
793 1345 876 1380 αἰο-

59 1391 229 1428 λόπωλος
253 1390 304 1432 (ν.
330 1385 374 1432 γ’,
403 1388 503 1431 185.)
528 1389 589 1422 auf
608 1389 670 1422 das
691 1390 814 1424 rasche
841 1402 875 1425 ιι.

59 1435 247 1481 gewandte
279 1434 420 1467 Lenken
447 1435 510 1467 der
538 1435 667 1469 Pferde
697 1437 802 1479 geht,
838 1448 875 1470 so

60 1482 172 1516 heisst
195 1478 445 1523 αἰολοθώρηξ,
470 1479 533 1513 der
558 1481 625 1514 den
643 1482 777 1515 Panzer
793 1483 877 1517 oder

61 1529 138 1562 sich
164 1528 209 1561 im
236 1528 370 1561 Panzer
396 1526 504 1559 leicht
529 1527 691 1570 bewegt,
726 1529 876 1563 welches

61 1575 151 1608 noch
168 1573 361 1607 deutlicher
375 1572 465 1606 wird
487 1571 597 1606 durch
618 1574 878 1626 Vergleichung

60 1632 129 1654 von
145 1621 412 1663 κορυθαίολος,
438 1617 587 1651 welches
606 1619 731 1653 keinen
746 1621 876 1655 andern

59 1667 145 1700 Sinn
164 1666 312 1706 zula’zsst,
338 1676 371 1699 ιι.
398 1665 611 1708 zuverlassig
633 1666 684 1710 (2)
709 1666 879 1702 αἰολόκο-

61 1726 129 1758 ρυς
152 1713 269 1746 lauten
293 1710 434 1752 wi'irde,
469 1721 570 1744 wenn
596 1712 658 1744 der
686 1713 761 1757 Rhy
766 1715 877 1747 thmus

61 1771 100 1794 es
129 1762 331 1811 gestattete.
363 1758 435 1791 Der
451 1756 590 1798 Giirtel,
615 1757 676 1791 der
695 1759 769 1792 sich
790 1760 877 1794 rund

61 1817 118 1839 um
142 1806 208 1838 den
229 1803 313 1837 Leib
334 1803 522 1836 schliessen
544 1815 656 1846 muss,
683 1804 729 1838 ist
745 1807 878 1850 geglie-

62 1853 142 1886 dett
164 1862 199 1884 u.
217 1851 298 1884 sehr
318 1848 532 1892 beweglich3
557 1861 591 1882 u.
621 1850 745 1884 ebenso
776 1854 876 1893 auch,

61 1908 136 1931 was
155 1897 211 1930 bei
227 1896 356 1930 Homer
369 1896 478 1939 μίτρη
496 1895 615 1937 heisst,
631 1897 796 1930 ebenfalls
808 1911 876 1932 von

61 1943 186 1978 Metall
209 1943 369 1988 gemacht
387 1940 453 1980 ist,
489 1940 575 1983 (sed
609 1942 702 1975 intus
728 1943 795 1976 suit
824 1946 876 1979 la-

61 2001 145 2023 nea:
171 2001 205 2022 v.
232 1999 310 2021 ann.
337 1987 379 2021 ad
409 1987 505 2030 132.)
531 1999 565 2020 ιι.
594 1994 696 2021 unter
716 1990 790 2024 dem
809 1993 876 2033 ζω-

62 2033 879 2136 32203333230533zifflssssgssffiaffssgi‘ff

61 2130 118 2172 (2)
152 2127 192 2160 ΙΙ.
218 2125 263 2167 6',
290 2128 357 2161 185
381 2126 420 2158 ff·
458 2124 549 2160 ἄλλα
573 2146 619 2150 -
644 2123 786 2169 ἄνδρες.
835 2130 875 2163 In

62 2174 178 2208 dieser
196 2172 346 2217 Gegend
367 2172 429 2205 des
457 2172 613 2216 Κὸιροι5
638 2172 685 2206 ist
712 2176 796 2209 aber
821 2177 877 2210 die

63 2218 315 2263 Gelenkigkeit
341 2218 411 2251 und
439 2218 714 2261 Beweglichkeit
742 2233 805 2255 vor
826 2223 878 2255 al-

62 2266 120 2301 len
140 2266 269 2299 andern
290 2263 510 2304 wesentlich‚
536 2277 571 2297 u.
589 2264 715 2299 darauf
730 2268 785 2311 (ἔ)
805 2269 876 2302 3150

63 2313 150 2356 geht
169 2312 229 2345 das
250 2310 404 2344 Beiwort
422 2311 660 2355 αἰολομίτρης
684 2312 723 2348 ΙΙ.
737 2312 776 2354 ε’,
796 2316 878 2349 707.

62 2359 164 2392 Eben
188 2358 259 2391 also
279 2356 386 2397 weil,
411 2356 480 2390 wie
501 2365 636 2400 gesagt,
662 2358 723 2392 der
744 2339 880 2405 B⁷egriff

64 2405 127 2438 des
145 2404 280 2437 Bunten
304 2403 373 2436 und
403 2402 642 2436 Schillernden
664 2405 766 2439 sich'
757 2418 793 2439 ιιι
816 2407 879 2440 der

64 2449 288 2492 Vorstellung
308 2460 377 2482 von
396 2449 504 2482 selbst
530 2450 604 2483 dem
626 2449 685 2484 des
705 2452 834 2496 Beweg
837 2452 877 2485 li-

65 2497 151 2530 chen
183 2494 373 2538 zugesellt,
408 2495 454 2528 ist
480 2494 593 2530 dieser
620 2465 880 2542 Stammbegriff

64 2542 101 2575 in
121 2542 208 2575 allen
231 2541 350 2574 diesen
370 2541 607 2575 homerischen
624 2542 755 2578 Stellen
775 2545 877 2578 allein

66 2589 122 2632 (2)
143 2588 414 2620 anzunehmenf‘

115 2635 192 2668 187.
240 2631 329 2676 τήν
352 2646 385 2677 χ.
408 2646 440 2667 κ.
468 2647 502 2667 α.
543 2638 661 2678 potest
690 2635 802 2669 videri
833 2637 877 2670 ad

66 2681 101 2714 h.
126 2679 149 2712 1.
177 2678 371 2724 respexisse
395 2678 538 2712 Aristot.
561 2679 659 2716 Ροὲι.
681 2694 711 2714 c.
725 2684 797 2725 22,
820 2682 878 2716 ubi

66 2726 159 2760 inter
183 2736 245 2766 ea,
269 2736 359 2768 quae
376 2736 439 2758 ιι5ιι
459 2725 597 2758 defendi
621 2734 784 2771 possunt,
808 2734 878 2762 est.

65 2771 129 2807 καὶ
151 2770 304 2815 χαλκέας
335 2783 424 2810 τους
456 2768 521 2805 τὸν
556 2772 710 2816 σίδηρον
731 2772 878 2818 ἐργαζο-

65 2818 212 2862 μένους.
247 2816 335 2850 adde
354 2817 483 2860 Odyss.
503 2814 537 2859 ι’,
563 2819 688 2853 391-
696 2821 778 2855 393.
803 2820 879 2854 auri

66 2865 167 2899 faber
201 2870 348 2897 vocatur
387 2861 541 2907 χαλκενς
575 2865 703 2911 Odyss.
726 2880 771 2911 y,
796 2866 878 2902 432.

68 2911 122 2944 Ex
143 2910 191 2942 H.
223 2910 267 2943 cf.
295 2911 359 2953 Ap.
387 2921 419 2942 v.
428 2908 589 2954 χάλκεα.

113 2958 193 2991 189
242 2956 387 2999 φίλος
413 2954 441 2988 ὠ
467 2955 695 2992 Μενέλαε.
727 2957 761 2992 Ιι.
788 2970 819 2993 e.
847 2971 876 2992 ω

67 3004 175 3048 φίλος
197 3003 373 3038 Μενέλαε.
406 3011 513 3047 saepe
535 3002 671 3047 quidem
696 3015 752 3050 ap.
776 2984 865 3039 Hom

921 832 1050 878 legitur
1076 833 1185 876 φίλος
1210 843 1272 889 pro
1305 833 1411 875 φίλε,
1448 845 1477 867 ω
1504 831 1612 875 φίλος
1645 842 1677 876 p.
1704 844 1733 866 ω

922 883 1005 923 φίλε
1032 879 1208 923 Odyssff
1221 879 1338 919 ,375
1363 883 1400 912 et
1423 878 1467 922 ρ,
1494 881 1562 919 17,
1586 889 1651 911 nec
1669 877 1734 911 du-

921 925 1099 959 bitandum
1113 932 1165 959 est
1183 925 1226 958 de
1245 925 1309 958 hoc
1322 936 1387 958 usu
1403 923 1615 963 nominativi
1633 935 1734 969 prae-

921 971 1038 1005 sertim
1070 983 1124 1015 ap.
1157 971 1289 1004 Atticos
1319 971 1474 1014 (Matth.
1507 973 1538 1013 §-
1564 971 1629 1012 69,
1655 982 1733 1006 ann.

921 1018 997 1061 2.);
1019 1017 1080 1050 sed
1100 1024 1212 1050 tamen
1232 1018 1439 1062 compositus
1452 1017 1519 1050 isto
1539 1027 1639 1050 sensu
1660 1027 1733 1050 cum

921 1063 998 1116 ipso
1017 1063 1176 1096 vocativo
1197 1074 1297 1096 casus
1320 1070 1433 1096 rectus
1460 1062 1587 1096 duritie
1605 1073 1734 1097 sermo-

923 1110 976 1142 nis
993 1120 1059 1142 nou
1080 1109 1266 1143 Homerica
1286 1109 1451 1150 offendit3
1475 1109 1579 1154 idque
1601 1120 1642 1143 eo
1663 1120 1735 1142 ma—

924 1155 996 1199 gis,
1022 1167 1087 1200 quo
1107 1155 1245 1188 facilius
1262 1155 1366 1189 vitari
1385 1162 1524 1201 poterat
1545 1155 1630 1188 haec
1653 1167 1735 1200 pra—

924 1202 1015 1235 vitas
1041 1202 1223 1235 scribendo
1249 1204 1358 1244 φίλος
1385 1201 1413 1235 οὗ
1442 1200 1654 1242 Μενέλαος,
1678 1201 1735 1235 vel

924 1247 1007 1291 φίλ’
1035 1261 1062 1281 ω
1084 1246 1263 1287 Μενέλαε,
1287 1254 1325 1281 ut
1343 1249 1425 1291 φίλε
1445 1248 1639 1291 κασίγνητε
1655 1249 1734 1289 155,

922 1294 1092 1339 producto
1112 1308 1124 1328 ι
1142 1295 1178 1327 in
1199 1296 1294 1337 φίλε.
1341 1294 1407 1327 hoc
1434 1293 1614 1337 genuinum
1641 1294 1736 1327 arbi-

922 1347 1016 1381 tror,
1051 1341 1159 1383 φίλος
1191 1345 1305 1373 autem
1341 1340 1569 1385 perscriptum
1602 1340 1645 1374 ab
1681 1352 1735 1382 eo,

923 1385 982 1430 qui
1005 1385 1155 1420 litteram
1186 1386 1279 1420 illam
1320 1386 1464 1431 produci
1497 1397 1600 1431 posse
1633 1387 1738 1431 igno-

922 1438 1030 1466 raret.

971 1479 1050 1513 190.
1099 1489 1220 1521 επιμ.
1264 1475 1473 1523 ἐφαψεται,
1506 1475 1736 1536 ψηλαφήσει.

923 1524 1006 1557 sch.
1031 1524 1080 1557 E:
1103 1522 1475 1581 ἐπιμασσεσθαιλέγει
1489 1524 1530 1560 τὸ
1546 1523 1737 1570 ἀποσπογ-

923 1572 1048 1616 γίζειν.
1105 1569 1178 1605 από
1205 1570 1343 1629 ξούτου
1376 1570 1417 1605 δὲ
1442 1572 1505 1606 καὶ
1532 1571 1573 1608 τὸ
1598 1571 1736 1614 ἐκμάσ-

924 1619 1079 1658 σεσθαι,
1114 1617 1177 1652 καὶ
1209 1630 1248 1652 εν
1280 1617 1428 1653 ²-O6v66
1464 1615 1535 1661 (τ’,
1570 1619 1656 1662 92.)
1693 1618 1734 1654 τὸ

925 1643 1199 1717 ἄναμαξεις
1222 1665 1276 1710 τῇ
1301 1666 1354 1711 σῇ
1381 1666 1587 1721 κεφαλῇ,
1614 1664 1675 1699 καὶ
1693 1664 1735 1700 τό

924 1707 1247 1753 εἰσεμασσατο
1273 1710 1446 1755 θυμόν.
1471 1709 1533 1755 (ρ’,
1554 1711 1654 1754 564.)
1674 1712 1737 1748 καὶ

923 1755 1041 1797 ἄλλως
1077 1756 1115 1790 6'
1151 1756 1321 1792 ἐνταῦθα
1355 1757 1513 1814 (Odyss.
1545 1755 1587 1800 τ’,
1622 1758 1703 1794 468.
1716 1759 1735 1803 )

923 1800 1301 1844 ἐπιμάσσασθαι
1325 1801 1366 1838 τὸ
1398 1802 1464 1838 διὰ
1494 1803 1645 1860 ἐπαφῆς
1666 1807 1737 1840 θε-

923 1850 1126 1892 ραπεῦσαι·
1150 1848 1360 1892 μάσσεσθαι
1367 1863 1472 1908 ,γαρ
1476 1851 1540 1885 καὶ
1559 1848 1600 1886 τό
1620 1863 1737 1887 απτε-

925 1899 1027 1931 σθαι
1053 1915 1099 1920 -
1124 1903 1178 1928 est
1203 1897 1267 1929 fut.
1293 1897 1335 1930 ab
1359 1894 1585 1939 ἐπιμαομαι,
1611 1905 1645 1931 et
1662 1898 1738 1932 for-

923 1949 1018 1976 tasse
1034 1952 1054 1975 6
1073 1941 1219 1986 simplici
1235 1942 1463 1977 scribendum.
1483 1956 1517 1978 v.
1536 1944 1569 1977 H
1582 1950 1619 1978 et
1631 1945 1736 1978 Schn.

922 2000 956 2022 V.
983 1987 1215 2032 επιμαίομαι.

970 2037 1047 2070 191.
1094 2033 1324 2092 παύσῃσι.
1366 2033 1510 2093 παύσῃ,
1543 2033 1736 2092 θεραπεύ-

923 2093 979 2125 σῃ.
1002 2081 1083 2113 Sch.
1109 2081 1214 2114 intell.
1237 2081 1285 2116 σε’.
1312 2078 1355 2123 0'‚
1372 2084 1425 2118 15.
1447 2083 1604 2116 ἔπαυσεν
1606 2078 1738 2117 ‘'Enco-

925 2139 972 2171 ροι
996 2125 1126 2170 μάχης.
1151 2128 1196 2160 Κ.
1231 2128 1386 2161 Moscov.
1411 2130 1445 2163 3.
1473 2140 1493 2161 3
1518 2136 1735 2162 correctore·

923 2172 1051 2218 παύσῃ
1077 2185 1115 2207 τε
1141 2184 1203 2217 pro
1227 2172 1352 2219 παύσῃ
1377 2185 1431 2212 σε
1459 2174 1494 2207 ni
1517 2174 1629 2215 fallor,
1655 2186 1738 2208 con-

923 2220 1010 2253 fusis
1033 2230 1053 2253 6
1079 2226 1115 2253 et
1138 2233 1158 2253 τ
1183 2219 1329 2275 litteris,
1355 2225 1393 2253 ut
1399 2231 1522 2278 saepe
1546 2220 1642 2255 31ὶ35.

971 2267 1049 2299 192.
1097 2268 1250 2300 θεῖον.
1282 2264 1367 2321 ἤτοι
1392 2265 1430 2301 ἐκ
1454 2267 1556 2301 θεων
1571 2265 1613 2300 τὸ
1633 2265 1738 2310 γένος

925 2310 1076 2354 ἔχοντα,
1112 2308 1134 2356 ἢ
1166 2310 1401 2365 θαυμαστόν.
1433 2313 1515 2346 Sch.
1548 2313 1735 2368 appellatio

925 2357 1125 2402 dignitatiS,
1161 2359 1216 2391 ein
1246 2360 1356 2392 Titel:
1390 2371 1424 2393 v.
1450 2370 1527 2393 ann.
1552 2360 1596 2393 ad
1629 2357 1677 2402 α’,
1701 2363 1736 2402 4,

924 2406 991 2445 92,
1016 2404 1095 2439 334.
1120 2409 1187 2438 etc.

972 2452 1048 2486 193.
1098 2451 1142 2483 de
1168 2450 1359 2483 Machaona
1383 2461 1416 2483 v.
1442 2448 1488 2495 β’,
1512 2451 1577 2486 731
1601 2462 1700 2496 seqq.

973 2497 1052 2532 194.
1102 2494 1219 2539 φῶτ’
1245 2494 1290 2529 Ἀ.
1317 2494 1435 2530 υἱόν.
1480 2498 1593 2530 virum
1616 2499 1735 2541 filium

923 2543 1143 2586 Aesculapii,
1185 2544 1218 2575 h.
1253 2554 1281 2575 e.
1316 2543 1432 2585 filium
1465 2543 1628 2586 puberem
1660 2544 1735 2578 sive

926 2591 1105 2624 adultum
1132 2600 1194 2621 nec
1220 2599 1373 2630 puerum,
1403 2588 1460 2620 cui
1484 2600 1551 2621 non
1577 2589 1624 2622 sit
1644 2601 1735 2623 com—

925 2626 1109 2669 mittendus
1139 2645 1241 2690 aeger
1271 2645 1312 2667 ex
1347 2635 1500 2667 vulnere.
1550 2635 1601 2669 5ἰο
1633 2636 1734 2670 etiam

927 2681 978 2726 φ’,
1002 2683 1105 2716 546..
1135 2678 1231 2724 φῶτ’
1254 2677 1470 2723 Ἀντήνορος
1494 2678 1598 2723 υἱὸν,
1622 2688 1659 2716 et
1679 2683 1735 2716 Ο-

925 2730 1019 2772 dyss.
1046 2727 1095 2770 φ,
1120 2729 1196 2761 26.
1223 2725 1335 2770 φῶθ’
1354 2725 1552 2770 Ηρακλῆα.
1588 2732 1735 2772 angusta

925 2781 980 2808 est
1015 2773 1208 2807 Pausaniae
1242 2772 1429 2817 explicatio
1462 2776 1502 2814 2,
1530 2775 1586 2809 26.
1623 2780 1734 2808 extit:

927 2818 978 2861 ὥς
1002 2816 1049 2854 ἂν
1073 2821 1108 2854 εἰ
1129 2819 1226 2863 λέγοι
1243 2820 1340 2853 θεοῦ
1360 2820 1472 2853 παῖδ’
1495 2818 1711 2862 ἄνθρωπον.

972 2868 1050 2902 195.
1083 2866 1160 2910 ἰδη
1139 2879 1181 2910 η,
1206 2866 1337 2906 videa,
1359 2867 1550 2900 conveniat.
1574 2866 1732 2922 Xenoph.

924 2913 1033 2946 Anab.
1051 2913 1093 2953 2,
1118 2912 1160 2952 4,
1187 2912 1266 2946 15.:
1300 2911 1362 2946 καὶ
1392 2912 1611 2954 προσελθων
1636 2909 1732 2957 ἠρώ-

923 2970 1049 3013 τησεν
1059 2957 1263 3001 ἄνθρωπός
1289 2970 1345 2998 τις
1369 2958 1459 2998 τούς
1477 2957 1733 3004 προφύλακας,

923 3006 999 3041 ποῦ
1025 2999 1071 3041 ὃῖν
1089 3005 1166 3041 ἴδοι
1184 3002 1409 3048 Πρόξενον
1390 3002 1417 3049 η’
1435 3006 1622 3052 Κλέαρχον
1641 3009 1708 3040 etc.
