1811 3269
736 173 1134 215 ΟΜΗΡΟΥ

271 282 346 325 καί
374 298 450 351 μιν
481 280 689 352 φωνήσας
719 281 821 326 ε’πεα
849 283 1083 336 πτερόεντα
1120 283 1374 340 προσηύδα

352 338 525 389 ,,Βάσκ’
555 341 644 388 ἴθι,
679 334 782 382 οὖλε
805 339 999 395 ”Ονειρε,
1036 341 1150 392 θοὰς
1180 341 1248 384 ἐπὶ
1277 345 1385 396 νῆας
1413 340 1615 398 Ἀχαιῶν

270 393 412 438 ἐλθών
450 395 493 446 ἐς
532 397 702 466 κλισίην
723 395 1046 468 Ἀγαμέμνονος
1072 396 1289 451 Ἀτρείδαο

192 458 243 497 10
271 451 415 495 πάντα
445 450 549 506 μάλ’
583 450 793 506 ἀτρεκέως
822 452 1110 521 ἀγορευέμεν,
1152 454 1209 504 ὠς
1239 452 1451 497 ἐπιτέλλω.

267 509 469 564 θωρῆξαί
509 507 528 550 ἓ
566 509 713 552 κέλευε
747 510 1117 578 καρηκομόωντας
1144 509 1340 564 Ἀχαιούς

270 566 511 633 πανσυδίη·
543 569 627 608 νῦν
637 565 738 638 γάρ
756 583 845 637 ,κεν
874 567 964 610 ἕλοι
994 565 1125 609 πόλιν
1153 566 1424 635 εὐρυάγυιαν

279 620 457 677 Τρώων.

99 759 183 788 rum,
208 746 325 780 veraci
362 751 397 780 et
422 746 559 787 fallaci,
598 747 691 781 locus
717 748 909 783 notissimus

98 800 151 827 est
174 794 303 837 Odyss.
330 791 374 834 τ’,
399 794 468 828 560
493 804 590 850 seqq.
627 795 675 827 cf.
701 795 797 839 Virg.
823 797 906 829 Aen.

97 842 131 881 6,
158 838 226 874 894
250 850 347 884 seqq.
384 836 529 883 ἄγαλμα
552 837 721 881 Ὀνείρου
756 853 811 885 ap
837 842 906 874 Co-

97 886 242 919 rinthios
267 886 300 918 in
325 886 452 930 templo
479 887 693 931 Aesculapii,
732 898 799 920 una
833 899 906 921 cum

96 931 215 966 Somni
248 931 378 964 leonem
409 932 596 975 sopientis,
632 934 906 966 commemoravit

96 978 200 1011 Paus.
226 979 260 1019 2,
290 980 343 1012 10.
392 978 622 1011 Philostratus
657 979 787 1023 lmagg.
823 980 904 1013 27*

97 1025 155 1059 δεῖ
176 1022 247 1068 γάρ
273 1027 351 1064 τοῖς
380 1022 454 1059 ἐκεῖ
475 1024 528 1066 (ἱιι
549 1024 676 1068 templo
695 1024 904 1069 Amphiarai,

96 1072 189 1126 quod
223 1070 290 1103 fuit
324 1070 436 1115 Oropi
468 1070 503 1102 in
512 1069 690 1129 ”Boeotia)
724 1083 903 1129 μαντευο-

95 1116 222 1172 μένοις
249 1113 392 1152 ν’πνου·
432 1117 494 1150 καὶ
512 1114 685 1158 ”Οιειρος
717 1116 832 1157 αυτὸς
864 1116 903 1152 ἐν

96 1161 274 1220 ἀνειμένῳ
299 1162 349 1206 τῷ
369 1163 457 1197 εἷ’δει
474 1161 683 1207 γέγραπται,
707 1164 768 1199 καὶ
789 1163 902 1214 ἐσθῆ-

95 1223 140 1244 τα
167 1208 238 1253 ε’χει
261 1207 393 1264 λευκὴν
419 1208 478 1244 ἐπὶ
502 1211 675 1265 μελαίνῃ,
704 1209 759 1251 τὸ,
785 1215 901 1254 οὶμαι,

94 1255 237 1300 νύκτωρ
261 1253 383 1290 αὐτοῦ
405 1255 468 1290 καὶ
491 1253 585 1300 μεθ’
610 1253 761 1300 ἡμέραν.

139 1315 172 1348 8.
220 1310 352 1367 βάσκ’
378 1313 468 1353 ἴθι.
501 1312 618 1347 Schol.
644 1314 691 1346 A:
715 1327 790 1358 παρ
794 1313 882 1357 aur}
884 1332 902 1338 ·

93 1362 174 1400 λως.
221 1359 380 1392 similiter
399 1359 478 1392 Sch.
496 1365 532 1392 et.
548 1359 592 1394 E.
618 1358 678 1392 sed
703 1360 758 1393 hic
770 1328 900 1393 ρειόἀίῐε

93 1403 116 1452 ἢ
139 1405 202 1440 καὶ
227 1403 362 1446 ἄλλως,
388 1404 430 1440 τὸ
454 1417 522 1445 μεν
546 1402 699 1450 βάσκε
724 1403 807 1441 ἀντὶ
833 1407 902 1440 τοῦ

92 1451 324 1497 πορεύθητι,
362 1451 403 1485 τὸ
432 1449 471 1486 δε
498 1451 576 1485 ἴθι
599 1449 695 1485 κατά
717 1451 807 1493 τούς
829 1465 901 1487 πα·

93 1498 224 1539 λαιους
262 1496 450 1542 ἐπίρρημα
487 1496 808 1540 παρακελεύσεως,
851 1497 901 1537 (ὃς

93 1547 156 1582 καὶ
188 1543 290 1587 παρά
316 1546 506 1599 Σοφοκλεῖ
535 1544 669 1587 (Ajace,
675 1546 790 1600 929)
827 1543 898 1579 ἶ”θ

92 1591 396 1633 ἐκκάλυψον,
430 1587 490 1630 ὥς
523 1590 610 1624 ιδω
635 1588 687 1624 τὸ
712 1592 804 1624 πᾶν
828 1604 899 1625 κα-

92 1638 191 1674 κόν.
238 1637 362 1671 ibidem
388 1637 496 1681 Soph.
521 1636 623 1670 914.-
660 1635 724 1671 οἷ”θ
751 1637 900 1681 ἐγκόνει,

93 1685 287 1739 ξύγκαμνε.
322 1683 367 1716 cf.
392 1683 494 1715 Voss.
520 1682 600 1715 krit.
619 1682 675 1716 Bl.
702 1685 732 1717 1.
759 1695 791 1728 p.
817 1685 898 1718 231.

93 1736 146 1766 est
170 1731 276 1775 igitur
310 1729 456 1770 dictum,
488 1728 590 1761 metri
621 1729 753 1771 gratia,
787 1726 897 1775 βάσκ’

94 1779 154 1813 ἴθι
179 1789 213 1822 p.
242 1776 304 1810 ι’θι
327 1773 462 1820 βάσκε,
496 1776 774 1818 quemadmodum
799 1776 898 1820 Virg.

92 1835 228 1869 quoque
261 1825 343 1856 Aen.
368 1820 403 1862 4,
429 1821 529 1854 2232
563 1821 654 1853 vade
677 1833 768 1866 age,
804 1828 900 1862 nate,

92 1882 177 1904 voca
202 1869 377 1913 Zephyros
402 1872 435 1900 et
456 1867 571 1899 labere
596 1869 739 1910 pennis,
771 1879 805 1913 p.
831 1879 901 1913 age

91 1917 182 1951 vade
212 1921 278 1948 etc.

138 1976 171 2009 9.
220 1970 410 2016 asyndeton
444 1966 716 2015 επεξηγητικόν.

141 2032 196 2066 10.
244 2027 341 2072 άτρ.
389 2024 565 2070 ἀτρεκέως
609 2039 684 2061 esse
728 2026 901 2074 α’κριβῶς,

92 2081 229 2115 exacte,
262 2086 316 2120 ap.
344 2075 442 2108 Hom
471 2080 506 2107 et
532 2074 798 2118 Hippocratem,
836 2077 899 2110 hoc

92 2134 194 2158 versu
214 2120 364 2165 adscrip
354 2132 386 2153 o
408 2121 510 2153 docet
527 2119 726 2154 Erotianus.
746 2121 791 2155 H.
825 2124 901 2167 Ap..

93 2167 285 2212 ἀτρεκέως.
321 2166 494 2220 άληθῶς,
519 2165 614 2200 κατὰ
643 2167 808 2210 στέρησιν
832 2181 900 2202 του

91 2216 240 2259 τρέχειν.
288 2213 386 2256 quasi
409 2224 477 2266 n'on
502 2213 681 2254 currendo,
702 2213 762 2246 sed
788 2214 901 2247 stabili

92 2262 203 2297 modo.
230 2279 270 2284 —
314 2261 364 2293 W.
376 2283 384 2292 .
413 2256 480 2303 οἷγ.
500 2258 593 2292 infin
622 2270 656 2303 p.
682 2259 898 2304 imperativo.

140 2331 195 2365 11.
243 2330 354 2369 θωρ.
391 2325 511 2361 ἰστέον
536 2340 585 2366 ως
599 2323 687 2370 ’.Ομ
712 2341 779 2371 μεν
808 2331 898 2364 θω-

93 2375 315 2434 ρήσσειν
317 2372 373 2408 αεὶ
398 2371 456 2408 ἐπὶ
482 2371 662 2415 ὁπλισμοῦ
691 2386 826 2419 φησιν,
862 2375 899 2411 οὶ

93 2421 134 2458 δὲ
160 2434 224 2464 μετ
269 2418 385 2454 αὐτὸν
402 2419 463 2454 καὶ
489 2417 546 2453 ἐπὶ
569 2419 688 2464 μέθης
712 2421 780 2465 τήν
804 2422 900 2465 λέξιν

31 2474 34 2475 ’
92 2467 274 2505 τιθέασιν.
302 2467 343 2500 Ε.
369 2485 412 2490 -
443 2477 605 2509 καρηκ.
629 2478 696 2500 una
721 2479 806 2503 voce
830 2469 899 2513 legi

92 2515 183 2552 solet
213 2513 249 2546 in
283 2512 405 2546 codd.
395 2535 405 2552 ,
440 2511 500 2545 sed
533 2512 632 2545 iidem
657 2514 831 2548 nonnullis
865 2515 899 2547 in

92 2561 178 2596 locis
198 2559 351 2592 divisim:
376 2555 469 2602 κάρη
487 2557 701 2600 κομόωντας
718 2561 770 2603 (v.
783 2561 898 2594 Schol.

91 2608 189 2660 Lips
229 2606 271 2638 ad
304 2604 424 2648 443..)
459 2606 551 2647 quod
586 2605 714 2659 placuit
744 2607 899 2651 Heyneo,

93 2654 176 2706 quia
197 2651 393 2684 inusitatum
426 2657 479 2682 est
499 2647 728 2695 καρηκόμης,
765 2664 806 2685 ex
831 2664 897 2697 quo

93 2697 245 2733 derivari
277 2700 392 2741 posset
421 2698 562 2731 verbum
586 2699 822 2751 καρηκομᾷν,
860 2704 900 2732 ut

93 2745 363 2797 καρηβαρεῖν
349 2754 370 2774 a
402 2741 634 2797 καρηβαρήςε
681 2724 895 2788 quemadmo-

93 2791 173 2825 dum
197 2790 298 2823 etiam
323 2799 362 2822 ευ
395 2787 618 2832 ναεόμενον,
653 2788 695 2825 ἐῢ
726 2793 897 2833 κτίμενον

95 2841 130 2870 et
153 2834 275 2870 similia
298 2833 422 2867 excudi
441 2834 558 2877 jussit.
606 2847 639 2868 v.
666 2839 738 2882 ejus
762 2838 898 2870 Excur-

94 2894 168 2917 sum
200 2881 244 2915 ad
279 2877 324 2921 α’,
351 2879 447 2920 164,
477 2885 557 2914 tom.
591 2880 626 2915 4.
651 2893 685 2935 p.
712 2885 788 2918 180.
823 2894 899 2916 ser-

94 2928 248 2963 vavimus
272 2930 383 2960 tamen
405 2925 576 2980 vulgatam
596 2928 803 2973 scripturam
824 2940 899 2962 cum

95 2979 281 3020 propterea
314 2970 406 3025 quod
439 2971 529 3004 haud
562 2973 713 3026 ineptum
738 2980 792 3008 est
813 2975 899 3008 sumi

96 3021 237 3054 formam
259 3015 489 3062 καρηκόμης,
515 3022 554 3051 ut
576 3014 808 3064 ἁβροκόμης,
832 3034 898 3056 ου-

510 620 564 665 οὐ
592 639 675 678 γαρ
707 620 766 666 ε”τ
804 621 942 680 ἀμφὶς
968 622 1184 680 Ὀλύμπια
1215 621 1379 679 δωματ’
1423 624 1591 679 ε’χοντες

954 745 1124 792 λόκομος,
1148 751 1217 782 tum
1244 749 1325 793 quia
1351 760 1514 793 nusquam
1545 749 1672 793 legitur
1696 762 1758 784 κο·-

953 793 1116 838 μόωντες
1145 791 1297 839 Ἀχαιοὶ,
1342 796 1434 839 quod
1480 796 1557 828 fieri
1586 796 1759 829 versimile

954 847 1066 880 esset,
1099 840 1164 874 nisi
1190 843 1276 875 haec
1308 841 1479 874 vocabula
1515 841 1644 885 pridem
1677 853 1759 875 coa-

952 887 1105 920 luissent.
1156 887 1236 921 Sch.
1250 900 1257 920 :
1284 900 1381 930 καρ.
1402 886 1491 928 τούς
1508 887 1576 928 τοὶς
1597 886 1761 928 κεφαλὰς

952 935 1145 976 κομῶντας
1171 931 1343 977 ανδρείας
1375 932 1492 978 χάριν.
1535 935 1610 968 τῶν
1630 931 1759 989 Ελλή-

951 993 1026 1014 νων
1049 979 1253 1015 τοπαλαιόν
1289 980 1421 1035 αρετῆς
1460 979 1564 1015 ἕνεκα
1597 981 1658 1014 καὶ
1693 978 1758 1014 άν-

951 1027 1077 1069 δρείας
1108 1025 1307 1070 κομώντων
1330 1024 1397 1068 τὰς
1421 1026 1604 1070 κεφαλάς,
1635 1025 1757 1083 λόγος,

949 1074 1096 1116 πρῶτον
1123 1072 1246 1117 Θησέα
1277 1071 1576 1129 άποκειράμενον
1599 1072 1666 1116 τήν
1690 1071 1752 1115 έμ-

948 1121 1136 1162 προσθίαν
1169 1118 1289 1164 κόμην
1322 1121 1375 1159 εἰς
1399 1121 1522 1164 Δῆλον
1554 1117 1756 1154 ἀναθεῖναι

948 1167 999 1210 τῷ
1021 1163 1225 1200 Ἀπόλλωνι.
1274 1166 1396 1199 mansit
1417 1177 1488 1199 mos
1511 1165 1569 1199 ille
1588 1165 1755 1219 antiquis-

948 1212 1064 1252 simus
1089 1223 1151 1245 nec
1170 1212 1274 1246 solum
1293 1223 1493 1268 graecarum
1511 1212 1675 1266 gentium,
1694 1210 1755 1243 sed

949 1259 1049 1291 etiam
1074 1259 1297 1291 barbarorum
1323 1256 1374 1299 (δ’
1377 1284 1386 1298 ,
1408 1260 1477 1294 533
1493 1283 1503 1299 ,
1527 1256 1570 1301 ρ’,
1589 1259 1645 1299 51,
1663 1258 1755 1300 52.),

948 1315 1075 1337 comam
1101 1303 1226 1344 alendi,
1251 1303 1325 1336 sive
1350 1315 1498 1344 omnem,
1523 1305 1599 1336 sive
1623 1309 1755 1347 partem

948 1350 1023 1393 ejus
1045 1349 1175 1393 (542),
1201 1360 1256 1393 ap.
1280 1348 1426 1392 Argivos
1450 1360 1559 1394 usque
1580 1348 1620 1382 ad
1634 1348 1756 1382 Croesi

947 1402 1114 1448 tempora,
1139 1406 1223 1434 cum,
1247 1395 1420 1429 referente
1441 1395 1755 1436 Herodot01,82.‚

949 1441 1031 1474 victi
1056 1452 1076 1474 a
1091 1441 1382 1482 Lacedaemoniis,
1406 1441 1499 1474 viros
1523 1441 1659 1475 tonderi
1678 1441 1755 1484 jus-

947 1492 1077 1528 serunt,
1103 1486 1211 1520 donec
1237 1486 1398 1531 oppidum
1423 1486 1584 1530 Thyreas
1608 1498 1755 1541 recupe-

946 1537 1094 1567 rassent.
1135 1532 1428 1575 Λακεδαιμόνιοι
1452 1531 1513 1576 δὲ,
1538 1533 1672 1588 inquit,
1705 1529 1753 1567 τά

947 1577 1096 1613 ἐναντία
1120 1578 1263 1613 τούτων
1290 1578 1419 1613 ε’θεντο
1444 1577 1585 1621 νόμον,
1612 1576 1657 1613 οὐ
1683 1592 1754 1623 γαρ

945 1626 1129 1667 κομῶντες
1151 1622 1222 1668 πρὸ
1247 1624 1402 1666 τούτου,
1428 1622 1505 1660 άπὸ
1529 1623 1664 1661 τούτου
1689 1638 1753 1660 κο-

944 1672 1031 1717 μᾶν.
1081 1676 1201 1706 contra
1237 1671 1487 1713 Athenienses,
1531 1673 1623 1716 apud
1666 1682 1753 1716 quos

947 1729 1035 1751 aevo
1060 1717 1189 1751 seriore
1215 1723 1353 1761 praeter
1379 1728 1502 1762 pueros
1526 1717 1754 1762 mulieresque

946 1762 1082 1797 nonnisi
1107 1763 1280 1807 equitibus
1311 1764 1412 1797 licuit
1442 1764 1571 1808 κομᾷν.
1607 1764 1652 1798 cf.
1677 1764 1753 1798 Xe-

946 1809 1047 1854 noph.
1081 1808 1125 1842 de
1155 1821 1227 1854 rep.
1262 1810 1388 1845 Laced.
1435 1822 1464 1843 c.
1498 1812 1578 1850 11.‚
1622 1809 1754 1844 Comici

946 1855 1061 1889 Schol.
1087 1855 1130 1888 ad
1156 1855 1243 1900 Equ.
1268 1857 1362 1896 225.,
1387 1855 1545 1890 Salmasii
1569 1855 1684 1900 Epist.
1708 1855 1752 1889 ad

946 1903 987 1937 A.
1014 1900 1169 1934 Colvium
1202 1901 1245 1934 de
1278 1902 1402 1946 capillo
1434 1903 1585 1935 virorum
1619 1907 1655 1935 et
1677 1913 1753 1936 mu-

947 1948 1066 1980 lierum
1099 1958 1212 1987 coma,
1239 1947 1351 1991 Lugd.
1378 1949 1456 1981 Bat.
1491 1947 1612 1988 1644.,
1636 1947 1753 1983 Feith.

946 1994 980 2032 3,
1008 1996 1063 2028 10.
1080 2017 1089 2030 ,
1124 1993 1260 2027 Nitsch.
1295 2000 1332 2028 et
1355 1993 1492 2039 Kopkei
1528 1994 1666 2028 Beschr.
1693 1994 1753 2028 des

949 2040 1144 2072 Zustancles
1168 2039 1228 2071 der
1248 2039 1306 2072 Gr.
1333 2040 1400 2075 vol.
1423 2041 1455 2074 1.
1481 2051 1514 2085 p.
1532 2042 1627 2082 619„
1650 2040 1752 2075 Voss.

947 2087 1027 2120 krit.
1053 2087 1106 2119 Bl.
1131 2087 1163 2120 1.
1189 2096 1222 2129 p.
1242 2086 1322 2120 231.

996 2144 1049 2177 12.
1097 2153 1233 2177 πανσ.
1267 2143 1480 2186 πανστρατί.
1514 2142 1596 2176 sch.
1657 2144 1749 2189 Ap..

946 2190 1144 2234 πασσυδίῃ.
1185 2188 1277 2231 μετά
1309 2188 1428 2234 πάσης
1452 2190 1627 2233 σπουδῆς.
1665 2202 1752 2225 συν-

946 2238 1070 2271 θεῖναι
1096 2237 1279 2289 (συθῆναι
1302 2235 1434 2269 Villois.
1459 2236 1585 2279 recte.)
1615 2231 1684 2293 γάρ
1706 2235 1750 2272 τὰ

945 2280 1179 2336 ὁρμηθῆναι.
1211 2278 1302 2316 ὅθεν
1333 2282 1396 2317 καὶ
1421 2280 1439 2317 ὁ
1469 2283 1555 2323 σῦς,
1579 2282 1681 2326 παρὰ
1704 2281 1747 2318 τὸ

943 2329 1137 2364 σεύεσθαι
1163 2324 1364 2371 ὁρμητικὸν
1388 2325 1456 2371 γάρ
1480 2326 1521 2362 τὸ
1547 2329 1653 2370 ζῶον.
1684 2329 1750 2364 hoc

945 2375 1074 2415 malim,
1108 2375 1198 2418 quod
1223 2374 1415 2417 germanice
1447 2375 1542 2408 dicas
1575 2375 1639 2408 mit
1661 2376 1751 2409 aller

946 2421 1078 2461 Macht,
1104 2422 1259 2464 quamvis
1282 2421 1316 2453 in
1344 2420 1508 2465 Hesychii
1540 2432 1674 2465 quoque
1695 2421 1750 2455 in-

945 2466 1250 2524 terpretationibus
1291 2467 1426 2523 legatur
1464 2468 1661 2511 πανδημεί.
1716 2468 1748 2501 E

946 2513 1035 2546 inter
1067 2512 1155 2546 alia.
1200 2512 1324 2552 Αἴλιος
1355 2511 1395 2547 δε
1427 2512 1629 2554 Διονύσιος
1665 2509 1750 2549 ἀντὶ

945 2560 1014 2594 τοῦ
1046 2559 1249 2599 παντελῶς,
1283 2556 1374 2593 ὅθεν
1402 2572 1504 2603 παρα
1535 2560 1748 2615 Θουκυδίδῃ

946 2603 1142 2649 (3,1.)τό
1168 2605 1400 2640 πανσυδει
1426 2603 1748 2650 διεφθάρθαι.

945 2662 1042 2696 quem
1075 2663 1109 2683 v.
1136 2651 1238 2685 etiam
1271 2651 1314 2685 ad
1347 2653 1403 2686 38.
1435 2671 1481 2677 —
1516 2652 1621 2687 Sch.=
1653 2651 1749 2696 εὕρ.

943 2695 1259 2740 πλατυάμφοδον,
1299 2696 1471 2755 μεγάλην.
1517 2696 1644 2740 οἷγυιαὶ
1675 2698 1747 2744 γάρ

943 2743 990 2777 τά
1015 2742 1182 2788 ἅμφοδα.
1227 2743 1317 2776 idem
1347 2748 1400 2777 est
1431 2742 1633 2788 εὐρύχορον
1656 2744 1750 2779 infra

943 2789 1022 2825 498.
1049 2797 1085 2824 et
1108 2790 1213 2830 alias,
1237 2793 1277 2822 ut
1298 2789 1329 2822 K
1354 2791 1541 2824 annotavit.

993 2837 1046 2871 13.
1072 2833 1226 2890 άμφις
1250 2833 1528 2879 φράζονται.
1552 2836 1663 2881 χωρὶς
1681 2833 1744 2872 άλ-

943 2880 1061 2925 λήλων
1087 2879 1343 2927 βουλεύονται,
1368 2883 1652 2942 διχογνωμοῦσι
1660 2883 1746 2927 περὶ

944 2930 1009 2972 τῆς
1031 2927 1149 2963 Ἰλίου.
1188 2928 1398 2971 τουτέστιν,
1431 2928 1500 2964 οὐκ
1536 2929 1589 2964 ε’τι
1611 2928 1681 2974 γὰρ
1706 2929 1744 2964 οἱ

943 2974 1010 3009 τόν
1033 2972 1228 3019 ’Όλυμπον
1259 2977 1514 3016 κατοικοῦντες
1543 2977 1630 3011 θεοὶ
1661 2974 1745 3011 διά-

943 3034 1045 3065 φορα
1069 3032 1295 3065 φρονουσιν,
1322 3021 1358 3056 οὶ
1374 3034 1442 3065 μεν
1460 3036 1506 3058 τα
1524 3035 1617 3067 ὀπερ
1641 3020 1744 3067 Τρώ-
