1811 3269
8 3148 11 3175 ι

9 3222 13 3269 ’ἱ

594 134 1025 177 ΙΛΙΑΛΟΣ

1082 137 1130 177 Γ.
1612 137 1695 178 173

198 249 256 300 ώς
291 247 335 292 δ’
365 247 435 291 ὅτε
465 247 528 296 τίς
558 262 602 289 τε
634 245 856 300 δράκοντα
887 246 995 289 ἰδών
1024 247 1295 299 παλίνορσος
1326 245 1488 304 ἀπέστη

198 306 351 377 οὔρεος
380 304 427 346 έν
456 302 646 372 βήσσῃς,
678 301 766 346 ὑπό
799 319 843 346 τε
872 302 1033 357 τρόμος
1063 305 1212 364 ἔλλαβε
1243 307 1359 372 γυῖα,

111 368 165 408 35
195 362 257 413 οἷψ
286 360 328 404 τ’
330 359 657 431 ἀνεχώρησεν,
690 359 830 416 ώχρός
859 360 904 402 τέ
937 377 1013 414 μιν
1043 358 1125 403 εἷλε
1157 358 1363 413 παρειάς·

197 419 256 469 ὡς
289 412 413 468 αὖτις
444 416 554 460 καθ’
585 416 742 471 ὅμιλον
773 417 850 460 ἔδυ
885 415 1050 470 Τρώων
1082 416 1329 487 ἀγερώχων,

197 476 340 525 δείσας
367 473 538 529 Ἀτρέος
567 474 692 524 υἱὸν,
719 473 996 526 Ἀλέξανδρος
1026 473 1241 529 θεοειδής.

245 555 345 599 paulo
371 560 448 598 post
472 554 583 594 idem,
608 554 768 588 Hectoris
793 566 880 587 voce
904 556 1095 598 correptus,
1122 554 1227 587 offert
1251 565 1288 587 se
1315 551 1496 587 certamini
1522 553 1691 597 singulari

162 612 235 633 cum
263 601 419 634 Menelao
445 602 488 634 de
511 612 639 634 summa
663 601 745 634 belli
769 600 929 634 ineundo.

279 657 367 701 Τὸν
397 657 441 700 δ’
458 657 626 711 Ἐκτωρ
658 659 875 700 νείκεσσεν
905 654 1015 699 ἰδών
1047 656 1240 710 αἰσχροῖς
1270 655 1487 701 ἐπέεσσιν·

193 713 429 768 ,,Δυ’σπαρι
459 713 576 765 εἶδος
607 713 775 768 ἄριστε,
805 729 1071 783 γυναιμανές
1100 712 1388 782 ήπερρπευτά

109 774 164 815 40
195 770 289 814 αἴθ’
323 771 475 841 ὄφελες
512 770 671 825 ἄγονός
700 770 743 814 τ’
779 770 944 826 ε’μεναι,
985 769 1153 839 ἄγαμός
1183 766 1222 811 τ’
1255 768 1521 827 ἀπολέσθαιῖ

194 830 268 871 καί
298 844 344 871 κε
373 827 421 872 τὸ
448 830 716 900 βουλοίμην,
747 829 821 870 καί
849 843 924 870 κεν
952 826 1067 869 πολὺ
1098 825 1274 878 κέρδιον
1304 843 1383 883 ηεν

191 884 225 957 ἢ
248 883 365 927 οὕτω
395 885 543 940 λώβην
572 884 612 927 τ’
643 886 791 940 ε’μεναι
820 885 892 927 καὶ
923 881 1119 934 ὑπόψιον
1150 881 1306 926 ἄλλων.

193 939 225 997 ἦ
252 957 339 984 που
369 942 641 996 καγχαλόωσι
671 940 1034 1010 καρηκομόωντες
1060 938 1235 995 Ἀχαιοὶ,

195 996 363 1067 φάντες
384 997 565 1067 ἀριστῆα
595 997 768 1053 πρόιιον
799 999 1000 1053 έ’,μμεναι
1033 996 1198 1039 οὕνεκα
1228 996 1366 1040 καλὸν

110 1057 190 1138 45*
196 1052 313 1125 {3609
342 1054 407 1097 ε”π
422 1070 432 1080 ·

464 1053 557 1097 ἀλλ’
591 1055 676 1098 οὐκ
707 1056 794 1098 εστι
823 1057 895 1123 βίη
927 1053 1107 1109 φρεσὶν,
1141 1052 1247 1098 ου’δέ
1275 1071 1339 1106 τις
1369 1053 1494 1110 ἀλκή.

167 1111 223 1168 *ἡ
254 1110 428 1156 τοιόσδε
458 1111 541 1155 ἔων
568 1129 616 1155 ἓν
645 1110 963 1166 ποντοπόροισι
992 1110 1165 1154 v8866tv

71 1193 129 1228 33.
185 1195 302 1227 παλ.
332 1210 377 1218 -
420 1193 472 1233 εἰς
511 1190 676 1228 τούπίσω
719 1191 835 1239 ὁρμή-

26 1250 103 1279 σας.
127 1238 209 1272 Sch.

72 1285 128 1342 34.
177 1282 224 1318 έν
249 1282 437 1337 βήσσῃς.
463 1288 542 1325 τοῖς
566 1286 837 1342 γονιμωτάτοις

25 1331 88 1367 καὶ
127 1329 398 1377 βασιμωτάτοις
437 1330 568 1372 τόποις
613 1334 688 1367 τῶν
723 1329 834 1377 ὀροῖν.

28 1378 131 1434 (Ap.:
173 1377 390 1424 βῆσσαι.οὶ
425 1377 577 1433 βάσιμοι
616 1378 726 1415 τόποι
761 1392 836 1414 των

26 1423 155 1469 ὀρῶν.)
188 1444 227 1448 -
262 1426 389 1468 γυῖα.
416 1423 569 1467 γόνατα,
593 1425 695 1470 μέλη
731 1426 835 1470 (Ap.:

25 1474 114 1515 γυῖα
153 1472 289 1514 κυρίως
321 1470 435 1509 πόδες
469 1471 527 1505 καὶ
561 1473 708 1516 χεῖρες.)
753 1471 833 1505 Sch.

26 1523 248 1561 comparatur
280 1516 378 1560 Virg.
414 1518 456 1557 2,
483 1519 562 1553 379.
595 1528 717 1562 seqq-3
751 1517 833 1550 item

26 1563 156 1597 Ariost.
183 1564 258 1596 Orl.
285 1565 317 1605 1,
342 1564 397 1596 11.
422 1568 457 1595 et
479 1564 536 1603 39,
554 1563 610 1598 32.

70 1610 128 1644 35.
175 1589 376 1662 producitur
401 1614 572 1652 postrema
605 1607 704 1642 verbi
734 1605 831 1653 α’νεχ.

25 1660 169 1709 propter
186 1655 288 1688 ictum
306 1655 495 1694 metricum,
514 1667 702 1695 caesuram‚
727 1654 835 1688 inter-

27 1701 253 1748 punctionem.
297 1700 343 1733 cf.
377 1700 423 1735 24
465 1707 530 1735 etc.
573 1721 618 1727 —
663 1715 691 1736 ω
702 1714 834 1746 χρος

24 1748 160 1793 pallor,
195 1746 300 1781 semel
332 1746 460 1790 legitur
481 1759 547 1794 ap
583 1747 681 1781 Hom.
694 1775 703 1789 ,
743 1748 837 1792 quod

27 1793 130 1837 vulgo
150 1772 351 1837 ’intelligunt
374 1792 441 1827 τὸν
468 1794 606 1838 ώχρον,
643 1794 704 1828 sed
728 1799 836 1836 recte,

26 1839 63 1873 ni
81 1839 195 1895 fallor,
219 1839 348 1874 Buttm.
369 1841 467 1883 Auss.
485 1852 540 1884 gr.
566 1841 625 1873 Gr.
645 1841 680 1874 2.
705 1851 739 1884 p.
755 1841 836 1876 325.

26 1885 69 1920 τό
98 1897 235 1929 ωχρος,
268 1885 423 1928 quoniam
447 1885 615 1920 inusitata
639 1891 692 1919 est
722 1886 757 1919 in
782 1887 834 1920 al-

28 1937 105 1966 tera
139 1930 367 1965 declinatione
402 1931 571 1975 ejusmodi
611 1932 720 1964 forma
755 1933 838 1966 sub-

27 1977 192 2019 stantivi,
216 1988 237 2010 a
260 1976 362 2010 simili
381 1977 554 2021 adjectivo
579 1976 746 2017 derivati,
771 1989 835 2011 nec

27 2023 116 2058 sumi
140 2034 241 2069 posse
263 2022 402 2057 videtur
427 2023 544 2068 ω’χρὸς
571 2035 638 2077 pro
663 2036 760 2080 χρως
783 2021 834 2058 ‹13—

26 2068 125 2114 χρὸς,
145 2069 258 2114 ellipsi
276 2069 410 2113 pariter
428 2069 576 2103 insolita.
611 2069 661 2103 sic
681 2068 700 2104 ὁ
718 2083 836 2115 ωχρος

28 2115 112 2150 nihil
134 2115 227 2149 aliud
252 2114 318 2148 erit
350 2127 449 2160 quam
483 2118 594 2148 cicera
626 2115 723 2149 Liun.
734 2142 742 2158 ,
778 2118 834 2151 die

28 2173 140 2207 graue
164 2161 310 2202 zacher,
335 2162 379 2195 de
403 2174 470 2211 qua
495 2162 729 2206 Theophrast.
755 2163 833 2198 hist.

30 2208 137 2252 plant.
162 2207 196 2249 4,
218 2209 252 2242 2.
301 2209 367 2252 Ap.
383 2220 391 2240 z
415 2211 542 2252 ώχρος.
575 2208 744 2253 ὠχρίασις
767 2216 832 2246 etc.

73 2255 130 2290 36.
179 2251 304 2298 ἀγερ.
338 2253 384 2300 β’,
409 2257 489 2290 654.

61 2301 130 2336 39.
180 2299 403 2345 Δύσπαρι
435 2302 563 2335 dictum
589 2305 642 2334 est
666 2305 704 2334 ut
727 2302 836 2336 δυσε-

27 2345 115 2381 λένα
148 2357 202 2391 ap.
214 2346 354 2402 Eurip.
392 2348 455 2381 Or.
492 2348 593 2383 1349.
608 2347 702 2404 ipse
736 2348 833 2382 Hom.

29 2392 157 2438 Odyss.
183 2389 236 2435 ψ’,
260 2393 316 2428 97
341 2393 428 2427 dixit
461 2395 574 2438 μῆτερ
601 2391 668 2438 ἕμή
695 2392 836 2439 δύσμη-

0 2458 1 2464 1
28 2450 101 2483 τερ,
125 2438 178 2472 cui
197 2438 305 2472 simile
326 2446 379 2474 est
401 2439 520 2484 γάμος
545 2439 687 2484 ἄγαμος
710 2441 832 2486 Eurip.

31 2484 111 2520 Hel.
135 2484 214 2519 641.
239 2485 284 2518 cf.
308 2486 429 2546 Eurip.
453 2488 584 2521 Hecub.
610 2487 688 2521 587.
714 2487 831 2523 Schol.

30 2532 83 2565 A:
117 2528 303 2588 Δύσπαρι.
347 2531 405 2568 ἐπὶ
446 2546 547 2591 κακςοι
587 2530 835 2587 ωνομασμένε,

33 2577 104 2620 (Εε
129 2597 172 2603 —
197 2573 257 2613 ότι
284 2575 344 2613 ἐπὶ
371 2581 471 2626 κακῷ
489 2579 550 2615 καὶ
573 2577 755 2624 ἐγεννήθη
773 2580 835 2615 καὶ

30 2620 167 2667 ἐκλήθη
201 2622 334 2668 Πάρις.
392 2627 477 2672 Ap.:
520 2625 716 2670 δυσώνυμε
750 2627 834 2671 etc.)

28 2668 119 2704 uuus.
136 2668 247 2714 Πάρι.
271 2671 334 2706 καὶ
342 2669 494 2717 Ἀλκμοὶν
515 2684 624 2728 φησι·
651 2672 834 2707 Δύσπα-

33 2727 124 2759 ρις,
148 2715 440 2763 αἰνόπαρις,
471 2717 620 2754 κακόν
640 2715 836 2755 Ελλάδι

31 2763 336 2818 βωτιανείρῃ.
385 2771 562 2821 comparat
577 2767 613 2799 Η
632 2765 834 2808 κακοιλιον,

32 2819 103 2889 agn
128 2804 334 2890 ὄνομδαοιίιτην
349 2811 494 2902 γοτςίἶεε.
494 2811 650 2894 τᾶι260,
673 2810 835 2901 59v7vawg'}

121 2874 164 2880 —
507 2873 525 2893 τ
592 2873 655 2894 επι
787 2873 796 2892 ι

30 2898 240 2958 μαινόμενε,
266 2902 389 2946 (recte.
404 2904 454 2939 sic
464 2857 638 2950 Anuristoph.
655 2872 718 2939 Αἵ.
733 2907 834 2940 1020.

31 2945 183 2981 cicadam
212 2945 393 2995 ἦλιομανῆ
424 2951 523 2986 dixit.
550 2952 625 2995 Κ.)
651 2947 681 3008 ἢ
707 2954 834 2996 γυναῖ-

30 3004 97 3034 κας
123 2994 176 3035 εἰς
200 2996 340 3038 μανίαν
368 2996 491 3042 φέρων
521 2997 586 3033 διὰ
617 2996 660 3035 vd
688 2997 833 3039 κάλλος.

881 1191 1060 1236 (similiter
1085 1191 1154 1225 alii.
1181 1190 1308 1225 dictum
1341 1191 1479 1226 videtur
1507 1205 1693 1249 γυναιμα-

881 1237 949 1283 νής
981 1250 1014 1283 p
1045 1237 1331 1283 γυναιομανής)
1386 1237 1461 1284 ἠπ.
1507 1237 1693 1283 (inanem,

881 1284 1038 1328 ψεύσταν.
1067 1285 1214 1328 (dictum
1240 1285 1331 1319 haud
1357 1286 1460 1319 dubie
1484 1293 1538 1320 est
1561 1284 1693 1344 ἠπερο-

881 1330 1020 1372 πεύειν,
1036 1331 1123 1364 unde
1141 1329 1369 1365 derivatum'
1347 1332 1603 1389 ηπεροπευτὴς
1618 1333 1693 1367 sive

881 1375 1109 1422 η’περοπενς,
1143 1375 1217 1412 ἀπὸ
1248 1378 1317 1412 τοῦ
1344 1377 1495 1413 ὀπεύειν
1525 1378 1693 1434 ἤπειρον,

883 1426 925 1457 ab
950 1423 1165 1468 inspicienda
1201 1428 1307 1468 atque
1340 1426 1549 1469 exploranda
1582 1426 1693 1460 conti-

882 1474 1008 1509 nente-
1034 1469 1124 1513 quod
1144 1469 1278 1503 faciunt
1297 1477 1507 1505 mercatores
1531 1473 1586 1506 vel
1612 1484 1693 1517 per-

881 1515 1096 1559 egrinantes‚
1134 1515 1194 1548 sed
1219 1515 1319 1549 etiam
1355 1518 1565 1560 praedones,
1596 1530 1692 1552 men-

881 1561 963 1601 dici,
988 1566 1024 1595 et
1041 1560 1189 1594 homines
1207 1561 1433 1603 fraudulenti,
1458 1563 1516 1607 qui
1538 1576 1604 1598 non
1628 1565 1692 1598 ha-

881 1608 964 1640 bent
982 1607 1083 1640 larem
1098 1612 1239 1640 certum.
1265 1607 1300 1640 id
1321 1620 1440 1652 genus,
1459 1610 1611 1644 breviter
1631 1612 1692 1645 de-

881 1653 1047 1699 scriptum
1073 1653 1202 1696 Odyss.
1227 1651 1268 1694 λ’,
1291 1654 1530 1697 364—366.,
1556 1661 1693 1691 nostra-

882 1706 934 1733 tes
971 1705 1098 1732 vocant
1131 1699 1377 1742 Landsahrer,
1410 1701 1691 1745 Lundstreicher,

884 1745 996 1790 qualis
1023 1746 1165 1778 Hectori
1197 1745 1292 1779 visus
1322 1747 1429 1781 fuerit
1457 1748 1582 1790 Paris,
1615 1761 1692 1783 cum

882 1791 1037 1836 improbo
1069 1791 1208 1825 consilio
1239 1793 1414 1837 profectus
1446 1796 1557 1828 estin
1575 1797 1692 1830 Grae-

884 1838 982 1871 ciam.
1049 1849 1116 1871 non
1146 1839 1360 1882 congruebat
1396 1841 1595 1876 hexametro
1637 1842 1693 1875 di-

883 1884 1098 1933 phthongus:
1116 1896 1221 1927 quare
1236 1886 1507 1943 procuderunt
1485 1887 1692 1931 ηπεροπεύ-

884 1942 949 1971 ειν,
971 1937 1009 1963 ut
1025 1930 1188 1973 Ερμέας,
1206 1930 1356 1975 θηλέας,
1376 1930 1482 1974 ωκέα,
1505 1946 1593 1978 quae
1610 1946 1693 1969 usus

882 1977 957 2020 ejus
982 1976 1136 2021 exempla
1160 1977 1306 2021 protulit
1329 1979 1396 2012 Th.
1421 1991 1454 2023 p
1475 1982 1556 2015 222.
1586 1993 1693 2037 quan-

883 2034 981 2067 quam
1004 2022 1081 2055 ficri
1105 2028 1220 2067 potest
1248 2029 1285 2057 ut
1313 2023 1407 2059 initio
1429 2026 1618 2061 dixerint'
1603 2026 1694 2072 ήπε-

882 2081 946 2112 ρος
972 2080 991 2101 a
1014 2082 1057 2103 πε
1053 2068 1157 2112 ρας.)
1207 2071 1403 2113 germanice
1433 2072 1529 2106 dicas
1559 2074 1607 2107 du
1632 2087 1694 2108 ra-

880 2116 1004 2148 semler
1025 2116 1359 2159 Frauenversiilncr.
1407 2118 1457 2152 sic
1484 2119 1602 2154 itidem
1621 2121 1695 2155 He-

882 2167 956 2195 otor
979 2160 1022 2203 ν,
1051 2162 1131 2216 7695

926 2208 981 2242 40
1001 2207 1130 2242 numeri
1147 2208 1366 2243 vehementes
1380 2211 1605 2255 anapaestici,
1617 2212 1694 2257 qui-

884 2254 977 2287 bus
968 2266 1020 2288 1ra
1039 2254 1202 2288 Hectoris
1223 2255 1452 2299 significatur.
1499 2258 1602 2292 Sch.:
1625 2258 1692 2304 ἄν.

883 2313 903 2335 τ
948 2300 1133 2344 ἔμεναι.
1157 2299 1208 2346 μή
1229 2304 1483 2358 γεγεννῆσθαι.

930 2347 985 2382 41.
1020 2348 1100 2381 καί
1123 2359 1170 2382 κε
1193 2347 1244 2383 τὸ
1270 2350 1399 2398 βουλ
1425 2350 1488 2384 καὶ
1509 2349 1555 2407 δὴ
1578 2353 1694 2388 τοῦτο

881 2390 1032 2450 ἤθελον.
1089 2393 1168 2428 καὶ
1279 2398 1372 2440 ᾐεν.
1405 2397 1467 2432 καὶ
1495 2396 1563 2442 γὰρ
1591 2395 1692 2434 ον’τω

880 2439 975 2475 πολυ
996 2439 1139 2496 βέλτιον
1158 2435 1204 2485 ἦν
1220 2437 1321 2496 ἡμῖν..
1343 2442 1424 2477 Sch.

927 2486 984 2521 42.
1023 2483 1255 2530 υπόψιον.
1290 2487 1339 2521 sic
1359 2488 1516 2522 meliores
1540 2490 1665 2533 libri,
1655 2503 1694 2525 ιιι

882 2534 1005 2578 quibus
1027 2533 1102 2566 Ald.
1122 2535 1168 2575 3.
1192 2534 1284 2578 quod
1303 2535 1395 2579 fugit
1407 2535 1600 2592 Heyneum.
1632 2538 1693 2572 alii

881 2580 991 2634 Ininus
1008 2580 1113 2613 bene:
1140 2579 1317 2635 ἐπόψιον.
1355 2583 1438 2634 Apa
1462 2580 1690 2625 νπόψιον.

881 2623 1053 2661 ὕποπτον
1085 2627 1149 2661 καὶ
1182 2623 1505 2682 ὑποβλεπόμενον
1553 2630 1691 2674 Etym..

880 2669 947 2707 τὸν
964 2670 1246 2708 ὑποπτεύεσθαι
1265 2670 1342 2709 νπὸ
1361 2675 1435 2709 τῶν
1451 2670 1607 2711 πάντων
1625 2676 1690 2712 καὶ

879 2721 1072 2763 μισεῖσθαι
1091 2717 1210 2763 ἄξιον.
1237 2720 1282 2754 cf.
1307 2721 1353 2754 Η.

926 2765 983 2807 44,
1003 2767 1036 2800 5.
1086 2765 1282 2809 φάντες.
1305 2768 1363 2802 28.
1387 2787 1433 2792 —-
1468 2765 1613 2811 ἀριστ.
1644 2781 1690 2802 α-

882 2823 1018 2855 ριστον.
1055 2812 1117 2855 (cf.
1143 2810 1190 2854 α’,
1212 2814 1305 2854 227,
1316 2811 1386 2871 ,’,β,
1415 2811 1515 2858 404.)
1571 2812 1690 2857 πρό-

880 2870 979 2902 μον.
1002 2857 1207 2915 πρόμαχον.
1254 2857 1336 2918 έμπ.
1365 2858 1487 2894 ε’πεστί
1506 2860 1687 2894 601.Sch.

926 2903 984 2941 46.
1030 2919 1050 2939 τ
1063 2918 1082 2940 ο
1097 2905 1137 2942 ιό
1150 2907 1228 2941 σδε
1261 2904 1278 2941 ἐ
1292 2904 1362 2940 τόν.
1405 2905 1516 2950 turpis
1559 2906 1688 2940 hiatus.

879 2962 943 2984 nec
966 2955 1079 2986 tamen
1100 2952 1316 2987 scribendum
1349 2956 1403 2985 est
1435 2951 1620 2985 secundum
1643 2952 1687 2985 Ε.

880 3008 959 3031 ann.
984 2998 1029 3032 ad
1051 2996 1095 3040 σ’,
1119 3010 1155 3044 Ρ.
1175 2999 1276 3034 1152.
1299 2998 1471 3039 τοιοῦτος
1489 2995 1573 3040 ε’ὠν,
1597 3010 1688 3043 quae
