1811 3269
82 202 166 242 118

724 199 1126 240 OMHPOY

123 310 406 367 640*κνήστι
433 310 632 379 χαλκείῃ,
664 308 734 352 έπὶ
764 305 808 352 δ’
841 307 1002 364 άλφιτα
1033 307 1165 352 λευκὰ
1197 308 1402 360 πάλυνεν,

252 368 482 422 πινέμεναι
513 364 553 410 δ’
586 365 826 415 ἐκέλευσεν
859 366 951 409 ἐπεί
982 365 1028 420 ῥ’
1061 365 1248 409 ὥπλισσε
1279 382 1453 409 κυκειω

248 425 309 468 τῶ
343 423 387 468 δ’
418 423 510 468 ἐπεὶ
543 420 627 466 οὖν
657 421 827 466 πίνοντ’
860 422 1029 479 ἀφέτην
1058 423 1341 477 πολυκαγκέα
1372 425 1519 475 δίψαν,

249 481 463 550 μύθοισιν
493 480 705 534 τέρποντο
737 478 850 548 πρὸς
881 480 1097 536 ἀλλήλους
1128 479 1366 531 ἐνέποντες.

334 536 593 590 Πάτροκλος
623 537 670 581 δὲ
698 535 895 607 θύρῃσιν
924 537 1152 592 ἐφίστατο,
1185 535 1362 587 ισόθεος
1392 535 1499 592 φώς.

138 600 220 642 645
250 595 328 639 τὸν
360 595 406 638 δε
437 595 545 638 ἰδών
575 594 599 638 ὁ
630 594 807 648 γεραιός
837 593 923 637 άπὸ
955 593 1130 648 θρόνου
1162 595 1277 647 ὦρτο
1309 598 1512 649 φαεινοῦ,

252 652 296 702 ές
327 649 369 695 6'
403 651 480 707 ἄγε
509 651 653 722 χειρός
684 651 812 699 ἔλων,
845 668 956 694 κατα
987 650 1033 694 6²
1064 650 1328 705 ἑδριάασθαι
1357 651 1542 706 ἄνωγεν.

254 707 515 762 Πάτροκλος
547 707 585 752 δ’
621 708 835 763 ἑτέρωθεν
865 707 1087 761 ἀναίνετο,
1119 709 1209 751 εἰπέ
1237 724 1281 750 τε
1312 712 1485 762 μῦθον·

333 765 459 822 ,,Οὐχ
490 765 586 816 ἕδος
616 765 729 817 ἐστὶ,
763 765 907 819 γεραιὲ
939 765 1191 821 διοτρεφὲς,
1223 763 1329 808 ου’δέ
1360 781 1411 821 με
1440 766 1620 818 πείσεις·

256 824 445 874 αἰδοῖος,
476 823 730 891 νεμεσητὸς,
762 821 788 865 ὅ
817 838 869 877 με
898 824 1086 878 προέηκε
1114 821 1352 873 πυθέσθαι,

137 881 222 925 650
253 879 406 923 ὅντινα
435 884 596 923 τοῦτον
608 878 743 947 ἄγεις
774 879 1054 949 βεβλημένον.

1117 878 1227 922 αλλα
1256 880 1330 922 καὶ
1362 877 1495 930 αὐτὸς

254 935 505 1007 γιγνώσκω·
538 935 655 990 ὁρόω
688 936 734 979 δὲ
765 936 1008 991 Μαχάονα,
1039 937 1229 1007 ποιμένα
1259 940 1390 978 λαῶν.

255 998 341 1037 νῦν
373 993 419 1037 δε
451 994 552 1042 ε’πος
582 992 717 1047 ἐρέων
745 992 877 1036 πάλιν
908 993 1089 1049 άγγελος
1120 991 1210 1066 εἶμ’
1238 991 1409 1049 Ἀχιλῆϊ.

253 1046 306 1094 εὐ
335 1051 381 1094 δὲ
411 1051 466 1093 σύ
498 1048 653 1100 οἶσθα,
683 1066 829 1106 γεραιε
860 1050 1106 1105 διοτρεφὲς,
1136 1054 1230 1100 οἷος
1260 1050 1427 1100 ἐκεῖνος

254 1108 398 1159 δεινός
429 1106 558 1164 άνήρ·
590 1109 698 1162 τάχα
727 1124 804 1151 κεν
835 1108 909 1151 καὶ
938 1107 1139 1152 αναίτιον
1170 1106 1399 1165 αἰτιόῳτο.“

304 1199 375 1222 rem
411 1187 532 1221 ordine
567 1191 707 1221 enarrat
738 1188 891 1230 Nestor,
922 1193 958 1222 et
991 1188 1156 1223 Achillem
1180 1188 1429 1233 reprehendit,
1466 1188 1524 1232 qui
1549 1186 1734 1221 Graecis·
1724 1199 1762 1221 m

223 1239 321 1268 tanto
346 1234 546 1267 discrimine
571 1245 637 1267 non
663 1234 876 1278 subveniat,
911 1246 984 1269 cum
1010 1234 1142 1281 possit3
1178 1246 1254 1268 nam
1278 1246 1316 1269 se
1340 1235 1478 1280 quidem
1497 1235 1569 1279 jam
1592 1245 1661 1268 non
1687 1245 1762 1268 euru

223 1292 325 1322 esse,
350 1280 409 1325 qui
434 1280 512 1314 olim
536 1279 663 1321 fuerit,

140 1349 224 1393 655

346 1347 433 1391 T6v
469 1346 514 1391 δ’
543 1345 733 1420 ἠμείβετ’
767 1348 912 1391 ε’πειτα
944 1347 1154 1417 Γερήνιος
1184 1348 1346 1391 ἱππότα
1377 1349 1590 1402 Νέστωρ·

254 1406 401 1457 ,,τίπτε
431 1402 472 1448 τ’
508 1404 562 1458 άρ
616 1402 698 1449 ὧδ’
728 1402 919 1475 Ἀχιλεύς
947 1404 1214 1460 ὀλοφύρεται
1243 1403 1343 1455 υἷας
1370 1405 1562 1461 Ἀχαιῶν,

253 1461 381 1506 όσσοι
412 1461 465 1518 δὴ
498 1462 671 1532 βέλεσιν
702 1461 961 1533 βεβλήαται,
994 1461 1099 1506 οὐδέ
1132 1480 1173 1506 τι
1205 1460 1326 1506 οἶδεν

253 1520 441 1569 πένθεος
471 1519 606 1563 ὅσσον
637 1517 780 1575 ὄρωρε
811 1537 920 1563 κατα
953 1519 1170 1574 στρατόν,
1203 1521 1247 1562 οἱ
1275 1536 1359 1575 γαρ
1391 1517 1566 1574 άριστοι

255 1577 305 1620 ἐν
334 1575 494 1632 νηυσὶν
524 1577 674 1620 κέαται
705 1577 984 1633 βεβλημένοι,
1016 1576 1252 1647 ου’τάμενοί
1280 1593 1338 1620 τε.

140 1638 225 1679 660
255 1634 462 1705 βέβληται
491 1650 571 1689 μεν
602 1632 626 1678 6
662 1636 893 1689 Τυδείδης,
924 1634 1136 1689 κρατερὸς
1164 1634 1416 1704 Διομήδης·

261 1691 486 1748 [βέβληται
515 1691 562 1735 δὲ
591 1692 666 1735 καὶ
695 1690 969 1747 Εὐρύπυλος
997 1691 1108 1735 κατὰ
1137 1690 1283 1747 μηρὸν
1314 1689 1466 1747 ὀϊστῷ·
1477 1694 1490 1744 ]

87 1796 137 1846 ἦν
162 1815 237 1846 αρα
260 1804 374 1839 τοῦτο
400 1805 467 1849 τῆς
491 1803 714 1849 Δημήτρας,
749 1804 809 1838 ubi
834 1805 903 1838 Pe-

83 1848 191 1883 rizon.
228 1860 294 1883 non
319 1850 386 1884 loci
419 1851 458 1884 id
492 1864 636 1893 nomen,
669 1851 729 1884 sed
765 1851 904 1895 generis

85 1894 266 1938 vinorum,
291 1897 400 1932 fuisse
425 1897 624 1936 contendit,
656 1897 730 1931 scil.
757 1908 904 1941 genero-

84 1941 210 1975 siorum
229 1944 360 1977 austeri
374 1950 511 1987 gustus
548 1943 618 1977 vini
631 1943 788 1977 Pramnei
806 1954 904 1978 usum

85 1987 274 2029 medicum,
308 1995 434 2034 utpote
467 1993 693 2034 φλεγμοναῖς
718 1988 904 2031 ἐναντιον,

86 2014 274 2079 praedicat'
294 2037 420 2070 Athen.
446 2037 530 2081 epit.
555 2036 637 2070 libri
666 2039 696 2071 1.
723 2048 756 2080 p.
785 2041 839 2077 10,
862 2037 904 2077 Α,

85 2080 126 2113 Β.
182 2081 269 2124 Apa
307 2084 519 2127 Πραμνείῳ.
565 2079 649 2127 ἦτοι
679 2083 749 2137 τῷ
768 2082 806 2117 ἐκ
840 2084 906 2126 τῆς

84 2128 294 2170 πραμνειάς
311 2129 502 2186 (Πραμν.)
521 2127 689 2172 ἀμπέλου
708 2125 828 2170 οὕτως
848 2131 905 2163 λε-

85 2172 242 2218 γομένῳ.
292 2175 329 2210 οἱ
364 2174 405 2211 δὲ
439 2190 489 2221 τῳ
521 2178 669 2222 παλαιῷ
692 2176 755 2211 καὶ
779 2189 904 2219 παρα-

85 2219 317 2276 μεμενῃκίτι,
343 2223 459 2258 οἱονεὶ
483 2224 718 2268 παραμενείῳ
738 2223 803 2267 (Ε)
830 2221 904 2256 τινὶ

85 2265 178 2302 ὄντι.
236 2263 256 2303 ὁ
300 2266 341 2303 δε
374 2268 526 2304 Ἀπιηων
571 2271 780 2326 πραμνείῳ,
820 2267 902 2303 οἷον

85 2315 300 2356 πραῦντικῷ
326 2315 379 2358 (⁴²)
404 2317 466 2351 καὶ
493 2314 702 2359 πραῧνοντι
726 2315 768 2351 τὸ
793 2315 904 2359 μένος

86 2362 162 2393 τῶν
195 2360 383 2396 πινόντων
417 2360 483 2397 διὰ
517 2363 559 2399 τὸ
598 2361 758 2398 εὔποτον
783 2360 903 2396 αὐτόν

88 2405 196 2441 εἶναι.
246 2407 541 2465 Aristoph.1⁴2qu
571 2412 674 2445 106.
708 2410 903 2447 Νικίας.

87 2450 255 2496 σπονδὴν
286 2453 375 2498 λαβε
408 2454 454 2509 δη
489 2456 550 2490 καὶ
577 2459 727 2491 σπεῖσον
753 2454 904 2497 ἀγαθοῦ

88 2501 291 2544 δαίμονος]
315 2499 422 2544 “’Elz
425 2525 435 2541 ‚
471 2500 548 2537 ἕλκε
576 2499 644 2546 τήν
676 2503 759 2549 tofi„
771 2503 907 2545 δαίμο-

86 2558 153 2586 νος
176 2546 246 2581 τοῦ
272 2548 494 2590 Πραμνίου]
540 2551 712 2605 Δῆμος.
745 2543 790 2584 ’.Ω
818 2550 904 2584 δαῖ-

87 2604 160 2636 μον
192 2591 349 2661 ἀγαθὲ,
392 2593 459 2629 σὸν
505 2594 549 2630 τὸ
593 2594 794 2641 βούλευμ’,
837 2594 907 2630 οὐκ

87 2637 196 2683 ἐμόν.

133 2686 202 2721 639
226 2696 325 2729 sequ.
374 2685 445 2731 κνῆ
477 2697 539 2730 pro
574 2685 684 2732 ε’,κνη
725 2699 745 2720 a
781 2689 907 2732 κνῆμι,

87 2736 127 2764 ut
151 2731 253 2765 docet
279 2732 395 2775 Etym.
442 2733 621 2766 nonnullas
647 2713 725 2767 mid.
753 2735 908 2768 Aristar-

88 2778 193 2810 cheas
220 2778 380 2811 habuisse
404 2778 485 2813 uv5'5
511 2790 531 2812 a
556 2780 697 2820 κνέειν,
724 2792 766 2813 ex
792 2781 907 2814 Hera-

88 2823 179 2858 clide
205 2824 435 2858 Alexandrino
459 2826 595 2859 notavit
622 2827 651 2860 E
678 2838 712 2871 p.
736 2826 825 2867 872,
847 2829 905 2862 28.

87 2870 346 2924 Harpocration
378 2882 412 2903 v.
446 2870 635 2915 γναφεύς·
669 2893 715 2898 --
740 2871 781 2907 τὸ
817 2874 907 2914 uma,

89 2911 111 2950 ὃ
136 2917 307 2960 σημαίνει
330 2915 372 2951 τὸ
398 2915 498 2959 ξύω,
534 2918 630 2952 hisce
657 2919 818 2952 versibus
845 2920 907 2952 ad-

26 2998 29 2999 ⁷
89 2962 242 3007 scriptis.
261 2981 307 2987 —·
329 2976 351 2996 κ
363 2964 418 3007 νή
428 2975 448 2998 σ
459 2977 479 2998 τ
492 2978 504 2998 ι
528 2964 655 2998 dictum
669 2971 723 2998 est
735 2976 797 3009 pro
818 2979 860 3000 m
864 2964 907 3010 ή-

89 3013 165 3042 στιϊ
187 3020 250 3052 per
274 3010 570 3051 contractionem,
605 3011 800 3056 posteriore
829 3011 906 3046 lon-

88 3065 156 3098 ga:
178 3054 307 3100 alioqui
323 3056 491 3102 scriptum
510 3057 664 3102 oportuit
682 3059 821 3102 κνῆστι.
844 3058 906 3093 sed

950 1805 1060 1839 malim
1085 1804 1255 1849 κνήστεϊ,
1290 1815 1364 1837 cum
1391 1803 1595 1848 praesertim
1619 1803 1767 1848 κνήστει

950 1852 1086 1895 legatur
1111 1863 1167 1895 ap.
1193 1850 1311 1885 Schol.
1335 1853 1384 1891 A,
1410 1850 1526 1894 Etym.
1539 1875 1548 1893 ,
1581 1854 1616 1884 et
1639 1850 1674 1884 in
1700 1863 1766 1884 uno

950 1897 1038 1931 libro
1063 1897 1213 1932 Vindob.
1248 1899 1314 1940 Ap.
1330 1909 1338 1930 ε
1364 1897 1526 1939 κνῆστις.
1561 1908 1767 1938 σκενος,ω
1743 1933 1752 1943 ,

952 1942 1142 1986 ε’πιξύουσι
1177 1942 1243 1979 τὸν
1277 1941 1391 1985 τυρόν
1422 1946 1489 1977 etc.
1537 1943 1647 1977 minus
1671 1949 1768 1978 recte

951 1991 1058 2023 Sen-
1050 2015 1058 2023 .
1081 1992 1267 2034 μαχαιρίῳ
1284 1988 1489 2033 τυροτὸμῳ.
1525 1990 1768 2035 τυρόκνηστιν

952 2041 1056 2070 vocat
1081 2038 1260 2082 Aristoph.
1290 2037 1398 2082 Vesp.
1423 2038 1504 2072 906.
1531 2040 1567 2071 et
1591 2037 1688 2072 alias.
1723 2057 1767 2062 -—

952 2082 1179 2119 πάλυνεν.
1214 2083 1259 2124 κ’,
1286 2084 1320 2118 7.

999 2129 1215 2166 645—647.
1264 2126 1346 2164 τὸν
1371 2127 1420 2165 δὲ
1446 2127 1578 2163 ἰδών.
1615 2128 1697 2164 345.
1721 2149 1767 2154 -

951 2176 1056 2209 δάιε
1081 2175 1200 2211 κατὰ
1233 2173 1272 2210 δ’
1300 2174 1395 2219 έδρ.
1427 2176 1667 2217 καθέζεσθαι.
1700 2176 1766 2220 (cf.

951 2223 1039 2263 777,
1065 2223 1136 2257 Od.
1160 2222 1205 2268 γ’,
1229 2223 1306 2267 35.)
1367 2221 1615 2258 ἀναίνετο.
1649 2220 1770 2268 ἄπηρ-

949 2281 1061 2303 νειτο.

997 2314 1211 2351 648-654.
1246 2313 1331 2359 οὐχ
1358 2314 1478 2356 ἕδος.
1503 2311 1572 2349 οὐκ
1591 2313 1666 2349 ἐστι
1688 2326 1769 2348 και-

949 2361 1014 2404 ρός
1038 2374 1103 2405 μοι
1124 2362 1193 2396 νῦν
1218 2363 1286 2397 τοῦ
1310 2362 1551 2403 καθέζεσθαι.
1594 2360 1678 2402 ἕδος
1697 2359 1768 2404 γάρ

950 2405 972 2454 ἡ
1007 2408 1177 2452 καθέδρα
1209 2410 1290 2443 νῦν.
1347 2409 1427 2452 (sic
1462 2408 1566 2442 etiam
1597 2407 1653 2451 ψ’,
1686 2409 1768 2443 205.

953 2454 1022 2498 οὐχ
1047 2454 1159 2498 ἕδρας
1184 2453 1284 2501 ἄγων
1311 2457 1429 2488 eodem
1449 2466 1549 2488 sensu
1567 2454 1656 2488 dixit
1675 2455 1768 2488 Tra-

952 2503 1051 2546 gicus
1088 2504 1218 2536 Oreste
1252 2502 1354 2536 1258.
1409 2500 1673 2545 „Bacchylides
1711 2511 1768 2544 ap.
1810 2508 1811 2528 1

952 2548 1094 2590 Dionys.
1120 2549 1198 2582 Hal.
1216 2548 1260 2582 de
1279 2526 1444 2606 Compos}
1462 2548 1557 2582 verb.
1577 2548 1632 2581 25.
1655 2558 1690 2603 p.
1711 2548 1768 2582 55.

955 2595 1009 2628 ed.
1038 2594 1168 2628 Hudsa
1195 2592 1300 2639 οὐχ
1287 2593 1400 2636 ἕδρας
1426 2592 1552 2638 εἶ’,ργον
1587 2591 1655 2628 οὔτ
1695 2591 1768 2635 ἆμ-

954 2642 1107 2696 βολοῖςῧ
1133 2642 1186 2674 Ea:
1210 2642 1254 2674 H.
1291 2659 1338 2665 —
1373 2641 1571 2677 αἰδοῖος
1596 2637 1660 2682 [γ’,
1687 2640 1768 2679 172,

955 2685 998 2729 σ’,
1032 2687 1103 2721 394
1134 2689 1245 2730 etc.,]
1283 2688 1472 2727 vere-udus,
1515 2685 1767 2730 suspiciendus.

954 2747 975 2767 ν
985 2746 1001 2768 5
1011 2746 1036 2776 μ
1049 2746 1064 2768 5
1077 2745 1097 2767 6
1107 2747 1129 2777 η
1139 2747 1159 2767 τ
1169 2732 1188 2769 ό
1201 2747 1229 2774 ς.
1244 2734 1358 2767 active
1371 2733 1497 2766 dictum
1509 2745 1542 2778 p.
1556 2731 1768 2776 νεμεσητής,

955 2778 974 2814 ὁ
1006 2782 1179 2823 νεμεσῶν.
1222 2792 1254 2813 ν.
1291 2780 1341 2822 Ε,
1368 2781 1421 2821 Η,
1448 2780 1541 2820 653,
1578 2777 1621 2820 4,
1654 2784 1691 2812 et
1723 2779 1769 2812 de

952 2826 1020 2860 isto
1046 2838 1107 2860 usu
1133 2826 1320 2860 verbalium
1346 2826 1381 2859 in
1405 2824 1469 2865 τὸς
1488 2826 1616 2859 Matth.
1637 2827 1671 2867 §.
1685 2825 1767 2865 215,

953 2875 1008 2908 2..
1034 2885 1095 2906 nos
1119 2885 1196 2906 ann.
1224 2873 1267 2906 ad
1293 2873 1408 2929 Soph.
1427 2873 1558 2906 Trach.
1581 2871 1663 2913 423,
1686 2873 1768 2911 567,

954 2919 1101 2954 Philoct.
1131 2921 1199 2955 659
1230 2926 1296 2953 etc.
1307 2919 1324 2962 )
1385 2917 1536 2953 οέναίτ.
1569 2919 1661 2952 αἰτ.
1705 2917 1768 2952 καὶ

953 2964 1036 3045 ¹§6111²
1042 2964 1093 3011 μὴ
1119 2966 1240 3000 αἴτιον
1265 2978 1317 3006 ως
1341 2965 1465 3000 αι’τιον
1497 2963 1683 3009 μέμψοιτο
1709 2977 1768 2998 αν.

983 3024 1001 3045 c

999 3059 1080 3094 661.
1130 3069 1253 3092 versus
1286 3057 1373 3093 male
1409 3058 1477 3091 huc
1509 3056 1627 3091 iilatus
1652 3068 1694 3090 ex
1720 3054 1770 3095 π’,
