1811 3269
731 122 1131 168 OMHPOY

272 227 434 286 πέτρης
464 230 511 274 ἐκ
540 235 771 289 γλαφυρῆς
800 235 885 279 αιέὶ
913 234 1017 279 νέον
1045 235 1339 293 ἐρχομενάων·

270 287 494 342 βοτρυδὸν
524 289 570 331 δὲ
598 290 804 334 πέτονται
831 290 900 335 ἐπ’
933 292 1120 337 ἄνθεσιν
1155 296 1440 348 εἰαρινοῖσιν·

187 345 242 386 90
272 344 320 385 αῖ
348 343 429 398 μέν
457 343 498 387 τ’
531 344 641 388 ἔνθα
672 346 767 399 ἅλις
795 349 1085 406 πεποτήαται,
1117 353 1165 394 αἰ
1193 352 1240 395 δέ
1268 368 1313 396 τε
1344 353 1473 398 ἔνθα·

272 396 334 449 ὥς
361 404 449 443 τῶν
478 400 609 444 ἔθνεα
638 404 776 448 πολλοὶ
804 409 918 449 νεῶν
947 405 1037 449 ἄπο
1065 407 1140 450 καὶ
1169 408 1380 454 κλισιάων

270 453 420 510 ἠϊόνος
450 457 727 512 προπάροιθε
756 465 939 518 βαθείης
967 461 1224 518 ἐστιχόωντο

268 512 423 556 ἰλαδόν
451 516 513 564 εἰς
549 513 740 573 ἀγορήν·
773 521 877 572 μετὰ
907 519 953 562 δὲ
983 521 1136 574 σφίσιν
1154 519 1296 565 Ὄσσα
1325 522 1484 579 δεδήει,

269 567 509 623 ὀτρύνουσ’
540 571 676 625 ἰέναι,
712 577 816 627 Διὸς
846 575 1048 632 ἅγγελος·
1081 578 1128 619 οἱ
1153 574 1196 620 δ’
1231 576 1455 634 ἀγέροντο.

180 627 236 670 95
264 626 453 682 τετρήχει
482 625 527 671 δ’
557 627 721 687 ἀγορή,
754 631 842 677 ὑπὸ
874 634 1218 690 δὶα-*στεναχίζετο
1247 640 1366 690 γαῖα,

264 686 384 725 λαῶν
415 683 619 738 ἱζόντων,
653 687 818 743 ὅμαδος
847 689 890 734 δ’
921 691 1000 745 ἠν·
1031 689 1158 733 ἐννέα
1187 691 1234 733 δέ
1265 702 1403 748 σφεας

264 738 451 796 κήρυκες
479 741 698 799 βοόωντες
728 746 936 802 ἐρήτυον,
966 745 1108 790 εἴποτ’
1142 745 1277 804 άῦτῆς

138 841 195 875 88.
240 845 379 888 γλαφ.
410 846 555 892 κοίλης,
589 859 610 881 a
634 847 777 893 γλάφω.
820 849 907 895 γλά-

92 899 146 929 φυ
171 890 326 934 πετρῆεν
359 891 476 926 eodem
505 904 609 927 sensu
641 895 729 929 dixit
760 896 905 931 Hesiod.

92 933 137 966 Ο.
163 939 198 966 et
221 934 263 968 D.
287 936 386 978 533„
413 939 471 972 ubi
497 939 638 974 Schol.:
664 940 801 986 γλάφυ,
826 944 905 978 κοί-

91 981 208 1022 λωμα.
243 1000 289 1006 -
338 984 459 1025 αἰεὶ,
483 997 636 1031 semper,
663 989 697 1021 h.
719 1000 749 1021 e.
775 990 904 1024 identi-

91 1026 181 1059 dem.
207 1046 252 1052 -
283 1027 400 1065 νέον,
426 1030 491 1078 νέᾳ
515 1044 553 1066 τε
582 1033 700 1075 (scrib.
718 1036 782 1080 τῇ)
806 1035 902 1079 πτή-

90 1082 145 1107 σει
166 1073 384 1118 χρωμένων,
410 1074 460 1117 ὥς
486 1080 650 1122 νομίζειν
675 1081 806 1118 νεωστὶ
835 1081 900 1127 ἀρ-

88 1115 157 1163 χὴν
174 1121 424 1166 πεποιηκέναι.
451 1124 534 1158 Sch.

137 1166 196 1201 89.
243 1168 267 1213 β
279 1181 370 1213 οτρ.
393 1172 709 1216 συνεστραμμέναι
724 1173 788 1209 καὶ
809 1186 898 1210 συνΒ

88 1210 244 1255 ηγμέναι
273 1212 323 1255 ὦς
354 1215 392 1250 ἐν
420 1215 579 1264 βότρυος
611 1218 780 1264 σχήματι.
815 1222 897 1256 Sch.

87 1256 193 1302 ἑτέρα
210 1261 275 1304 τῆς
297 1260 421 1305 ἑτέρας
440 1262 613 1309 ἐχομένη,
640 1264 691 1305 ὠς
709 1267 745 1301 οἱ
764 1264 900 1314 βότρυς

88 1303 156 1346 τοὶς
193 1304 312 1351 ῥάγας
350 1308 508 1352 ἔχουσιν.
543 1313 609 1354 Ap.
656 1313 814 1348 similiter
855 1314 899 1348 de

88 1351 232 1395 apibus,
257 1359 446 1389 annotante
470 1356 519 1390 ibi
553 1357 765 1401 Villoisono,
801 1360 897 1404 Virg.

87 1397 220 1442 Georg.
242 1399 283 1441 4,
308 1402 407 1437 558.=
434 1403 537 1437 lentis
561 1414 688 1438 uvam
716 1405 898 1441 demittere

85 1446 205 1478 ramis.
237 1447 376 1492 βοτρ.,
402 1450 546 1484 verbum
571 1447 674 1493 ἅπαξ
688 1449 895 1496 λεγόμενον,

84 1490 228 1526 mediam
260 1493 454 1537 producere
488 1495 650 1539 videtur,
682 1504 721 1531 ut
747 1497 895 1542 ὥρυδὸν

84 1548 143 1590 ap.
161 1537 311 1574 Nicand.
324 1539 420 1574 Alex.
438 1542 519 1577 222.
544 1553 737 1587 quanquam
759 1551 797 1579 et
814 1545 894 1578 bre—

83 1593 138 1617 vis
169 1583 256 1618 ferri
283 1592 402 1630 posset
426 1587 494 1622 ista
517 1588 663 1632 syllaba.
694 1601 728 1624 v.
752 1602 830 1624 ann.
851 1591 895 1624 ad

82 1625 129 1670 α’,
157 1630 236 1666 193.
280 1651 327 1657 —
373 1630 445 1668 ἔπ’
487 1630 694 1669 ἄνθεσιν
725 1647 789 1680 pro
826 1635 892 1672 ἐπ’

81 1671 206 1711 ἄνθεα
230 1676 356 1712 dictum
377 1690 453 1713 esse
469 1680 568 1724 ajunt
591 1682 618 1714 A
646 1681 762 1717 Schol.
787 1687 825 1716 et
848 1683 894 1724 Ε,

81 1728 122 1757 ut
145 1716 297 1777 {hag-'3'
324 1723 384 1760 ἐπὶ
403 1724 584 1770 Κρήτεσσι
606 1724 652 1769 δ’,
676 1729 757 1764 251.
791 1730 836 1763 cf.
859 1730 892 1765 6.

126 1770 185 1805 90.
233 1773 347 1811 αλις.
371 1772 542 1815 δαψιλῶς
561 1773 623 1808 καὶ
649 1770 805 1817 ἁθρόως
823 1774 893 1819 (ita

80 1815 166 1850 haec
184 1817 368 1851 scribenda
387 1819 497 1863 sunt.)
510 1824 576 1854 etc.
601 1820 683 1856 sch.
716 1833 892 1862 πεποτ.,

79 1862 200 1895 volare
235 1864 357 1898 solent.
415 1865 516 1901 Scin:
555 1864 742 1902 πέτονται.
778 1880 812 1902 v.
842 1867 892 1910 α’,

78 1908 139 1949 37,
165 1907 291 1944 Matth.
318 1911 373 1952 ἓξ.
390 1913 473 1951 503,
498 1912 580 1947 505.
609 1916 724 1957 potest
743 1925 893 1958 quoque,

80 1959 119 1988 ut
138 1955 328 1999 perfectum
348 1956 523 2001 significet
546 1957 759 1993 celeritatem
782 1960 893 1994 actio-

80 1999 153 2044 nis,
187 2001 467 2045 quemadmodum
501 2003 650 2051 βεβήκει
683 2005 811 2039 dictum
838 2010 893 2040 est

80 2045 130 2090 α’,
154 2048 236 2083 221.

125 2095 184 2128 92.
233 2088 406 2137 ἠϊόνος
439 2095 548 2140 βαθ.
599 2095 664 2132 τὸν
702 2094 892 2142 οἷγχιβαθῆ

80 2138 249 2183 αἰγιαλὸν
269 2142 340 2177 τοῦ
366 2139 617 2186 ναυστάθμου
641 2142 891 2188 interpretatur

82 2186 134 2227 E,
155 2186 289 2220 Hessus
308 2188 385 2223 alta
402 2188 533 2222 littora.
575 2189 695 2223 Voss.:
720 2201 778 2223 am
800 2190 890 2223 rand

79 2232 140 2266 des
172 2233 280 2276 tiesen
317 2235 499 2268 Gestndes.
556 2234 781 2279 intelligenda
815 2246 890 2270 esse

79 2277 244 2313 videntur
276 2279 346 2314 lata
380 2280 485 2314 maris
515 2280 654 2324 littora,
693 2293 784 2326 quae
812 2288 889 2315 tau-

79 2330 151 2358 tam
166 2324 414 2360 multitudinem
433 2332 606 2372 caperent.
653 2325 693 2370 ξ’,
718 2329 796 2364 33.:
823 2324 889 2363 ου’-

78 2368 120 2406 δὲ
151 2370 222 2415 γάρ
251 2369 355 2413 οὐδ’,
390 2370 534 2417 εὖρός
557 2386 640 2418 περ
666 2373 778 2416 ἐών,
805 2373 889 2409 ἐδυ-

77 2415 218 2461 νήσατο
246 2416 369 2458 πάσας
404 2418 577 2464 Αἰγιαλὸς
609 2421 703 2463 νῆας
733 2419 888 2465 χαδέειν.

77 2464 125 2498 cf.
157 2464 343 2499 Comment.
376 2465 458 2500 Soc.
495 2466 657 2510 Gotting.
691 2468 760 2501 vol.
784 2470 816 2503 6.
852 2479 886 2512 p.

78 2511 180 2552 149„
206 2521 335 2554 easque
358 2518 513 2546 secutum
542 2512 576 2545 K
601 2513 667 2546 vol.
687 2515 717 2547 1.
743 2525 778 2558 p.
803 2515 885 2549 327.

79 2574 119 2581 -
155 2555 243 2592 ἐστ.
269 2555 477 2602 ἐστιχῶντο,
502 2570 523 2592 a
547 2560 767 2603 στιχᾶσθαιε
793 2559 885 2595 ἔστι·

76 2615 164 2648 χον,
189 2601 361 2647 ἕστειχον.
410 2605 512 2638 Sch.=
543 2603 583 2640 ἐν
610 2604 711 2648 τάξει
733 2606 885 2652 παρεγέ-

75 2661 199 2686 νοντο.

123 2697 179 2731 93.
228 2695 284 2730 ἰλ.
316 2695 482 2738 (verbum
516 2693 617 2740 ἅπαξ
653 2696 883 2742 λεγόμενον.)

76 2740 171 2778 κατὰ
194 2741 275 2780 ἴλας
296 2741 356 2775 καὶ
375 2741 598 2786 συστροφάς.
640 2741 794 2780 ’Όσσα.
819 2746 884 2789 (cf.

77 2789 206 2833 Odyss.
233 2785 294 2825 ω’.
329 2787 418 2828 412,
455 2790 555 2822 Voss.
591 2790 682 2823 Krit.
709 2792 763 2824 ΒΖ.
790 2793 822 2826 1.
849 2803 883 2836 p.

75 2836 176 2879 239.)
208 2835 298 2869 θεία
330 2832 436 2878 φήμη
467 2836 529 2869 καὶ
556 2835 712 2879 κληδών.
747 2837 884 2881 (schol.

77 2885 128 2917 A:
162 2878 220 2916 ὅτι
243 2878 361 2917 ’Όσσα
385 2877 409 2923 ἡ
438 2883 528 2916 θεία
555 2881 710 2927 κλῃδών.
768 2883 803 2917 οἱ
844 2880 883 2918 δὲ

77 2925 252 2972 νεώτεροι
273 2926 331 2962 ἐπὶ
348 2926 448 2974 πάσῃ
473 2928 592 2972 φήμῃ.
633 2930 679 2962 cf.
705 2929 882 2963 Ruhnken.

79 2976 122 3010 nd
138 2975 229 3011 Tim.
257 2971 429 3010 ν.’Όττα.
476 2980 514 3008 et
541 2975 575 3009 H
599 2975 633 3009 h.
658 2976 703 3017 1.,
728 2975 787 3020 qui
810 2976 884 3010 He-

953 848 1044 882 siodi
1071 848 1193 883 Musas
1228 847 1345 885 ὄσσαν
1379 849 1497 890 ἱείσας
1527 854 1764 883 commemorat
1806 866 1807 879 κ

953 894 1089 940 Theog.
1118 899 1173 931 10.
1209 901 1245 929 et
1267 896 1324 932 43.
1358 896 1419 930 sed
1453 906 1576 930 recens
1608 895 1761 929 additum
1804 898 1807 934 j

951 939 1091 975 videtur
1127 941 1221 975 istud
1250 942 1491 988 prooemium.)
1522 940 1604 975 Sch.
1667 942 1760 976 δεδ.
1804 945 1806 984 ξ

951 983 1108 1031 ἐξῆπτο,
1140 987 1370 1034 διεγήγερτο,
1404 987 1590 1042 ἐφαίνετο.
1624 987 1761 1040 (subest
1804 997 1811 1018 ἡ

949 1033 1045 1067 notio
1071 1033 1196 1075 studii,
1222 1035 1389 1080 impetus3
1414 1046 1490 1076 rei,
1526 1045 1615 1078 quae
1643 1045 1765 1067 lucre-²
1803 1051 1811 1071 5-

948 1078 1080 1122 bescit,
1107 1080 1217 1122 calet,
1242 1083 1363 1122 ardet,
1392 1085 1431 1115 ut
1458 1079 1577 1125 μάχη,
1600 1078 1759 1124 πόλεμος
1810 1096 1811 1116 1

946 1130 1016 1158 etc.
1075 1126 1120 1159 cf.
1155 1125 1204 1169 μ’,
1230 1128 1296 1169 35,
1331 1125 1375 1168 ν’,
1399 1127 1490 1169 736,
1522 1126 1566 1171 ρ’,
1590 1126 1671 1180 2523.
1713 1145 1756 1150 —
1802 1173 1803 1178 1

944 1169 1040 1204 Scut.
1066 1172 1174 1207 Herc.
1195 1174 1272 1207 62:
1308 1172 1411 1213 κόνις
1441 1172 1482 1209 δέ
1511 1170 1572 1215 σφ’
1596 1172 1757 1216 αμφιδε-
1801 1196 1803 1207 ,

946 1214 1035 1262 δῄει.
1062 1218 1117 1250 Ex
1142 1219 1187 1252 H.
1221 1219 1266 1252 cf.
1291 1219 1357 1264 K.)
1382 1219 1464 1253 Sch.
1501 1217 1680 1264 ἄσβεστον
1701 1217 1756 1263 γε’-
1800 1241 1811 1268 ,-

945 1264 1043 1297 λωτα
1064 1263 1154 1297 dixit
1175 1263 1222 1306 α’,
1246 1266 1327 1300 599.
1351 1266 1408 1298 W.

991 1310 1047 1343 95.
1095 1321 1216 1354 τετρ.
1242 1322 1275 1355 p.
1299 1311 1506 1355 τεταράχει,
1530 1322 1551 1344 a
1572 1308 1756 1354 ταράσσω,
1798 1323 1808 1350 z,

944 1356 1139 1401 ,,συγκοπῇ
1163 1356 1227 1391 καὶ
1248 1369 1367 1404 τροπῃ
1397 1358 1468 1393 τοῦ
1493 1369 1518 1391 α
1544 1357 1597 1398 εἷς
1621 1359 1693 1401 η’“
1716 1361 1757 1391 ut
1807 1370 1811 1376 ¹

944 1401 994 1433 ait
1014 1402 1079 1442 E„
1104 1402 1165 1446 qui
1188 1408 1224 1435 et
1243 1409 1342 1437 recte
1368 1403 1513 1449 exponit
1542 1403 1754 1447 τετάρακτο.
1797 1420 1806 1448 ς,

944 1447 990 1480 cf.
1025 1448 1154 1481 Buttm.
1193 1449 1303 1482 Lexil.
1324 1449 1364 1490 1,
1389 1451 1447 1484 52.
1607 1446 1616 1460 ‘
1674 1448 1682 1460 “

940 1505 995 1536 γα
1010 1496 1069 1527 ἴα.
1106 1494 1279 1528 recentior
1303 1495 1448 1529 dixisset
1471 1491 1754 1540 ὑποστεναχιζο-

941 1538 1055 1582 μένης
1080 1542 1206 1584 γαίης,
1231 1547 1394 1584 gemente
1410 1547 1506 1575 terra
1514 1554 1527 1582 ,-
1550 1548 1652 1576 vetus
1670 1544 1754 1587 poe·
1794 1577 1796 1587 A

941 1590 978 1618 ta
1003 1585 1120 1619 decies
1144 1597 1212 1619 uno
1236 1586 1270 1619 in
1292 1587 1368 1621 loco
1393 1594 1539 1632 usurpat
1563 1587 1603 1624 δὲ
1623 1599 1729 1622 suum.
1794 1591 1796 1595 ’

986 1633 1042 1667 96.
1092 1629 1317 1677 ἱζόντων,
1351 1637 1389 1666 ut
1416 1632 1467 1675 ἷζε
1493 1635 1550 1670 53.
1599 1635 1646 1669 cf.
1670 1635 1752 1677 792,

940 1673 985 1718 σ’,
1010 1678 1090 1712 422.
1122 1683 1188 1713 etc.
1231 1698 1276 1703 —
1331 1677 1521 1724 ὅμαδος.
1570 1679 1752 1726 θόρυβος,
1793 1711 1794 1714 ,

938 1724 1039 1767 παρὰ
1067 1722 1110 1758 τὸ
1139 1722 1237 1768 ὁμοῦ
1257 1724 1391 1772 αὕδᾷν.
1416 1727 1483 1772 Ap.
1527 1727 1685 1761 similiter
1707 1728 1751 1763 E.
1792 1748 1793 1774 1

939 1781 972 1802 v.
999 1770 1105 1803 Schn.
1137 1782 1172 1804 V.
1201 1768 1308 1814 ὁμάς.
1348 1791 1394 1796 -
1434 1770 1573 1808 ἐννέα
1597 1773 1750 1818 κήρυ-

938 1828 1024 1857 κας
1047 1828 1167 1850 novem
1198 1818 1368 1852 seniorum
1405 1829 1524 1862 regum
1553 1819 1623 1853 dici
1649 1824 1751 1864 putat
1790 1849 1792 1858 ,

938 1861 994 1902 H;
1043 1862 1104 1896 sed
1144 1874 1387 1907 quorumnam,
1439 1866 1530 1899 haud
1570 1865 1749 1900 indicavit.
1790 1905 1791 1915 ἵ

939 1907 1062 1952 quodsi
1085 1908 1256 1943 intellexit
1280 1916 1478 1951 senatores,
1509 1910 1599 1952 τούς
1623 1911 1749 1956 γέρον-
1790 1927 1791 1945 1

939 1967 1024 1997 τας,
1051 1954 1167 1999 plures
1197 1956 1309 1988 fuere.
1358 1967 1425 1989 non
1448 1957 1534 1991 male
1554 1957 1605 1990 E:
1629 1970 1750 2002 προσ-ι-
1788 1967 1790 2000 j

938 2001 1075 2039 παθῶς
1103 1998 1176 2045 ἔχει
1203 1998 1222 2036 ὁ
1250 2013 1289 2035 π.
1314 2002 1365 2048 τῷ
1383 2000 1488 2038 ἐννέα
1510 2002 1662 2051 ἀριθμῷ
1682 2004 1749 2041 διά
1788 2002 1790 2038 ἒ

937 2060 976 2082 τε
996 2044 1105 2087 ἄλλας
1124 2048 1259 2087 αἰτίας,
1279 2044 1322 2088 ἃς
1341 2048 1508 2093 λέγουσιν
1527 2050 1563 2084 οἱ
1582 2052 1747 2096 παλαιοὶ,
1787 2078 1789 2090 ;

938 2091 1020 2128 οἷον
1057 2093 1118 2127 καὶ
1147 2090 1205 2128 ὅτι
1232 2093 1459 2138 τετράγωνός
1492 2095 1566 2130 ἐστι
1600 2097 1662 2132 καὶ
1690 2098 1748 2133 τέ-
1787 2108 1788 2113 ’

935 2142 1042 2180 λειος,
1061 2137 1100 2173 ἐκ
1116 2140 1256 2174 τελείου
1275 2141 1345 2175 τοῦ
1363 2143 1447 2185 τρία
1464 2141 1656 2187 γινόμενος
1677 2157 1747 2180 πο·
1786 2171 1787 2192 3

935 2185 1274 2226 λυπλασιασθέντος
1299 2188 1352 2227 εἰς
1379 2187 1537 2230 ἑαυτὸν,
1562 2188 1655 2226 ἄλλά
1682 2190 1747 2227 καὶ

937 2231 1002 2267 διοὶ
1018 2230 1086 2272 τοὶς
1111 2230 1292 2275 Μούσας,
1317 2232 1359 2269 αἳ
1378 2236 1429 2282 τῷ
1451 2232 1604 2281 ἀριθμῷ
1621 2236 1744 2282 τούτῳ
1784 2260 1785 2263 =

935 2277 1239 2323 περιγράφονται.
1279 2299 1316 2303 -
1349 2283 1537 2325 πολλαχοῦ
1564 2284 1691 2319 τοίνυν
1723 2281 1743 2322 ὃ
1784 2294 1785 2298 ’

935 2337 974 2359 π.
999 2321 1224 2368 εἰἷεπίφορὸς
1244 2323 1342 2360 ἐστιν
1361 2329 1413 2368 εἰς
1437 2326 1503 2362 τὸν
1531 2327 1636 2364 ἐννέα
1658 2327 1744 2374 ἄρι-

935 2369 1058 2414 θμὸν,
1085 2369 1135 2411 ὥς
1156 2370 1403 2416 δειχθήσεται.
1452 2373 1512 2410 διὸ
1532 2375 1594 2410 καὶ
1613 2375 1743 2412 ἐνταῦ-

934 2420 990 2453 θα
1007 2416 1096 2458 τους
1114 2416 1277 2462 κήρυκας
1298 2418 1402 2455 ἐννέα
1419 2418 1515 2456 εἶναι’
1541 2434 1633 2466 φησι
1646 2449 1656 2465 ,
1679 2423 1742 2458 καὶ

935 2464 975 2499 ἐν
997 2467 1076 2503 τοῖς
1092 2463 1176 2508 ἑξῆς
1194 2465 1233 2499 δέ
1254 2478 1328 2501 που
1355 2465 1418 2511 (η’,
1445 2469 1542 2512 161.)
1565 2467 1673 2504 ἐννέα
1691 2483 1743 2504 τι·

931 2508 1000 2550 vois
1032 2508 1235 2556 άντανιστᾷ
1263 2515 1314 2557 τῷ
1342 2511 1497 2556 ’Ἕκτορι
1532 2517 1741 2560 πολεμίους.
1780 2516 1781 2531 ¹

931 2555 1026 2596 τινες
1051 2556 1091 2592 δὲ
1115 2560 1315 2601 πειρῶνται
1338 2561 1400 2595 καὶ
1425 2560 1618 2603 ἱστορικοῖς
1649 2561 1742 2598 ἀπο-

930 2605 1115 2650 καθιστᾷν
1132 2603 1199 2648 τὴν
1217 2607 1290 2639 τῶν
1309 2605 1481 2650 κηρύκων
1508 2607 1652 2642 τούτων
1679 2608 1741 2644 έν·-

930 2649 1047 2685 νεάδα
1074 2655 1141 2685 etc.
1186 2650 1237 2684 sic
1262 2654 1284 2686 9
1323 2663 1482 2695 passeres
1518 2655 1739 2699 conspexisse

931 2697 1095 2731 dicuntur
1113 2697 1242 2730 Graeci
1260 2698 1382 2732 Aulide
1397 2699 1486 2739 313,
1509 2700 1531 2734 9
1549 2700 1640 2734 filios
1656 2714 1738 2736 con·
1776 2700 1779 2733 {

931 2747 1036 2776 vocat
1061 2742 1215 2776 Priamus
1246 2742 1297 2784 ω’,
1321 2746 1422 2786 Ξ52.,
1456 2746 1478 2779 9
1517 2757 1618 2780 canes
1652 2747 1738 2783 aluit

931 2788 1112 2823 Patroclus
1127 2814 1135 2828 ‚
1161 2788 1248 2823 idem
1270 2790 1350 2832 τρὶς
1370 2788 1476 2825 ἐννέα
1503 2794 1633 2835 φῶτας
1656 2792 1739 2829 ἔπε-

932 2848 1024 2879 φνεν
1045 2833 1093 2875 π’,
1118 2836 1212 2878 785,,
1235 2836 1380 2881 ipsaque
1404 2837 1535 2880 Trojae
1555 2851 1737 2885 oppugna·
1774 2859 1776 2876 r

931 2881 981 2915 tio
1008 2883 1030 2915 9
1063 2880 1158 2915 annis
1187 2882 1337 2917 duravit.
1387 2883 1433 2918 cf.
1459 2883 1509 2927 α’,
1530 2886 1588 2922 53.
1621 2891 1657 2922 et
1685 2886 1735 2921 ibi

931 2928 984 2968 K,
1010 2929 1069 2968 W,
1094 2928 1139 2960 U.

977 2974 1033 3009 97.
1082 2971 1240 3019 ἀϋτῆς.
1273 2975 1376 3021 βοῆς.
1399 2976 1481 3011 Sch.

1501 1468 1539 1473 -·
1594 1463 1799 1489 ‘vno—2
