1811 3269
1676 158 1705 190 Ο

107 181 134 219 4
739 179 1145 223 ΟΜΗΡΟΥ

106 287 290 330 κλειδῶν
317 285 521 332 καθόδου
550 287 659 332 ἐτῶν
688 287 910 359 ἑξήκοντα.
947 292 991 334 οἵ
1019 292 1067 336 δὲ
1097 293 1199 348 περὶ
1241 291 1448 365 Κράτητα
1474 295 1533 349 ¹⁰)
1579 295 1771 365 ἀνοίγου-

106 354 178 387 σιν
207 341 345 387 αὐτὸν
374 346 433 396 εἰς
462 343 567 396 τούς
602 346 829 399 Τρωϊκούς
857 346 1063 403 χρόνους.
1104 352 1308 406 φαίνεται
1347 351 1393 395 δὲ
1432 350 1615 407 γηραιὸς
1653 351 1773 397 ἐκλε-

105 399 272 450 λοιπως
309 400 389 446 τόν
428 403 544 471 βίον·
580 419 612 473 ‚⁷²
652 402 739 458 γαρ
783 401 1113 476 ἀνυπέρβλητος
1151 407 1351 463 ἀκρίβεια
1390 411 1478 451 τῶν
1507 409 1774 464 πραγμάτων

104 460 436 528 προβεβηκυῖαν
471 456 646 515 ἡλικίαν
684 462 930 518 παρίστησι.

969 462 1108 506 πολλοὶ
1146 464 1192 507 δὲ
1230 463 1508 519 ἓπεληλυθως
1548 467 1658 536 μέρη
1698 469 1775 521 τῆς

105 514 365 571 οἰκουμένης
405 515 452 558 ἐκ
490 518 566 570 τῆς
582 519 892 588 πολυπειρίας
933 523 1023 562 τῶν
1061 519 1211 563 τόπων
1247 521 1503 577 εὑρίσκεται.
1542 521 1683 578 τούτῳ
1727 523 1774 592 δὲ

103 572 492 642 προσυπονοητὲον
521 572 597 615 καὶ
625 573 822 618 πλούτου
851 575 1019 631 πολλὴν
1050 579 1319 646 περιουσίαν
1348 580 1577 634 γενέσθαι·
1612 581 1658 621 αἱ
1686 578 1772 649 γὰρ

102 628 267 683 μακραὶ
309 627 563 699 ἀποδημίαι
594 634 774 674 πολλῶν
818 632 994 676 δέονται
1033 631 1359 705 ἀναλωμάτων,
1390 635 1466 679 καὶ
1505 638 1643 678 ταῦτα
1672 633 1771 679 κατ’

103 685 297 736 ἐκείνους
336 684 439 736 τούς
482 684 694 741 χρόνους,
736 687 838 732 οὔτε
875 689 1056 733 πάντων
1084 690 1334 760 πλεομένων
1363 691 1634 744 ἀκινδύνως,
1666 690 1770 736 οὔτε

102 742 448 813 ἐπιμισγομένων
486 742 691 799 ἀλλήλοις
739 760 805 787 πω
852 762 942 789 των
982 744 1234 801 ἀνθρώπων
1277 749 1455 821 ῥᾳδίως.

270 799 462 856 γέγραφε
517 800 564 843 δὲ
619 800 815 858 ποιήσεις
875 803 989 855 δύο,

149 914 209 958 10)
236 913 412 947 Cratetem
436 914 615 958 Malloten,
639 916 836 951 Aristarchi
855 929 913 951 ae-

100 960 222 994 mulum
255 960 478 1003 acerrimum,
524 962 585 994 sed
621 962 837 1007 ineptum„
842 964 913 1009 ‚qui

99 1006 282 1040 Homerum
325 1011 544 1041 converteret
590 1007 624 1041 in
661 991 911 1054 pliilosopliiim‚

100 1052 383 1093 mathematicum,
408 1058 650 1095 astronomum,
677 1057 911 1109 geographum

99 1103 136 1132 et
168 1098 303 1142 quidvis
335 1098 452 1143 potius
487 1111 585 1144 quam
611 1103 701 1144 quod
734 1102 810 1146 ipse
834 1114 911 1137 esse

99 1144 275 1186 voluerat,
289 1147 312 1164 ‘⁴
335 1150 374 1178 ut
399 1144 448 1178 ait
470 1145 509 1178 F.
534 1147 573 1179 A.
602 1148 646 1179 W
649 1147 748 1181 olfius
773 1147 807 1181 in
823 1149 909 1182 Pro—

98 1190 284 1234 legomenis
308 1190 352 1224 ad
378 1191 561 1225 Homerum
586 1204 621 1236 p.
649 1194 741 1233 278η
767 1194 826 1238 qui
855 1200 910 1229 ta-

98 1248 174 1270 men
199 1249 239 1270 eo
263 1236 438 1270 Cratetem
464 1237 666 1273 inclaruisse
691 1246 819 1282 monet,
845 1253 908 1275 au-

97 1287 194 1317 ctore
217 1283 384 1316 Suetonio
409 1283 467 1316 lib.
494 1284 537 1317 de
560 1283 607 1317 ill.
635 1297 776 1339 gramm.
811 1298 839 1320 c.
861 1289 909 1328 2„

96 1329 189 1373 quod
222 1328 412 1362 doctrinam
446 1329 637 1364 litterarum
672 1332 802 1376 primus
829 1344 909 1377 per-

96 1375 176 1408 tulit
200 1375 244 1409 ad
268 1374 452 1409 Romanos.
479 1382 630 1410 ceterum
655 1377 753 1411 istam
779 1380 909 1412 Crate-

95 1420 142 1453 tis
175 1420 377 1455 sententiam
412 1421 455 1454 de
493 1427 609 1456 aetate
645 1423 787 1456 Homeri
822 1424 907 1469 ipsis

95 1466 186 1500 illius
209 1467 325 1501 verbis
344 1466 444 1500 Iliad.
468 1468 503 1508 2,
523 1468 604 1503 486.
628 1465 735 1511 ἡμεῖς
749 1468 788 1504 δὲ
806 1470 908 1510 κλέος

96 1511 178 1548 οἷον
204 1511 413 1555 ἀκούομεν,
439 1511 528 1549 οὐδὲ
552 1527 586 1548 τι
611 1514 717 1558 ἴδμεν
743 1516 830 1549 satis
848 1528 906 1549 re-

95 1559 189 1599 felli,
210 1560 281 1604 jam
305 1559 382 1592 olim
406 1559 671 1594 intellexerunt:
695 1561 777 1596 vide
791 1563 905 1606 Heyn.

94 1607 199 1639 adh
221 1606 257 1647 l
285 1605 388 1639 etcf.
414 1606 594 1659 Kfister3l.
616 1606 637 1640 l.
663 1609 806 1649 ann..‚2
827 1610 906 1650 §..ss

95 1651 295 1686 Herodotus
330 1653 371 1692 2,
396 1652 467 1693 53,
503 1651 562 1697 qui
593 1652 687 1687 locus
719 1658 905 1687 memoratu

94 1697 313 1753 dignissimus
348 1697 463 1732 nescio
497 1710 563 1754 quo
596 1711 676 1732 casu
715 1700 810 1744 fugit
833 1701 907 1734 Kn-

94 1749 245 1777 sterum:
268 1740 441 1779 Ησίοδον
464 1757 534 1788 γαρ
559 1745 619 1779 και
636 1743 806 1791 Όμηρον
830 1743 906 1791 ἡλι-

94 1792 177 1834 κίην
193 1793 463 1834 τετρακοσίοισι
483 1789 576 1825 ἔτεσι
595 1792 711 1826 δοκέω
735 1806 804 1836 μευ
820 1805 906 1837 πρε-

95 1837 293 1894 σβυτέρους
325 1836 519 1881 γενέσθαι,
552 1838 613 1872 καὶ
639 1837 684 1873 ού
709 1840 845 1876 πλέοσι.
859 1859 905 1864 ——

95 1883 131 1918 οὶ
157 1882 197 1918 δὲ
221 1881 402 1939 πρότερον
425 1885 578 1928 ποιηταὶ
602 1885 794 1943 λεγόμενοι
819 1885 906 1921 τού-

93 1943 167 1964 των
199 1931 274 1965 τῶν
310 1927 458 1973 ἀνδρῶν
496 1930 691 1974 γενέσθαι,
735 1930 903 1977 ὕστερον,

93 1975 177 2020 ε’μοί
188 1989 226 2020 γε
251 1977 405 2019 δοκέειν,
427 1975 595 2021 ἐγένοντο
619 1977 777 2015 τούτων.
803 1985 904 2013 natus

93 2024 203 2057 fertur
241 2023 440 2057 Herodotus
476 2022 624 2065 ΟΙ.74,
651 2028 694 2066 1.,
729 2026 799 2060 sive
824 2030 904 2059 ante

94 2070 179 2104 Chr.
202 2081 236 2102 n.
272 2068 369 2110 484,
404 2070 514 2114 Troja
538 2081 620 2103 vero
647 2076 846 2117 expugnata
871 2083 902 2106 a.

93 2120 172 2150 ante
196 2116 280 2151 Chr.
305 2127 337 2152 n.
363 2117 464 2151 1184.
500 2116 684 2150 Homerum
709 2119 819 2163 ipsum
842 2119 903 2151 ho-

92 2163 149 2196 die
180 2162 338 2196 floruisse
370 2167 494 2206 putant
517 2163 610 2196 circa
644 2175 675 2197 a.
712 2169 792 2199 ante
818 2164 901 2197 Chr.

92 2220 125 2243 n.
146 2209 226 2244 950.
250 2209 306 2241 vel
333 2212 434 2242 1000.

139 2255 202 2298 11)
229 2259 264 2287 et
296 2254 479 2299 scripsisse
515 2254 728 2297 Homerum,
765 2260 799 2289 et
835 2255 901 2289 duo

91 2300 151 2334 illa
176 2299 326 2333 carmina
362 2301 469 2334 solum
505 2302 735 2344 composuisse
758 2302 903 2347 negavit

92 2347 147 2380 vir
171 2346 403 2387 clarissimus⁷
429 2347 471 2380 F.
494 2348 533 2380 A
567 2348 715 2381 Wolfius
748 2348 782 2382 in
814 2349 901 2381 Pro—

91 2393 278 2437 legomenis
304 2393 347 2426 ad
372 2393 577 2434 Homerum,
613 2394 807 2440 multosque
831 2399 902 2428 tum

93 2450 203 2483 neque
238 2438 297 2472 imi
331 2439 484 2472 subsellii
518 2440 611 2472 viros
639 2440 760 2473 doctos
795 2451 902 2483 argu-

92 2485 300 2518 mentatione
334 2490 434 2518 acuta
466 2496 527 2519 sua
559 2485 724 2529 adduxit,
765 2490 802 2519 ut
835 2485 902 2530 ipsi

92 2529 364 2571 assentirentur3
398 2531 500 2564 hodie
526 2535 636 2564 autem
671 2544 711 2565 eo
737 2533 811 2566 fere
837 2534 899 2565 de-

91 2577 195 2610 ducta
226 2588 280 2610 res
317 2582 392 2618 est,
434 2581 472 2610 ut
504 2577 731 2611 recentiorem
764 2577 900 2622 quidem

92 2627 215 2667 putent
240 2634 335 2656 usum
363 2622 449 2656 artis
473 2623 645 2656 scribendi
671 2624 714 2657 ad
743 2635 897 2668 pangen—

92 2669 154 2702 dos
189 2668 319 2711 libros,
352 2668 411 2702 sed
443 2668 531 2714 eripi
565 2669 673 2702 nolint
696 2671 768 2703 vati
795 2681 899 2714 opera

90 2726 152 2748 sua
178 2715 378 2759 praeclara,
407 2726 496 2758 quae
520 2714 626 2748 omnis
652 2715 684 2748 ei
708 2715 900 2749 vindicavit

92 2759 292 2805 antiquitas.
317 2772 380 2794 nec
400 2772 482 2794 sane
506 2760 653 2804 intelligi
678 2766 805 2805 potest,
831 2773 899 2806 qua

91 2818 134 2840 ex
163 2817 202 2839 re
236 2810 335 2840 tanta
366 2806 505 2840 Homeri
535 2807 627 2840 fama
659 2807 836 2848 extiterit,
868 2808 898 2840 si

91 2851 174 2885 nihil
216 2852 326 2896 majus
361 2851 540 2908 praestitit
579 2863 679 2896 quam
715 2853 896 2895 Phemius,

91 2897 306 2932 Demodocus
348 2902 384 2931 et
424 2896 551 2933 ἀοιδοὶ
586 2897 662 2940 illi,
706 2910 790 2943 quos
823 2899 897 2944 ipse

91 2947 352 2984 commemorat,
383 2945 445 2978 sed
480 2943 645 2978 breviora
677 2944 726 2977 illi
762 2956 825 2989 pro
858 2957 896 2980 re

92 2995 173 3024 nata
195 2990 390 3024 recitabant
413 2991 564 3024 carmina
582 2991 625 3024 de
649 2990 752 3024 factis
777 2991 895 3035 singu-

93 3035 135 3068 lis
158 3036 297 3070 deorum
321 3035 376 3070 vel
399 3035 592 3078 hominum;
628 3036 796 3072 Homerus
822 3037 893 3083 pri-

1419 803 1681 848 Ὀδύσσειαν
1699 806 1769 856 ¹¹)

1051 802 1218 848 Ἰλιάδα
1290 805 1364 848 καὶ

960 929 1033 952 ιιιιι5
1051 919 1200 952 tentavit
1219 930 1317 953 unam
1341 918 1439 953 unius
1461 919 1577 954 herois
1603 920 1771 954 actionem

960 965 1120 1006 fatalem,
1146 977 1290 1010 eamque
1308 971 1494 999 consecuta
1515 966 1631 1007 varia,
1659 978 1772 1012 neque

959 1022 1025 1044 uno
1040 990 1192 1056 tem⁹pore
1213 1011 1352 1052 habita,
1377 1011 1516 1046 deorum
1534 1012 1771 1066 hominumque

959 1057 1111 1098 consilia,
1137 1058 1338 1099 seditiones,
1363 1069 1508 1111 pugnas,
1533 1058 1670 1099 itinera,
1695 1063 1765 1092 ter-

957 1114 1063 1147 raque
1097 1108 1133 1137 et
1167 1103 1252 1137 mari
1288 1105 1395 1138 omnis
1422 1104 1560 1148 generis
1591 1104 1768 1149 pericula,

957 1150 1127 1194 probabili
1151 1150 1271 1183 ordine
1289 1150 1484 1195 disponere,
1509 1157 1545 1184 et
1566 1151 1768 1195 eloquenter

958 1196 1117 1228 versibus
1157 1207 1350 1237 enarrare3
1393 1208 1460 1241 qua
1500 1208 1538 1230 re
1582 1200 1766 1231 commotus

956 1241 1153 1285 ingeniosus
1197 1243 1408 1276 Graecorum
1443 1242 1589 1287 populus
1627 1241 1766 1286 dignum

956 1299 1031 1320 eum
1060 1287 1198 1328 habuit,
1233 1289 1292 1333 qui
1316 1288 1497 1333 splendido
1523 1287 1656 1322 nomine
1680 1290 1765 1332 poi}-

955 1338 1012 1366 tae
1044 1334 1265 1368 salutaretur.
1300 1334 1382 1367 vide
1414 1346 1488 1368 cum
1522 1334 1634 1379 ipsum
1667 1333 1766 1367 Wol-

954 1379 1034 1412 fium
1052 1379 1313 1423 Prolegomenis
1336 1380 1380 1413 ad
1400 1381 1585 1413 Homerum
1600 1384 1637 1413 et
1661 1390 1765 1424 prae-

953 1424 1140 1458 fationibus
1182 1431 1376 1458 curatarum
1419 1426 1462 1459 ab
1506 1425 1581 1470 ipso
1625 1424 1765 1458 Homeri

955 1470 1142 1504 editionum
1161 1496 1171 1512 ,
1219 1471 1498 1515 litteratoresque
1547 1470 1764 1505 doctissimos

953 1516 1145 1550 Merianum
1171 1516 1316 1561 (scripto
1342 1517 1545 1561 francogall.
1569 1516 1612 1551 de
1642 1516 1762 1550 inven-

953 1561 1047 1596 tione
1089 1561 1174 1595 artis
1215 1562 1389 1596 scribendi
1427 1562 1463 1596 in
1501 1563 1685 1596 Me'moires
1719 1563 1763 1596 de

954 1608 1102 1643 l’Acad.
1135 1609 1178 1642 de
1208 1609 1327 1642 Berlin
1360 1608 1402 1641 de
1436 1607 1586 1642 l'annee
1621 1608 1761 1652 1789.),

953 1656 1014 1688 Ste
1048 1655 1148 1688 Croix
1179 1655 1415 1697 (Re‘futation
1448 1654 1492 1687 d'
1513 1667 1560 1688 un
1580 1655 1763 1698 paradoxe

953 1702 1124 1734 littc'raire
1158 1701 1200 1734 de
1235 1702 1303 1734 ΜΓ
1341 1702 1377 1734 Π
1378 1701 1443 1740 olf
1469 1712 1530 1734 sur
1561 1701 1610 1734 les
1632 1700 1762 1744 poesies

954 1748 995 1780 d’
1016 1748 1177 1789 Homere,
1201 1747 1322 1788 Paris,
1349 1748 1450 1782 1798.
1473 1747 1543 1791 8.,)
1568 1747 1601 1780 J.
1623 1747 1663 1780 L.
1685 1747 1761 1780 Hu-

953 1793 1045 1837 gium
1082 1794 1166 1837 (die
1205 1794 1400 1838 Evfindnng
1434 1793 1496 1826 der
1520 1793 1760 1827 Buchstaben-

952 1840 1091 1882 schrift,
1126 1840 1182 1873 ihr
1214 1822 1394 1873 Zustand³³
1405 1840 1476 1873 und
1501 1840 1668 1883 frtiherer
1692 1839 1759 1873 Ge-

953 1887 1083 1919 brauch
1108 1887 1154 1918 im
1181 1887 1398 1927 Alterthum,
1422 1886 1487 1920 mit
1512 1886 1674 1920 Hinsicht
1696 1887 1765 1928 auf

952 1933 1009 1966 die
1040 1938 1203 1966 neuesten
1242 1932 1552 1976 Untersuchungen
1576 1933 1661 1965 iiber
1684 1931 1759 1964 Ho-

951 1990 1047 2019 mer,
1074 1979 1173 2019 Ulm,
1200 1979 1300 2013 1801.
1325 1979 1377 2021 4.)
1393 2005 1401 2019 ,
1427 1978 1492 2011 Ev.
1524 1977 1758 2011 wassenber-

950 2025 1069 2068 ghium
1093 2025 1246 2058 oratione
1271 2025 1314 2058 de
1340 2025 1446 2058 abusu
1472 2024 1622 2068 ingenii,
1647 2023 1689 2058 C.
1714 2025 1757 2057 A.

950 2071 1166 2115 Bottigerum
1186 2071 1291 2113 (iiber
1310 2070 1366 2104 die
1387 2071 1586 2114 Erfindung
1599 2071 1659 2104 des
1678 2069 1758 2103 Nil-

947 2129 1076 2161 papyrs
1099 2118 1169 2150 und
1195 2118 1313 2150 dessen
1342 2117 1572 2160 Verbi-eitung
1593 2116 1631 2148 ἰπ
1657 2115 1758 2149 Gric-

949 2163 1130 2203 chenland,
1153 2163 1198 2196 N.
1224 2164 1268 2197 T.
1286 2163 1432 2196 Merkur
1446 2162 1607 2202 1796.,2.
1624 2162 1658 2196 3.
1673 2161 1758 2205 St.),

948 2210 980 2242 J.
1009 2209 1219 2242 Kreuserum
1244 2209 1467 2252 (Vorfragen
1505 2208 1590 2240 iiber
1628 2208 1758 2241 Homer

949 2261 1016 2290 etc.
1036 2255 1066 2288 F
1067 2255 1198 2289 rancof.
1224 2255 1355 2298 1828),

949 2302 1157 2345 (Vorschule
1181 2313 1223 2334 zu
1251 2302 1312 2334 der
1337 2300 1448 2334 Iliade
1466 2313 1499 2334 u.
1520 2300 1585 2333 Ocl.
1609 2300 1668 2333 des
1690 2300 1754 2341 H.,

948 2347 1068 2392 Leipz.
1104 2348 1242 2390 1829),
1275 2346 1452 2391 aliosque;
1488 2351 1558 2379 tum
1598 2345 1754 2390 inprimis
1810 2342 1811 2345 '

949 2395 1059 2437 Greg.
1093 2393 1189 2428 Guil
1228 2392 1402 2426 Nitzschii
1437 2403 1547 2437 nuper
1579 2391 1755 2436 publicata

949 2440 1173 2473 Meletemata
1198 2440 1240 2472 de
1264 2440 1410 2473 historia
1444 2440 1608 2479 Homeri,
1641 2439 1754 2471 maxi-

947 2497 1068 2529 meque
1100 2486 1143 2519 de
1173 2487 1375 2529 scriptorum
1409 2485 1600 2518 carminum
1623 2489 1753 2524 aetate,

947 2531 1006 2576 qui
1040 2536 1152 2565 tamen
1184 2532 1240 2565 vir
1262 2531 1512 2565 s'olertissimus
1549 2530 1591 2564 de
1614 2529 1753 2575 scriptis

947 2579 990 2612 ab
1025 2578 1101 2622 ipso
1138 2578 1288 2612 Homero
1326 2578 1531 2611 carminibus
1568 2588 1630 2610 nec
1654 2576 1752 2610 nobis

947 2625 1138 2668 persuasit,
1169 2636 1230 2658 nec
1265 2625 1368 2658 docto
1404 2624 1478 2667 ejus
1510 2622 1590 2656 libri
1613 2621 1752 2655 censori

946 2670 985 2703 C.
1013 2671 1057 2704 Ο.
1082 2669 1253 2704 Mullero
1244 2682 1278 2703 ιιι
1301 2671 1455 2714 Gotting.
1473 2670 1545 2714 gel.
1560 2669 1752 2712 Anzeigen,

946 2717 1047 2752 1831.
1064 2718 1164 2751 29—
1174 2718 1231 2751 31.
1245 2717 1297 2749 St.
1312 2736 1342 2741 —
1362 2715 1424 2750 sed
1444 2727 1518 2749 eum
1537 2714 1648 2748 locum
1661 2725 1753 2747 nunc

945 2761 1108 2796 inducere
1131 2763 1362 2807 supersedeo,
1386 2773 1430 2795 ne
1453 2762 1575 2804 longus
1598 2759 1681 2800 sim3
1706 2759 1750 2793 ad

945 2809 1088 2842 alteram
1112 2820 1195 2842 vero
1222 2808 1312 2842 illam
1330 2807 1561 2852 quaestionem
1582 2805 1672 2850 quod
1696 2809 1749 2839 at·
1792 2829 1794 2836 ,

943 2854 1060 2895 tinet,
1094 2866 1137 2888 an
1165 2855 1209 2888 de
1242 2854 1459 2899 possessione
1491 2851 1611 2886 Iliadis
1647 2854 1750 2897 atque

943 2900 1123 2945 Odysseae
1147 2900 1401 2941 deturbandus,
1437 2903 1532 2932 certe
1556 2907 1682 2941 magua
1705 2908 1748 2930 ex

942 2953 1067 2991 parte,
1093 2947 1139 2979 sit
1164 2947 1354 2987 Homerus,
1378 2944 1561 2998 gloriaque
1580 2942 1748 2988 composi-

941 2992 1045 3026 tionis
1069 2998 1138 3026 tam
1171 2992 1435 3026 artificiosorum
1460 2989 1643 3024 carminum
1667 3000 1747 3034 per-

940 3038 1051 3073 tineat
1075 3039 1118 3072 ad
1145 3039 1364 3079 Homer-idas,
1392 3036 1646 3076 Pisistratidas,
1675 3035 1746 3068 Gn·-

1380 2255 1424 2288 E.
1451 2254 1490 2288 L.
1516 2253 1757 2288 Cammannum
1800 2273 1803 2281 ›

1798 2223 1804 2382 ἒ

1794 2385 1805 2655 l

1791 2641 1797 2817 i

1787 2849 1798 3078 l

1785 3117 1789 3190 ἑ
