1811 3269
286 587 485 657 „A1'6cog3
514 585 719 642 Ἀργεῖοι,
752 583 855 629 κακ’

29 1221 73 1226 -
96 1214 251 1247 μεγακ.
278 1200 436 1257 μεγάλῃ,
461 1216 565 1247 παρα
589 1201 632 1237 τὸ
658 1203 779 1247 κῆτος.
819 1217 839 1246 η

26 1251 187 1305 πλατείᾳ
206 1250 280 1286 nai:
292 1248 505 1294 εὐρυχώρῳ.
537 1249 747 1293 (designat.
752 1249 841 1282 enim

26 1294 69 1330 τὸ
93 1297 206 1340 κῆτος
234 1296 402 1340 quidquid
422 1308 578 1337 mannum
596 1303 632 1330 et
646 1300 759 1340 capax
771 1302 840 1328 est.

91 1342 134 1383 E,
162 1343 292 1383 Schol„
320 1344 449 1387 Etjm„
474 1342 842 1388 Hesjch„He1nster-

26 1354 101 1422 hus.
138 1389 179 1422 ad
220 1388 357 1423 Lucian.
390 1393 415 1422 t
450 1393 480 1425 1.
507 1400 540 1434 p.
566 1367 663 1430 139,
689 1380 734 1435 β’,
763 1390 842 1424 581.

24 1436 78 1469 Ex
98 1435 165 1478 Η.)

71 1482 291 1517 223-225.
323 1481 487 1525 leguntur
505 1480 538 1513 hi
557 1491 678 1514 versus
703 1482 738 1515 in
770 1480 843 1525 pri-

24 1527 93 1562 scis
115 1528 192 1560 edd.
214 1533 249 1560 et
267 1539 311 1571 ap
315 1528 390 1567 .Ε;
415 1539 482 1560 non
501 1528 663 1573 leguntur
683 1527 716 1565 in
736 1528 841 1564 MSS.

25 1574 138 1615 Mori,
172 1574 316 1607 Barocc.
327 1599 337 1615 ‚
373 1574 492 1614 Η311.,
519 1573 644 1618 Lips„
680 1574 768 1607 V.en
806 1577 843 1606 et

26 1620 103 1654 aliis
128 1620 319 1660 nonnullis3
345 1632 407 1653 nec
425 1619 563 1652 dubium
585 1624 651 1660 est,
677 1620 842 1664 quinhuc

25 1666 246 1712 transscripti
269 1666 396 1699 suerint
415 1677 456 1699 ex
474 1665 652 1711 principio
674 1666 754 1712 libri
774 1669 841 1702 11.

26 1725 94 1758 quo
132 1713 205 1746 loco
242 1713 351 1746 verba
389 1712 484 1747 ἔνθα
517 1713 633 1746 στᾶσα
672 1712 840 1752 indicant,

25 1759 217 1793 continuari
233 1759 280 1793 ibi
303 1759 397 1792 dicta
415 1758 698 1802 antecedentibus
717 1759 751 1792 in
772 1759 841 1791 ista

25 1805 224 1840 narratione
266 1810 342 1849 post
376 1805 564 1848 longiorem
603 1804 840 1848 παρένθεσιν.

25 1858 124 1885 recte
143 1851 251 1895 igitur
271 1852 427 1884 fecerunt
445 1850 513 1884 viri
531 1850 635 1892 docti,
662 1863 735 1884 cum
753 1852 840 1884 haec

26 1898 326 1937 cancellaverunt3
370 1908 515 1942 quorum
548 1897 603 1930 H:
645 1897 726 1937 „res
761 1897 837 1941 ipsa

25 1955 110 1978 vera
138 1947 237 1984 est‚“
262 1943 392 1988 inquit,
425 1943 588 1987 „Ajacem
617 1949 652 1982 et
675 1944 838 1977 Achillem

0 2006 1 2030 ς
25 1990 177 2024 tenuisse
205 2001 351 2032 cornua,
377 1991 468 2023 hunc
498 1989 541 2022 ad
560 1989 722 2033 Sigeum,
746 1990 837 2023 illum

23 2037 67 2070 ad
85 2037 275 2070 Rhoeteum
294 2039 317 2055 ‘⁶

69 2083 287 2118 226-234.
337 2084 494 2124 διαπρ.
522 2080 712 2126 διάδηλον,
734 2080 835 2125 μέγα,

22 2127 258 2172 ἐξάκουστον.
304 2129 332 2172 (,
337 2131 432 2174 ,.ιΑρ
458 2128 645 2164 διάτονον
682 2130 739 2163 alii
757 2140 836 2173 pro·

23 2176 102 2232 pius
122 2176 164 2209 ad
186 2180 344 2220 etymon,
370 2176 459 2220 quod
477 2182 530 2209 est
546 2189 589 2210 m-
595 2189 682 2219 ρις
691 2178 835 2210 διαπε-

23 2234 201 2267 ρασιμον,
226 2233 293 2255 vox
318 2234 407 2267 quae
439 2228 600 2277 penetrat
628 2222 660 2255 in
689 2226 832 2256 reinota.

22 2281 57 2304 v.
80 2269 195 2303 Schol.
221 2269 250 2302 B
277 2269 309 2302 h.
331 2269 353 2302 1.
384 2274 419 2302 et
448 2269 492 2302 ad
517 2281 566 2310 μ,
591 2269 694 2310 439.,
719 2268 834 2303 Schol.

22 2317 52 2350 A
77 2315 120 2350 ad
140 2313 186 2356 ν’,
211 2313 312 2355 149.,
335 2315 472 2360 Etym.‚
497 2316 663 2360 Hesych.‘
667 2318 676 2334 ‘
709 2317 761 2349 Ex
786 2315 834 2348 H.

21 2381 68 2390 ·-
91 2362 170 2396 227.
204 2360 243 2404 ε’,
266 2362 345 2396 787.
371 2381 413 2387 -
438 2363 519 2396 229.
545 2362 631 2395 male
648 2362 730 2396 Sch.
755 2361 832 2396 alii-

23 2420 90 2453 que
115 2404 225 2444 ὁπότε
247 2407 525 2452 interpretantur
556 2407 658 2442 ποτέ.
705 2409 833 2454 depra-

22 2460 104 2488 vata
121 2455 206 2488 haec
227 2465 302 2488 esse
314 2461 494 2488 senserunt
507 2455 620 2488 Bentl.
636 2455 725 2496 etH,
746 2465 831 2499 quo-

22 2511 95 2534 rum
128 2501 186 2535 ille
213 2505 327 2534 tentat
352 2498 448 2536 ἅσσα
478 2500 564 2536 ποτ’
591 2499 629 2535 ἐν
659 2505 725 2541 Λ.,
757 2512 831 2535 cum

21 2547 166 2581 alienum
190 2547 236 2580 sit
259 2544 355 2582 α’σσα
379 2549 422 2581 ab
447 2560 485 2582 re
503 2548 657 2588 definita,
682 2547 740 2581 hic
762 2558 832 2581 ma—

21 2592 64 2626 lit
85 2593 190 2628 scribi
212 2590 257 2633 ὂὶς
279 2592 368 2630 ποτ’
394 2593 447 2630 ἐνὶ
471 2599 536 2631 A.
564 2606 651 2639 quae
678 2594 727 2628 ita
755 2605 830 2627 mu-

22 2643 97 2672 tata
122 2651 198 2674 esse
225 2651 290 2674 non
318 2645 372 2675 est
396 2640 592 2675 verisimile.
638 2640 760 2684 quodsi
785 2640 830 2674 ad

22 2695 84 2717 nos
122 2697 178 2719 res
219 2687 420 2728 deferatur,
458 2687 663 2721 suadeamus
700 2698 829 2731 ponere

22 2727 109 2765 ἅστε
131 2731 220 2766 ποτ’
245 2731 283 2767 ἐν
307 2737 351 2768 A.
376 2733 500 2767 omissa
533 2735 623 2766 forte
656 2746 676 2767 τ
711 2733 830 2766 littera.

20 2780 165 2822 propter
189 2778 350 2822 similem,
373 2792 461 2824 quae
482 2780 680 2823 antecedit,
704 2791 828 2813 corru-

19 2828 114 2868 ptum
133 2823 240 2858 visum
263 2838 302 2860 -ε
324 2839 393 2862 ποτ
418 2826 534 2860 nescio
563 2826 641 2881 quis
667 2825 830 2860 emenda-

18 2881 58 2904 re
82 2870 268 2904 crediderit
286 2872 465 2906 scribendo
488 2871 583 2908 ὁπότ
606 2899 614 2914 ,
640 2872 729 2918 quod
751 2883 828 2905 cer-

16 2918 55 2950 te
74 2916 239 2972 intelligi
251 2928 350 2961 posse
378 2919 638 2963 arbitraretur.)
695 2929 824 2953 κενε-

16 2974 118 3007 αυχ.
152 2959 241 2998 κενοὶ
263 2963 321 2998 καὶ
346 2964 488 3008 μάταια
511 2964 753 3010 καυχώμενοι.
778 2982 825 2989 -—

14 3009 95 3045 230.
126 3010 324 3045 insimulant
347 3012 435 3046 hunc
465 3024 603 3048 versum
638 3016 824 3058 propterea

627 134 1056 176 ΙΛ’1ΑΔΟΣ
1124 134 1174 176 Θ.

1623 136 1709 179 365

209 253 287 305 στῆ
318 247 363 292 δ’
394 247 461 291 ἐπ’
489 244 730 298 Ὀδυσσῆος
761 242 995 300 μεγακήτει·
1022 246 1100 315 νηῒ
1124 243 1319 314 μελαίνῃ,

208 306 237 361 ἦ
269 305 311 361 ῥ’
344 305 390 348 ἐν
420 302 616 374 μεσσάτῳ
649 302 766 352 ε’σκε,
796 301 1041 356 γεγωνέμεν
1072 299 1371 356 ἀμφοτέρωσε,

214 362 340 433 [ἡμὲν
370 358 439 403 ἐπ’
468 361 661 410 Αἴαντος
688 359 856 412 κλισίης
867 360 1243 430 Τελαμωνιάδαο,
1278 384 1281 386 -

209 417 282 473 ἡδ’
314 416 383 461 ἐπ’
410 416 652 471 Ἀχιλλῆος,
683 418 752 458 τοί
784 414 828 470 ῤ’
863 414 1019 484 ε’σχατα
1048 419 1157 469 νῆας
1188 415 1307 465 ἐίσας

94 480 175 521 225
208 477 409 526 εἴρυσαν
438 473 601 530 ἠνορέῃ
632 474 811 516 πίσυνοι
842 474 914 514 καὶ
946 469 1099 524 κάρτεϊ
1127 476 1312 526 χειρῶν]

205 530 340 587 η’ὕσεν
371 530 416 574 δὲ
448 531 734 600 διαπρύσιον,
765 533 984 572 Δαναοῖσι
1014 528 1238 589 γεγωνώς·

887 586 1081 657 ἐλέγχεα,
1113 583 1228 635 εἶδος
1259 583 1438 639 ἅγητοίί

203 648 264 699 πῆ
296 645 413 715 ἔβαν
432 643 637 699 εὐχωλαὶ,
671 643 741 686 ὅτε
771 641 825 698 δὴ
858 659 1003 698 φαμεν
1027 647 1146 688 εἰναι.
1178 640 1363 694 ἄριστοι,

167 700 257 751 *οἷς
288 699 413 744 ὁπότ’
447 701 494 744 ἐν
503 700 705 771 Λήμνῳ
702 700 965 770 κενεαυχέες
995 697 1264 754 ἠγοράασθε,

90 764 173 803 230
204 759 408 809 ε’σθοντες
435 758 543 811 κρέα
573 756 714 804 πολλα
745 760 863 812 βοῶν
894 755 1254 811 ὀρθοκραιραων,

166 821 181 841 *
202 818 404 865 πίνοντες
435 819 655 869 κρητῆρας
678 814 939 869 επιστεφέας
975 815 1132 864 οἴνοιο,
1426 847 1428 850 .

208 871 375 924 Τρώων
407 871 512 914 ἄνθ’
545 870 702 914 ἑκατόν
731 887 776 914 τε
808 872 1048 942 διηκοσίων
1076 886 1121 913 τε
1153 868 1336 919 ἕκαστος
1389 913 1395 918 ἱ
1446 912 1449 916 ,

202 927 406 983 στήσεσθ
440 929 487 971 ἐν
506 929 715 998 πολέμιος
746 932 830 971 νῦν
862 926 904 971 δ’
938 924 1040 971 οὐδ’
1074 926 1171 977 ενός
1198 925 1313 977 ἄξιοί
1343 924 1474 979 εἶμεν.

203 985 458 1039 [Έκτορος,
489 985 537 1035 ὃς
566 984 675 1040 τάχα
705 989 814 1054 νῆας
848 984 1089 1055 ἐιιπρὴσει
1096 1000 1201 1036 πυρι
1234 981 1437 1052 κηλέῳ]

85 1043 168 1088 235
201 1046 289 1085 Ζεῦ
319 1059 478 1094 πατερ,
509 1060 535 1097 η
573 1042 629 1097 ῥά
663 1041 750 1084 τιν’
780 1040 863 1097 ἤδη
892 1041 1180 1111 ὑπερμενέων
1203 1037 1464 1109 βασιλήων.

197 1099 300 1156 τῇδ’
329 1097 411 1155 α’τῃ
444 1098 608 1156 αἀσας,
639 1100 714 1142 καί
743 1115 819 1154 μιν
848 1099 958 1155 μέγα
987 1101 1124 1150 κῦδος
1156 1095 1381 1154 ᾆπηύρας;

888 1202 965 1257 quia
984 1201 1203 1236 desideratur
1230 1199 1354 1244 copula
1378 1199 1566 1241 sequente;
1591 1194 1652 1228 sed
1673 1193 1706 1227 ei

888 1250 1024 1294 quidem
1060 1245 1180 1283 versui
1206 1247 1323 1284 faede
1360 1243 1561 1279 medicinam
1596 1240 1705 1274 facias

888 1296 1070 1341 scribendo
1096 1295 1266 1333 πίνοντές
1290 1290 1329 1326 τ’
1351 1292 1479 1327 οἴνοιο
1488 1287 1707 1330 ἐπιστεφέας

887 1343 1105 1391 κρητῆρας,
1115 1352 1221 1393 quae
1234 1332 1413 1384 scriptura
1432 1333 1508 1371 fieri
1531 1335 1644 1380 potuit
1669 1339 1707 1367 ut

890 1387 1051 1422 mendosa
1083 1394 1163 1421 esse
1188 1386 1367 1420 videretur
1397 1387 1576 1430 propter
1575 1381 1705 1415 hiatum

889 1436 925 1468 in
939 1430 1108 1467 vocabulo
1133 1433 1265 1474 οἴνοιο,
1287 1431 1349 1477 qui
1361 1431 1484 1464 nullus
1508 1432 1582 1469 est,
1603 1424 1706 1483 [1136-

888 1481 1006 1515 sertim
1027 1481 1062 1514 in
1082 1491 1238 1515 caesura.
1263 1498 1309 1504 -—
1333 1479 1440 1511 Sch.:
1440 1473 1578 1519 ὀρθ.
1603 1472 1706 1518 ὀρθοὶ

888 1526 1024 1570 κέρατα
1056 1524 1227 1571 ἐχόντων.
1266 1525 1314 1569 (3
1346 1526 1505 1568 κραῖρα,
1538 1521 1706 1564 κέραιρα,

889 1573 982 1619 quod
1006 1586 1026 1608 3
1051 1573 1159 1616 κέρας
1184 1571 1343 1606 derivant
1370 1572 1403 1605 K
1432 1574 1493 1604 et
1540 1594 1550 1608 ‚
1586 1575 1625 1601 ut
1648 1581 1704 1612 γε-

889 1634 949 1664 ραι
947 1622 1011 1663 ‘oco
1039 1632 1060 1654 a
1094 1618 1222 1675 γέρας,
1265 1623 1466 1661 negantque
1505 1615 1706 1659 significare

888 1672 1014 1711 caput,
1052 1670 1153 1712 quae
1177 1665 1350 1699 sententia
1383 1665 1440 1697 est
1461 1660 1705 1707 grammatico-

888 1723 973 1755 rum,
998 1713 1081 1757 quia
1104 1722 1175 1747 non
1198 1717 1317 1745 erecta
1342 1710 1459 1766 capita
1484 1712 1565 1742 sunt
1581 1708 1702 1749 boum,

886 1759 949 1793 sed
984 1770 1122 1793 cornua.
1140 1759 1260 1803 Ap..
1297 1757 1383 1799 ὀρθ.
1425 1752 1705 1838 ὀρ3θοκεράτων.

885 1806 939 1849 λε’)
939 1819 979 1841 ει
998 1805 1045 1841 δε
1070 1805 1129 1841 ἐπι
1154 1806 1228 1840 τῶν
1253 1805 1350 1839 νεῶν
1373 1801 1436 1846 (σ’,
1462 1804 1496 1844 3,
1522 1800 1564 1845 τ’,
1590 1800 1668 1836 344.
1673 1802 1704 1845 ),

886 1865 976 1888 ποτε
1001 1849 1040 1886 δ’
1067 1847 1126 1888 ἐπι
1152 1852 1225 1885 τῶν
1251 1851 1361 1895 βοῶν
1392 1850 1455 1893 (cf.
1476 1847 1520 1891 6‘,
1542 1827 1624 1890 573,
1651 1849 1704 1881 0-

886 1898 979 1942 d>ss.
1007 1897 1057 1941 μ,
1082 1897 1182 1942 348.)
1210 1899 1298 1941 —-)
1356 1893 1487 1934 ανθῆ
1516 1893 1612 1930 α’ντί.
1653 1894 1703 1928 sic

885 1945 1128 1979 Aristarchus:
1163 1955 1196 1976 v.
1230 1948 1293 1987 Ap.
1329 1949 1365 1976 et
1400 1943 1502 1986 Eym.
1538 1955 1570 1976 v.
1605 1939 1701 1977 άιτί.

883 2003 948 2025 nec
972 1991 1071 2024 aliter
1102 1991 1316 2034 Porphyrius
1351 1990 1496 2030 Quaest.
1520 1989 1620 2022 Hom.
1642 1990 1700 2024 25.

885 2044 919 2071 et
947 2049 1002 2082 ap.
1022 2037 1136 2071 Schol.
1155 2038 1207 2070 Β.
1218 2062 1228 2076 ,
1261 2037 1321 2081 qui
1357 2036 1406 2069 ait
1441 2035 1699 2079 (Porphyrium

883 2083 978 2139 dico)
1013 2079 1216 2124 στησεσθαι
1250 2094 1343 2116 esse
1361 2082 1615 2125 ἀντισταθμοι
1636 2081 1698 2117 καὶ

881 2127 1092 2176 ἅντιβαρεῖς
1107 2130 1233 2165 ἔσεσθε
1231 2143 1270 2170 ι
1288 2129 1697 2183 lmag1nel1brae,quem-

882 2177 1064 2211 admodum
1094 2176 1244 2213 ἑστάναι
1284 2177 1339 2210 vel
1381 2174 1601 2220 στήσασθαι
1609 2175 1696 2216 dici

881 2224 981 2256 solet.
1032 2226 1116 2268 Ap..:
1150 2226 1297 2258 τιθεται
1335 2221 1374 2260 δε
1409 2237 1471 2258 και
1505 2222 1567 2266 (το
1581 2220 1697 2278 μνη)

880 2268 940 2304 ἐπὶ
972 2271 1040 2304 τοῦ
1074 2271 1179 2314 ἴσον,
1215 2269 1318 2305 οἷον·
1352 2267 1461 2304 αντί
1494 2271 1567 2311 τοί
1589 2264 1697 2314 εἰμ’

880 2314 1048 2351 ἱκέταο
1074 2316 1144 2361 (φ’
1167 2318 1243 2359 75.)
1268 2336 1313 2341 ——
1339 2314 1422 2352 ἀντι
1447 2329 1515 2351 του
1540 2317 1618 2357 ἶσος
1645 2317 1696 2352 εἰ-

878 2376 918 2406 μι
943 2362 1043 2408 ικέτῃ
1063 2364 1150 2408 (ita
1152 2363 1309 2403 Tollius;
1333 2363 1432 2397 libri:
1459 2362 1612 2419 ἱκέτης)
1628 2363 1696 2399 καὶ

879 2407 1091 2454 ἀντιθέῳ
1114 2409 1313 2453 Ὀδυσῆι
1344 2409 1500 2454 (Odyss
1529 2408 1577 2452 α’,
1600 2411 1694 2455 21),

876 2457 928 2513 τῷ
952 2455 1103 2501 ἰσοθέῳ.
1151 2469 1196 2490 ea
1220 2467 1357 2501 quoque
1386 2436 1599 2501 significatio
1625 2459 1694 2493 τοῦ

877 2503 961 2538 ἀντι
986 2503 1083 2537 bisce
1103 2509 1185 2547 apta
1210 2509 1276 2537 est.
1316 2502 1374 2535 alii
1396 2508 1508 2541 tamen
1527 2509 1692 2548 veterum,

877 2550 912 2583 in
936 2549 1059 2594 quibus
1084 2552 1112 2584 A
1139 2549 1258 2583 Schol.
1282 2552 1317 2581 et
1342 2549 1387 2590 E,
1412 2547 1509 2584 ἄνθ’
1522 2561 1614 2590 esse
1624 2563 1693 2596 pu-

876 2601 952 2629 tant
976 2596 1088 2635 άντα,
1114 2597 1145 2629 h.
1168 2609 1199 2629 e.
1226 2593 1414 2638 ἄντικρυς,
1439 2595 1576 2637 ἔναντι,
1603 2609 1692 2641 quae

875 2643 984 2676 minus
1009 2643 1125 2701 placet
1148 2641 1259 2684 ratio,
1292 2653 1367 2675 cum
1400 2643 1606 2699 praesertim
1630 2655 1690 2677 se-

876 2693 1003 2732 quatur
1028 2687 1118 2724 ov'6'
1144 2701 1182 2723 ει
1186 2701 1226 2727 ος
1251 2686 1351 2730 ἄξιοί
1382 2690 1482 2732 εἰμεν
1497 2686 1690 2732 Έκτορος,

875 2734 908 2768 h.
934 2747 964 2769 e.
991 2733 1079 2771 ov’6'
1105 2734 1157 2770 ἑνὶ
1173 2732 1325 2778 Ἐκτορι
1349 2735 1432 2770 ἰσοι.
1450 2754 1494 2765 —.
1519 2735 1603 2773 234
1625 2736 1688 2770 da-

873 2782 1035 2816 mnabant
1058 2782 1306 2825 Aristophanes
1331 2782 1459 2826 aliique
1475 2782 1581 2819 Γ1ιιιιιο
1597 2794 1688 2820 ‚ver-

873 2838 966 2869 sum,
990 2835 1154 2872 tanquam
1180 2839 1277 2867 eum,
1303 2839 1372 2872 quo
1398 2828 1492 2861 velut
1517 2828 1688 2866 obtunde—

871 2879 969 2907 retur
994 2875 1133 2908 aculeus
1165 2873 1356 2918 opprobrii.
1404 2874 1504 2907 uncis
1535 2886 1608 2908 eum
1633 2874 1686 2908 iu-

871 2919 974 2953 clusit
998 2922 1054 2954 W.
1080 2920 1222 2954 videtur
1246 2920 1420 2954 sublectus
1443 2920 1524 2954 216.
1595 2956 1615 2961 ‚¹
1674 2922 1679 2927 “

915 2967 1134 3002 236-238.
1185 2964 1350 3006 ἄασας.
1375 2966 1437 3008 (31)
1464 2963 1612 3008 ἁάσκω,
1631 2964 1683 3001 ,ἆ-

868 3009 967 3047 ἄσωε
998 3024 1073 3048 nam
1109 3012 1154 3047 ab
1185 3010 1242 3048 ἅω
1266 3012 1404 3047 ductum
1432 3012 1552 3046 vocab.
1576 3012 1684 3057 sylla-
