<?xml version="1.0" encoding="UTF-8"?>
<!DOCTYPE html PUBLIC "-//W3C//DTD XHTML 1.0 Transitional//EN"
    "http://www.w3.org/TR/xhtml1/DTD/xhtml1-transitional.dtd">
<html xmlns="http://www.w3.org/1999/xhtml" xml:lang="en" lang="en">
 <head>
  <title>
</title>
<meta http-equiv="Content-Type" content="text/html;charset=utf-8" />
  <meta name='ocr-system' content='tesseract 3.04.00' />
  <meta name='ocr-capabilities' content='ocr_page ocr_carea ocr_par ocr_line ocrx_word'/>
</head>
<body>
  <div class='ocr_page' id='page_1' title='image "./carmina01home/carmina01home_0086.png"; bbox 0 0 1811 3269; ppageno 0'>
   <div class='ocr_carea' id='block_1_1' title="bbox 81 132 139 171">
    <p class='ocr_par' dir='ltr' id='par_1_1' title="bbox 81 132 139 171">
     <span class='ocr_line' id='line_1_1' title="bbox 81 132 139 171; baseline 0.017 -1"><span class='ocrx_word' id='word_1_1' title='bbox 81 132 139 171; x_wconf 71' lang='lat'><em>¹72</em></span> 
     </span>
    </p>
   </div>
   <div class='ocr_carea' id='block_1_2' title="bbox 714 126 1112 168">
    <p class='ocr_par' dir='ltr' id='par_1_2' title="bbox 714 126 1112 168">
     <span class='ocr_line' id='line_1_2' title="bbox 714 126 1112 168; baseline 0 -1"><span class='ocrx_word' id='word_1_2' title='bbox 714 126 1112 168; x_wconf 72' lang='grc' dir='ltr'><em>ΟΜΗΡΟΥ</em></span> 
     </span>
    </p>
   </div>
   <div class='ocr_carea' id='block_1_3' title="bbox 141 233 1351 365">
    <p class='ocr_par' dir='ltr' id='par_1_3' title="bbox 141 233 1351 350">
     <span class='ocr_line' id='line_1_3' title="bbox 253 233 1351 306; baseline -0.003 -26"><span class='ocrx_word' id='word_1_3' title='bbox 253 235 283 292; x_wconf 78' lang='grc' dir='ltr'><em>ἢ</em></span> <span class='ocrx_word' id='word_1_4' title='bbox 313 237 428 288; x_wconf 78' lang='grc' dir='ltr'><em>ἐπει,</em></span> <span class='ocrx_word' id='word_1_5' title='bbox 466 236 496 293; x_wconf 79' lang='grc' dir='ltr'>ἦ</span> <span class='ocrx_word' id='word_1_6' title='bbox 524 236 659 304; x_wconf 76' lang='grc' dir='ltr'><em>ἔργῳ,</em></span> <span class='ocrx_word' id='word_1_7' title='bbox 701 233 804 279; x_wconf 84' lang='grc' dir='ltr'><em>τόδε</em></span> <span class='ocrx_word' id='word_1_8' title='bbox 825 252 909 306; x_wconf 88' lang='grc' dir='ltr'><em>μοι</em></span> <span class='ocrx_word' id='word_1_9' title='bbox 942 234 1138 306; x_wconf 82' lang='grc' dir='ltr'><em>κρήηνον</em></span> <span class='ocrx_word' id='word_1_10' title='bbox 1166 233 1351 287; x_wconf 82' lang='grc' dir='ltr'><em>ἐελᾶωρ</em></span> 
     </span>
     <span class='ocr_line' id='line_1_4' title="bbox 141 289 1324 365; baseline -0.005 -25"><span class='ocrx_word' id='word_1_11' title='bbox 141 296 225 341; x_wconf 88' lang='grc'><em>505</em></span> <span class='ocrx_word' id='word_1_12' title='bbox 253 292 437 365; x_wconf 83' lang='grc' dir='ltr'><strong><em>τίμησόν</em></strong></span> <span class='ocrx_word' id='word_1_13' title='bbox 467 310 543 347; x_wconf 91' lang='grc' dir='ltr'><em>μοι</em></span> <span class='ocrx_word' id='word_1_14' title='bbox 572 292 694 344; x_wconf 81' lang='grc' dir='ltr'><em>υἱὸν,</em></span> <span class='ocrx_word' id='word_1_15' title='bbox 724 291 774 343; x_wconf 78' lang='grc' dir='ltr'><em>ὃς</em></span> <span class='ocrx_word' id='word_1_16' title='bbox 802 289 1153 362; x_wconf 72' lang='grc' dir='ltr'><strong><em>ὠκυμορώτατος</em></strong></span> <span class='ocrx_word' id='word_1_17' title='bbox 1181 290 1324 335; x_wconf 79' lang='grc' dir='ltr'><em>ἄλλων</em></span> 
     </span>
    </p>
   </div>
   <div class='ocr_carea' id='block_1_4' title="bbox 253 350 880 514">
    <p class='ocr_par' dir='ltr' id='par_1_4' title="bbox 253 350 880 514">
     <span class='ocr_line' id='line_1_5' title="bbox 254 350 410 394; baseline -0.008 0"><span class='ocrx_word' id='word_1_18' title='bbox 254 350 410 394; x_wconf 76' lang='grc' dir='ltr'><em>ἔπλετ’·</em></span> 
     </span>
     <span class='ocr_line' id='line_1_6' title="bbox 253 404 880 475; baseline -0.003 -25"><span class='ocrx_word' id='word_1_19' title='bbox 253 406 481 475; x_wconf 79' lang='grc' dir='ltr'><em>ἠτίμησεν·</em></span> <span class='ocrx_word' id='word_1_20' title='bbox 522 405 631 449; x_wconf 78' lang='grc' dir='ltr'><em>ἑλῶν</em></span> <span class='ocrx_word' id='word_1_21' title='bbox 670 404 755 460; x_wconf 79' lang='grc' dir='ltr'><em>γοέρ</em></span> <span class='ocrx_word' id='word_1_22' title='bbox 796 405 880 461; x_wconf 77' lang='grc' dir='ltr'><em>ἔχει</em></span> 
     </span>
     <span class='ocr_line' id='line_1_7' title="bbox 256 462 854 514; baseline -0.002 -8"><span class='ocrx_word' id='word_1_23' title='bbox 256 462 365 506; x_wconf 76' lang='grc' dir='ltr'><em>ἄλλα</em></span> <span class='ocrx_word' id='word_1_24' title='bbox 395 462 450 506; x_wconf 88' lang='grc' dir='ltr'><em>σύ</em></span> <span class='ocrx_word' id='word_1_25' title='bbox 481 462 561 514; x_wconf 89' lang='grc' dir='ltr'><em>πέρ</em></span> <span class='ocrx_word' id='word_1_26' title='bbox 605 478 681 514; x_wconf 91' lang='grc' dir='ltr'><em>μιν</em></span> <span class='ocrx_word' id='word_1_27' title='bbox 709 466 854 512; x_wconf 85' lang='grc' dir='ltr'><em>τῖσον,</em></span> 
     </span>
    </p>
   </div>
   <div class='ocr_carea' id='block_1_5' title="bbox 452 345 1523 417">
    <p class='ocr_par' dir='ltr' id='par_1_5' title="bbox 452 345 1523 417">
     <span class='ocr_line' id='line_1_8' title="bbox 452 345 1523 417; baseline -0.003 -25"><span class='ocrx_word' id='word_1_28' title='bbox 452 349 562 402; x_wconf 81' lang='grc' dir='ltr'><em>α’τοῖρ</em></span> <span class='ocrx_word' id='word_1_29' title='bbox 598 365 674 402; x_wconf 88' lang='grc' dir='ltr'><em>μιν</em></span> <span class='ocrx_word' id='word_1_30' title='bbox 704 353 791 392; x_wconf 88' lang='grc' dir='ltr'><em>νῦν</em></span> <span class='ocrx_word' id='word_1_31' title='bbox 818 364 866 404; x_wconf 92' lang='grc' dir='ltr'><em>γε</em></span> <span class='ocrx_word' id='word_1_32' title='bbox 895 348 1005 400; x_wconf 81' lang='grc' dir='ltr'><em>ἅναξ</em></span> <span class='ocrx_word' id='word_1_33' title='bbox 1044 347 1220 401; x_wconf 82' lang='grc' dir='ltr'><em>ἀνδρῶν</em></span> <span class='ocrx_word' id='word_1_34' title='bbox 1243 345 1523 417; x_wconf 74' lang='grc' dir='ltr'><em>Ἀγαμέμνων</em></span> 
     </span>
    </p>
   </div>
   <div class='ocr_carea' id='block_1_6' title="bbox 891 403 1449 530">
    <p class='ocr_par' dir='ltr' id='par_1_6' title="bbox 891 403 1449 516">
     <span class='ocr_line' id='line_1_9' title="bbox 891 403 1441 477; baseline -0.004 -28.938"><span class='ocrx_word' id='word_1_35' title='bbox 891 405 1037 477; x_wconf 80' lang='grc' dir='ltr'><em>γέρας</em></span> <span class='ocrx_word' id='word_1_36' title='bbox 1067 403 1198 454; x_wconf 78' lang='grc' dir='ltr'><em>αὐτὸς</em></span> <span class='ocrx_word' id='word_1_37' title='bbox 1228 403 1441 456; x_wconf 81' lang='grc' dir='ltr'><em>ἀπούρας.</em></span> 
     </span>
     <span class='ocr_line' id='line_1_10' title="bbox 891 460 1449 530; baseline -0.004 -24.941"><span class='ocrx_word' id='word_1_38' title='bbox 891 460 1100 529; x_wconf 85' lang='grc' dir='ltr'><em>Ὀλύμπιε</em></span> <span class='ocrx_word' id='word_1_39' title='bbox 1137 461 1312 530; x_wconf 87' lang='grc' dir='ltr'><em>μητίετα</em></span> <span class='ocrx_word' id='word_1_40' title='bbox 1350 464 1449 511; x_wconf 85' lang='grc' dir='ltr'><em>Ζεῦ,</em></span> 
     </span>
    </p>
   </div>
   <div class='ocr_carea' id='block_1_7' title="bbox 147 513 1630 813">
    <p class='ocr_par' dir='ltr' id='par_1_7' title="bbox 147 513 1630 800">
     <span class='ocr_line' id='line_1_11' title="bbox 259 513 1577 591; baseline -0.003 -28"><span class='ocrx_word' id='word_1_41' title='bbox 259 519 410 591; x_wconf 84' lang='grc' dir='ltr'><em>τόφρα</em></span> <span class='ocrx_word' id='word_1_42' title='bbox 438 517 476 562; x_wconf 83' lang='grc' dir='ltr'><em>δ’</em></span> <span class='ocrx_word' id='word_1_43' title='bbox 510 518 578 562; x_wconf 83' lang='grc' dir='ltr'><em>έπὶ</em></span> <span class='ocrx_word' id='word_1_44' title='bbox 613 518 803 572; x_wconf 80' lang='grc' dir='ltr'><em>Τρώεσσι</em></span> <span class='ocrx_word' id='word_1_45' title='bbox 831 519 945 561; x_wconf 86' lang='grc' dir='ltr'><em>τίθει</em></span> <span class='ocrx_word' id='word_1_46' title='bbox 974 516 1156 571; x_wconf 82' lang='grc' dir='ltr'><em>κράτος,</em></span> <span class='ocrx_word' id='word_1_47' title='bbox 1187 513 1277 570; x_wconf 83' lang='grc' dir='ltr'><em>ὅφρ</em></span> <span class='ocrx_word' id='word_1_48' title='bbox 1333 516 1388 559; x_wconf 77' lang='grc' dir='ltr'><em>ἂν</em></span> <span class='ocrx_word' id='word_1_49' title='bbox 1411 515 1577 572; x_wconf 81' lang='grc' dir='ltr'><em>Ἀχαιοὶ</em></span> 
     </span>
     <span class='ocr_line' id='line_1_12' title="bbox 147 572 1299 645; baseline -0.007 -23"><span class='ocrx_word' id='word_1_50' title='bbox 147 580 229 622; x_wconf 90' lang='grc'><em>510</em></span> <span class='ocrx_word' id='word_1_51' title='bbox 259 578 363 620; x_wconf 79' lang='grc' dir='ltr'><em>υἱόν</em></span> <span class='ocrx_word' id='word_1_52' title='bbox 395 574 505 643; x_wconf 83' lang='grc' dir='ltr'><em>ἐμὸν</em></span> <span class='ocrx_word' id='word_1_53' title='bbox 527 576 726 625; x_wconf 89' lang='grc' dir='ltr'><em>τίσωσιν,</em></span> <span class='ocrx_word' id='word_1_54' title='bbox 757 574 1002 645; x_wconf 77' lang='grc' dir='ltr'><em>ὀφέλλωσίν</em></span> <span class='ocrx_word' id='word_1_55' title='bbox 1031 574 1075 616; x_wconf 88' lang='grc' dir='ltr'><em>τέ</em></span> <span class='ocrx_word' id='word_1_56' title='bbox 1106 572 1125 616; x_wconf 80' lang='grc' dir='ltr'><em>ἐ</em></span> <span class='ocrx_word' id='word_1_57' title='bbox 1153 576 1266 629; x_wconf 80' lang='grc' dir='ltr'><em>τιμῇ</em></span> <span class='ocrx_word' id='word_1_58' title='bbox 1273 576 1299 594; x_wconf 82' lang='grc'><strong>“</strong></span> 
     </span>
     <span class='ocr_line' id='line_1_13' title="bbox 326 628 1630 701; baseline -0.002 -25.96"><span class='ocrx_word' id='word_1_59' title='bbox 326 631 409 681; x_wconf 82' lang='grc' dir='ltr'><em>Ὣς</em></span> <span class='ocrx_word' id='word_1_60' title='bbox 441 629 577 701; x_wconf 81' lang='grc' dir='ltr'><em>φάτο</em></span> <span class='ocrx_word' id='word_1_61' title='bbox 619 631 700 689; x_wconf 79' lang='grc' dir='ltr'><em>τήν</em></span> <span class='ocrx_word' id='word_1_62' title='bbox 731 629 776 675; x_wconf 90' lang='lat'><em>6&#39;</em></span> <span class='ocrx_word' id='word_1_63' title='bbox 810 631 909 674; x_wconf 82' lang='grc' dir='ltr'><em>οὔτι</em></span> <span class='ocrx_word' id='word_1_64' title='bbox 936 630 1137 701; x_wconf 82' lang='grc' dir='ltr'><em>προσέφη</em></span> <span class='ocrx_word' id='word_1_65' title='bbox 1166 628 1479 683; x_wconf 80' lang='grc' dir='ltr'><em>νεφεληγερέτα</em></span> <span class='ocrx_word' id='word_1_66' title='bbox 1509 628 1630 680; x_wconf 82' lang='grc' dir='ltr'><em>Ζεύς,</em></span> 
     </span>
     <span class='ocr_line' id='line_1_14' title="bbox 261 684 1525 745; baseline -0.003 -14"><span class='ocrx_word' id='word_1_67' title='bbox 261 687 353 732; x_wconf 78' lang='grc' dir='ltr'><em>ἀλλ’</em></span> <span class='ocrx_word' id='word_1_68' title='bbox 385 686 526 730; x_wconf 76' lang='grc' dir='ltr'><em>ἀκέων</em></span> <span class='ocrx_word' id='word_1_69' title='bbox 555 687 636 744; x_wconf 90' lang='grc' dir='ltr'><em>δὴν</em></span> <span class='ocrx_word' id='word_1_70' title='bbox 664 689 789 745; x_wconf 81' lang='grc' dir='ltr'><em>ἡστο·</em></span> <span class='ocrx_word' id='word_1_71' title='bbox 829 688 952 738; x_wconf 82' lang='grc' dir='ltr'><em>Θέτις</em></span> <span class='ocrx_word' id='word_1_72' title='bbox 982 685 1039 738; x_wconf 83' lang='grc' dir='ltr'><em>δ’,</em></span> <span class='ocrx_word' id='word_1_73' title='bbox 1070 685 1129 737; x_wconf 81' lang='grc' dir='ltr'><em>ὠς</em></span> <span class='ocrx_word' id='word_1_74' title='bbox 1157 685 1299 741; x_wconf 84' lang='grc' dir='ltr'><em>η’ψατο</em></span> <span class='ocrx_word' id='word_1_75' title='bbox 1331 684 1525 743; x_wconf 84' lang='grc' dir='ltr'><em>γούνων,</em></span> 
     </span>
     <span class='ocr_line' id='line_1_15' title="bbox 260 742 1441 813; baseline -0.004 -25"><span class='ocrx_word' id='word_1_76' title='bbox 260 745 319 797; x_wconf 75' lang='grc' dir='ltr'><em>(ὃς</em></span> <span class='ocrx_word' id='word_1_77' title='bbox 349 743 456 799; x_wconf 77' lang='grc' dir='ltr'><em>ἔχετ’</em></span> <span class='ocrx_word' id='word_1_78' title='bbox 489 744 764 800; x_wconf 86' lang='grc' dir='ltr'><em>ἐμπεφυυῖα,</em></span> <span class='ocrx_word' id='word_1_79' title='bbox 796 744 869 787; x_wconf 85' lang='grc' dir='ltr'><em>καὶ</em></span> <span class='ocrx_word' id='word_1_80' title='bbox 897 746 1033 798; x_wconf 86' lang='grc' dir='ltr'><em>ε’ίρετο</em></span> <span class='ocrx_word' id='word_1_81' title='bbox 1061 742 1267 813; x_wconf 81' lang='grc' dir='ltr'><em>δεύτερον</em></span> <span class='ocrx_word' id='word_1_82' title='bbox 1297 743 1441 791; x_wconf 80' lang='grc' dir='ltr'><em>αὐτις·</em></span> 
     </span>
    </p>
   </div>
   <div class='ocr_carea' id='block_1_8' title="bbox 328 800 883 873">
    <p class='ocr_par' dir='ltr' id='par_1_8' title="bbox 328 800 883 873">
     <span class='ocr_line' id='line_1_16' title="bbox 328 800 883 873; baseline 0 -30"><span class='ocrx_word' id='word_1_83' title='bbox 328 803 584 872; x_wconf 75' lang='grc' dir='ltr'><em>,,Νημερτες</em></span> <span class='ocrx_word' id='word_1_84' title='bbox 612 818 692 855; x_wconf 89' lang='grc' dir='ltr'><em>μεν</em></span> <span class='ocrx_word' id='word_1_85' title='bbox 721 800 775 856; x_wconf 86' lang='grc' dir='ltr'><em>δή</em></span> <span class='ocrx_word' id='word_1_86' title='bbox 807 817 883 873; x_wconf 66' lang='grc' dir='ltr'><em>μοι</em></span> 
     </span>
    </p>
   </div>
   <div class='ocr_carea' id='block_1_9' title="bbox 912 796 1526 869">
    <p class='ocr_par' dir='ltr' id='par_1_9' title="bbox 912 796 1526 869">
     <span class='ocr_line' id='line_1_17' title="bbox 912 796 1526 869; baseline -0.007 -25"><span class='ocrx_word' id='word_1_87' title='bbox 912 799 1124 869; x_wconf 90' lang='grc' dir='ltr'><em>υπόσχεο</em></span> <span class='ocrx_word' id='word_1_88' title='bbox 1134 799 1209 842; x_wconf 86' lang='grc' dir='ltr'><em>καὶ</em></span> <span class='ocrx_word' id='word_1_89' title='bbox 1237 796 1526 855; x_wconf 81' lang='grc' dir='ltr'><em>κατάνευσον,</em></span> 
     </span>
    </p>
   </div>
   <div class='ocr_carea' id='block_1_10' title="bbox 146 853 1605 1043">
    <p class='ocr_par' dir='ltr' id='par_1_10' title="bbox 146 853 1583 1028">
     <span class='ocr_line' id='line_1_18' title="bbox 146 853 1444 924; baseline -0.006 -19"><span class='ocrx_word' id='word_1_90' title='bbox 146 860 228 905; x_wconf 86' lang='grc'><em>515</em></span> <span class='ocrx_word' id='word_1_91' title='bbox 258 875 285 912; x_wconf 92' lang='grc' dir='ltr'><em>η</em></span> <span class='ocrx_word' id='word_1_92' title='bbox 314 856 504 910; x_wconf 78' lang='grc' dir='ltr'><em>ἀπόειπ’,</em></span> <span class='ocrx_word' id='word_1_93' title='bbox 548 858 638 901; x_wconf 85' lang='grc' dir='ltr'><em>ἐπει</em></span> <span class='ocrx_word' id='word_1_94' title='bbox 668 857 724 901; x_wconf 80' lang='grc' dir='ltr'><em>οὔ</em></span> <span class='ocrx_word' id='word_1_95' title='bbox 754 875 822 901; x_wconf 93' lang='grc' dir='ltr'><em>τοι</em></span> <span class='ocrx_word' id='word_1_96' title='bbox 853 857 921 901; x_wconf 75' lang='grc' dir='ltr'><em>ἔπι</em></span> <span class='ocrx_word' id='word_1_97' title='bbox 952 857 1074 924; x_wconf 81' lang='grc' dir='ltr'><em>δέος,</em></span> <span class='ocrx_word' id='word_1_98' title='bbox 1108 853 1214 924; x_wconf 81' lang='grc' dir='ltr'><em>ὄφρ’</em></span> <span class='ocrx_word' id='word_1_99' title='bbox 1250 856 1298 898; x_wconf 86' lang='grc' dir='ltr'><em>εὐ</em></span> <span class='ocrx_word' id='word_1_100' title='bbox 1329 856 1444 907; x_wconf 76' lang='grc' dir='ltr'><em>εἰδῶ,</em></span> 
     </span>
     <span class='ocr_line' id='line_1_19' title="bbox 259 910 1384 986; baseline -0.004 -28"><span class='ocrx_word' id='word_1_101' title='bbox 259 914 397 959; x_wconf 84' lang='grc' dir='ltr'><em>ὅσσον</em></span> <span class='ocrx_word' id='word_1_102' title='bbox 434 914 517 985; x_wconf 85' lang='grc' dir='ltr'><em>ἐγω</em></span> <span class='ocrx_word' id='word_1_103' title='bbox 552 931 657 986; x_wconf 90' lang='grc' dir='ltr'><em>μετα</em></span> <span class='ocrx_word' id='word_1_104' title='bbox 690 918 826 958; x_wconf 82' lang='grc' dir='ltr'><em>πᾶσιν</em></span> <span class='ocrx_word' id='word_1_105' title='bbox 865 914 1098 983; x_wconf 80' lang='grc' dir='ltr'><em>ἀτιμοτάτη</em></span> <span class='ocrx_word' id='word_1_106' title='bbox 1128 910 1231 962; x_wconf 81' lang='grc' dir='ltr'><em>θεός</em></span> <span class='ocrx_word' id='word_1_107' title='bbox 1260 913 1384 967; x_wconf 78' lang='grc' dir='ltr'><em>εἰμι.“</em></span> 
     </span>
     <span class='ocr_line' id='line_1_20' title="bbox 346 965 1605 1043; baseline -0.005 -28"><span class='ocrx_word' id='word_1_108' title='bbox 346 970 438 1027; x_wconf 84' lang='grc' dir='ltr'><em>Τὴν</em></span> <span class='ocrx_word' id='word_1_109' title='bbox 469 971 515 1016; x_wconf 79' lang='grc' dir='ltr'><em>δὲ</em></span> <span class='ocrx_word' id='word_1_110' title='bbox 545 969 642 1043; x_wconf 46' lang='grc' dir='ltr'><em>μέγᾷ</em></span> <span class='ocrx_word' id='word_1_111' title='bbox 675 969 868 1043; x_wconf 78' lang='grc' dir='ltr'><em>ὀχθήσας</em></span> <span class='ocrx_word' id='word_1_112' title='bbox 897 969 1101 1025; x_wconf 87' lang='grc' dir='ltr'><em>προσέφη</em></span> <span class='ocrx_word' id='word_1_113' title='bbox 1131 967 1442 1039; x_wconf 73' lang='grc' dir='ltr'><em>νεφεληγερέτα</em></span> <span class='ocrx_word' id='word_1_114' title='bbox 1473 965 1605 1019; x_wconf 85' lang='grc' dir='ltr'><em>Ζεύς·</em></span> 
     </span>
    </p>
   </div>
   <div class='ocr_carea' id='block_1_11' title="bbox 263 1026 918 1085">
    <p class='ocr_par' dir='ltr' id='par_1_11' title="bbox 263 1026 918 1085">
     <span class='ocr_line' id='line_1_21' title="bbox 263 1026 918 1085; baseline -0.003 -12"><span class='ocrx_word' id='word_1_115' title='bbox 263 1026 320 1085; x_wconf 82' lang='grc' dir='ltr'><em>,,ἦ</em></span> <span class='ocrx_word' id='word_1_116' title='bbox 358 1028 412 1085; x_wconf 77' lang='grc' dir='ltr'><em>δή</em></span> <span class='ocrx_word' id='word_1_117' title='bbox 444 1030 589 1085; x_wconf 89' lang='grc' dir='ltr'><em>λοίγια</em></span> <span class='ocrx_word' id='word_1_118' title='bbox 619 1027 710 1083; x_wconf 74' lang='grc' dir='ltr'><em>ἔργ’</em></span> <span class='ocrx_word' id='word_1_119' title='bbox 714 1061 726 1081; x_wconf 94' lang='grc'><em>,</em></span> <span class='ocrx_word' id='word_1_120' title='bbox 767 1027 838 1072; x_wconf 84' lang='grc' dir='ltr'><em>ὅτε</em></span> <span class='ocrx_word' id='word_1_121' title='bbox 867 1026 918 1083; x_wconf 83' lang='grc' dir='ltr'><em>μ’</em></span> 
     </span>
    </p>
   </div>
   <div class='ocr_carea' id='block_1_12' title="bbox 91 1125 904 1830">
    <p class='ocr_par' dir='ltr' id='par_1_12' title="bbox 92 1125 899 1220">
     <span class='ocr_line' id='line_1_22' title="bbox 139 1125 899 1179; baseline 0.001 -14"><span class='ocrx_word' id='word_1_122' title='bbox 139 1129 219 1166; x_wconf 87' lang='grc'>504.</span> <span class='ocrx_word' id='word_1_123' title='bbox 255 1125 280 1174; x_wconf 79' lang='grc' dir='ltr'><em>ἢ</em></span> <span class='ocrx_word' id='word_1_124' title='bbox 315 1129 343 1165; x_wconf 76' lang='grc' dir='ltr'><em>ἔ.</em></span> <span class='ocrx_word' id='word_1_125' title='bbox 377 1126 401 1176; x_wconf 81' lang='grc' dir='ltr'><em>ἢ</em></span> <span class='ocrx_word' id='word_1_126' title='bbox 434 1130 565 1179; x_wconf 81' lang='grc' dir='ltr'><em>ε’ργῳ.</em></span> <span class='ocrx_word' id='word_1_127' title='bbox 596 1132 676 1168; x_wconf 97' lang='grc'><strong>395.</strong></span> <span class='ocrx_word' id='word_1_128' title='bbox 718 1128 831 1166; x_wconf 87' lang='grc' dir='ltr'><em>τόδε</em></span> <span class='ocrx_word' id='word_1_129' title='bbox 854 1151 899 1156; x_wconf 94' lang='grc'><strong>-</strong></span> 
     </span>
     <span class='ocr_line' id='line_1_23' title="bbox 92 1175 377 1220; baseline 0 -8"><span class='ocrx_word' id='word_1_130' title='bbox 92 1175 138 1212; x_wconf 67' lang='grc' dir='ltr'><em>εἶ’</em></span> <span class='ocrx_word' id='word_1_131' title='bbox 122 1190 137 1212; x_wconf 87' lang='grc' dir='ltr'><em>ε</em></span> <span class='ocrx_word' id='word_1_132' title='bbox 150 1180 168 1210; x_wconf 89' lang='grc' dir='ltr'><em>λ</em></span> <span class='ocrx_word' id='word_1_133' title='bbox 180 1178 200 1211; x_wconf 86' lang='grc' dir='ltr'><em>δ</em></span> <span class='ocrx_word' id='word_1_134' title='bbox 212 1190 239 1211; x_wconf 88' lang='grc' dir='ltr'><em>ω</em></span> <span class='ocrx_word' id='word_1_135' title='bbox 253 1190 284 1220; x_wconf 87' lang='grc' dir='ltr'><em>ρ.</em></span> <span class='ocrx_word' id='word_1_136' title='bbox 320 1179 377 1212; x_wconf 83' lang='grc'><em>41.</em></span> 
     </span>
    </p>

    <p class='ocr_par' dir='ltr' id='par_1_13' title="bbox 91 1223 904 1820">
     <span class='ocr_line' id='line_1_24' title="bbox 136 1223 898 1268; baseline -0.001 -11"><span class='ocrx_word' id='word_1_137' title='bbox 136 1223 215 1259; x_wconf 88' lang='grc'><strong>505.</strong></span> <span class='ocrx_word' id='word_1_138' title='bbox 240 1224 330 1267; x_wconf 89' lang='grc' dir='ltr'><em>τίμ.</em></span> <span class='ocrx_word' id='word_1_139' title='bbox 356 1224 499 1265; x_wconf 82' lang='lat' dir='ltr'><strong>honora,</strong></span> <span class='ocrx_word' id='word_1_140' title='bbox 523 1236 588 1258; x_wconf 92' lang='lat' dir='ltr'><em>non</em></span> <span class='ocrx_word' id='word_1_141' title='bbox 612 1224 794 1265; x_wconf 79' lang='lat' dir='ltr'><strong>ulciscere,</strong></span> <span class='ocrx_word' id='word_1_142' title='bbox 817 1234 898 1268; x_wconf 87' lang='lat' dir='ltr'><strong>pro—</strong></span> 
     </span>
     <span class='ocr_line' id='line_1_25' title="bbox 91 1269 899 1323; baseline 0 -21"><span class='ocrx_word' id='word_1_143' title='bbox 91 1272 170 1314; x_wconf 83' lang='lat' dir='ltr'><strong>pter</strong></span> <span class='ocrx_word' id='word_1_144' title='bbox 193 1270 387 1314; x_wconf 82' lang='lat' dir='ltr'><strong>oppositum</strong></span> <span class='ocrx_word' id='word_1_145' title='bbox 405 1269 604 1314; x_wconf 81' lang='grc' dir='ltr'><em>ἠτίμησεν,</em></span> <span class='ocrx_word' id='word_1_146' title='bbox 631 1270 696 1304; x_wconf 79' lang='lat' dir='ltr'><strong>etsi</strong></span> <span class='ocrx_word' id='word_1_147' title='bbox 720 1271 796 1323; x_wconf 86' lang='lat' dir='ltr'><strong>ipsa</strong></span> <span class='ocrx_word' id='word_1_148' title='bbox 814 1280 899 1314; x_wconf 93' lang='lat' dir='ltr'><strong>quo-</strong></span> 
     </span>
     <span class='ocr_line' id='line_1_26' title="bbox 92 1315 899 1360; baseline 0 -12"><span class='ocrx_word' id='word_1_149' title='bbox 92 1327 159 1359; x_wconf 87' lang='lat' dir='ltr'><em>que</em></span> <span class='ocrx_word' id='word_1_150' title='bbox 184 1315 314 1349; x_wconf 88' lang='lat' dir='ltr'><strong>ultione</strong></span> <span class='ocrx_word' id='word_1_151' title='bbox 338 1317 547 1357; x_wconf 86' lang='lat' dir='ltr'>honoratur,</span> <span class='ocrx_word' id='word_1_152' title='bbox 581 1316 612 1349; x_wconf 86' lang='lat' dir='ltr'><em>si</em></span> <span class='ocrx_word' id='word_1_153' title='bbox 645 1317 803 1360; x_wconf 87' lang='lat' dir='ltr'><strong>injuriam</strong></span> <span class='ocrx_word' id='word_1_154' title='bbox 836 1315 899 1348; x_wconf 84' lang='lat' dir='ltr'><strong>ali-</strong></span> 
     </span>
     <span class='ocr_line' id='line_1_27' title="bbox 93 1361 899 1404; baseline 0 -11"><span class='ocrx_word' id='word_1_155' title='bbox 93 1361 190 1404; x_wconf 82' lang='lat' dir='ltr'><strong>cujus</strong></span> <span class='ocrx_word' id='word_1_156' title='bbox 216 1361 418 1396; x_wconf 83' lang='lat' dir='ltr'><strong>ulciscimur.</strong></span> <span class='ocrx_word' id='word_1_157' title='bbox 469 1363 519 1395; x_wconf 86' lang='lat' dir='ltr'><em>sic</em></span> <span class='ocrx_word' id='word_1_158' title='bbox 554 1367 590 1396; x_wconf 88' lang='lat' dir='ltr'><em>et</em></span> <span class='ocrx_word' id='word_1_159' title='bbox 623 1365 727 1396; x_wconf 86' lang='grc' dir='ltr'><em>τῖσον</em></span> <span class='ocrx_word' id='word_1_160' title='bbox 758 1366 899 1394; x_wconf 83' lang='lat' dir='ltr'><strong>verten-</strong></span> 
     </span>
     <span class='ocr_line' id='line_1_28' title="bbox 94 1404 899 1460; baseline 0.001 -21"><span class='ocrx_word' id='word_1_161' title='bbox 94 1406 171 1439; x_wconf 90' lang='lat' dir='ltr'><em>dum</em></span> <span class='ocrx_word' id='word_1_162' title='bbox 206 1414 259 1441; x_wconf 85' lang='lat' dir='ltr'><em>est</em></span> <span class='ocrx_word' id='word_1_163' title='bbox 291 1408 373 1442; x_wconf 89' lang='lat'><strong>508.</strong></span> <span class='ocrx_word' id='word_1_164' title='bbox 385 1433 395 1449; x_wconf 89' lang='lat'>‚</span> <span class='ocrx_word' id='word_1_165' title='bbox 436 1412 561 1452; x_wconf 82' lang='lat' dir='ltr'>utpote</span> <span class='ocrx_word' id='word_1_166' title='bbox 594 1406 632 1442; x_wconf 81' lang='grc' dir='ltr'><em>ἐκ</em></span> <span class='ocrx_word' id='word_1_167' title='bbox 662 1404 899 1460; x_wconf 81' lang='grc' dir='ltr'><em>παραλλήλου</em></span> 
     </span>
     <span class='ocr_line' id='line_1_29' title="bbox 95 1451 901 1489; baseline 0.001 -4"><span class='ocrx_word' id='word_1_168' title='bbox 95 1451 232 1486; x_wconf 88' lang='lat' dir='ltr'><strong>dictum</strong></span> <span class='ocrx_word' id='word_1_169' title='bbox 275 1454 320 1487; x_wconf 82' lang='lat' dir='ltr'><strong>cf.</strong></span> <span class='ocrx_word' id='word_1_170' title='bbox 351 1455 431 1489; x_wconf 89' lang='lat'><strong>510.</strong></span> <span class='ocrx_word' id='word_1_171' title='bbox 480 1459 630 1488; x_wconf 86' lang='lat' dir='ltr'><strong>ceterum</strong></span> <span class='ocrx_word' id='word_1_172' title='bbox 665 1453 802 1487; x_wconf 89' lang='lat' dir='ltr'><strong>concisa</strong></span> <span class='ocrx_word' id='word_1_173' title='bbox 846 1456 901 1486; x_wconf 87' lang='lat' dir='ltr'><em>est</em></span> 
     </span>
     <span class='ocr_line' id='line_1_30' title="bbox 95 1499 900 1545; baseline 0 -14"><span class='ocrx_word' id='word_1_174' title='bbox 95 1499 182 1532; x_wconf 85' lang='lat' dir='ltr'><strong>haec</strong></span> <span class='ocrx_word' id='word_1_175' title='bbox 204 1499 315 1532; x_wconf 85' lang='lat' dir='ltr'><strong>oratio</strong></span> <span class='ocrx_word' id='word_1_176' title='bbox 351 1505 386 1533; x_wconf 85' lang='lat' dir='ltr'><strong>et</strong></span> <span class='ocrx_word' id='word_1_177' title='bbox 416 1499 616 1544; x_wconf 80' lang='grc' dir='ltr'><em>ἐλλειπτική</em></span> <span class='ocrx_word' id='word_1_178' title='bbox 652 1504 794 1545; x_wconf 83' lang='lat' dir='ltr'><strong>propter</strong></span> <span class='ocrx_word' id='word_1_179' title='bbox 819 1510 900 1543; x_wconf 88' lang='lat' dir='ltr'><strong>per-</strong></span> 
     </span>
     <span class='ocr_line' id='line_1_31' title="bbox 96 1545 902 1591; baseline -0.001 -13"><span class='ocrx_word' id='word_1_180' title='bbox 96 1545 267 1579; x_wconf 85' lang='lat' dir='ltr'><strong>turbatum</strong></span> <span class='ocrx_word' id='word_1_181' title='bbox 294 1545 456 1580; x_wconf 85' lang='lat' dir='ltr'><strong>Thetidis</strong></span> <span class='ocrx_word' id='word_1_182' title='bbox 482 1547 654 1586; x_wconf 86' lang='lat' dir='ltr'><strong>animum3</strong></span> <span class='ocrx_word' id='word_1_183' title='bbox 688 1557 789 1591; x_wconf 84' lang='lat' dir='ltr'><strong>quam</strong></span> <span class='ocrx_word' id='word_1_184' title='bbox 822 1556 902 1578; x_wconf 88' lang='lat' dir='ltr'><strong>ora-</strong></span> 
     </span>
     <span class='ocr_line' id='line_1_32' title="bbox 95 1589 903 1648; baseline 0.001 -25"><span class='ocrx_word' id='word_1_185' title='bbox 95 1590 223 1625; x_wconf 83' lang='lat' dir='ltr'><strong>tionem</strong></span> <span class='ocrx_word' id='word_1_186' title='bbox 241 1591 305 1624; x_wconf 87' lang='lat' dir='ltr'><strong>hoc</strong></span> <span class='ocrx_word' id='word_1_187' title='bbox 325 1593 424 1626; x_wconf 86' lang='lat' dir='ltr'><strong>modo</strong></span> <span class='ocrx_word' id='word_1_188' title='bbox 447 1592 674 1648; x_wconf 83' lang='lat' dir='ltr'><strong>explicueris:</strong></span> <span class='ocrx_word' id='word_1_189' title='bbox 698 1605 718 1626; x_wconf 89' lang='grc' dir='ltr'><em>τ</em></span> <span class='ocrx_word' id='word_1_190' title='bbox 732 1589 875 1647; x_wconf 86' lang='grc' dir='ltr'><em>ίμησό</em></span> <span class='ocrx_word' id='word_1_191' title='bbox 881 1603 903 1624; x_wconf 89' lang='grc' dir='ltr'><em>ν</em></span> 
     </span>
     <span class='ocr_line' id='line_1_33' title="bbox 95 1633 904 1684; baseline 0.001 -14"><span class='ocrx_word' id='word_1_192' title='bbox 95 1649 176 1681; x_wconf 90' lang='grc' dir='ltr'><em>μοι</em></span> <span class='ocrx_word' id='word_1_193' title='bbox 200 1636 326 1678; x_wconf 76' lang='grc' dir='ltr'><em>υἱὸν,</em></span> <span class='ocrx_word' id='word_1_194' title='bbox 354 1633 416 1684; x_wconf 77' lang='grc' dir='ltr'><em>ὃς</em></span> <span class='ocrx_word' id='word_1_195' title='bbox 427 1635 814 1682; x_wconf 68' lang='grc' dir='ltr'><em>ὠκυμορώτατος</em></span> <span class='ocrx_word' id='word_1_196' title='bbox 837 1649 904 1681; x_wconf 88' lang='grc' dir='ltr'><em>μεν</em></span> 
     </span>
     <span class='ocr_line' id='line_1_34' title="bbox 95 1680 903 1730; baseline 0.001 -13"><span class='ocrx_word' id='word_1_197' title='bbox 95 1684 172 1717; x_wconf 78' lang='grc' dir='ltr'><em>τῶν</em></span> <span class='ocrx_word' id='word_1_198' title='bbox 205 1680 361 1718; x_wconf 75' lang='grc' dir='ltr'><em>ἄλλων</em></span> <span class='ocrx_word' id='word_1_199' title='bbox 394 1684 462 1730; x_wconf 81' lang='grc' dir='ltr'><em>ἠν,</em></span> <span class='ocrx_word' id='word_1_200' title='bbox 496 1684 553 1720; x_wconf 81' lang='grc' dir='ltr'><em>ὅτι</em></span> <span class='ocrx_word' id='word_1_201' title='bbox 576 1685 688 1720; x_wconf 81' lang='grc' dir='ltr'><em>τοῦτο</em></span> <span class='ocrx_word' id='word_1_202' title='bbox 712 1682 903 1727; x_wconf 85' lang='grc' dir='ltr'><em>πεπρωμέ-</em></span> 
     </span>
     <span class='ocr_line' id='line_1_35' title="bbox 96 1727 903 1774; baseline -0.001 -10"><span class='ocrx_word' id='word_1_203' title='bbox 96 1742 163 1764; x_wconf 90' lang='grc' dir='ltr'><em>νον</em></span> <span class='ocrx_word' id='word_1_204' title='bbox 188 1728 289 1774; x_wconf 80' lang='grc' dir='ltr'><em>αυτῷ</em></span> <span class='ocrx_word' id='word_1_205' title='bbox 313 1728 422 1774; x_wconf 83' lang='grc' dir='ltr'><em>ἐστιν,</em></span> <span class='ocrx_word' id='word_1_206' title='bbox 453 1729 537 1766; x_wconf 81' lang='grc' dir='ltr'><em>αλλ’</em></span> <span class='ocrx_word' id='word_1_207' title='bbox 562 1727 640 1774; x_wconf 72' lang='grc' dir='ltr'><em>ἅμα</em></span> <span class='ocrx_word' id='word_1_208' title='bbox 663 1729 903 1773; x_wconf 83' lang='grc' dir='ltr'><em>πεπρωμένον</em></span> 
     </span>
     <span class='ocr_line' id='line_1_36' title="bbox 96 1774 902 1830; baseline 0.003 -22"><span class='ocrx_word' id='word_1_209' title='bbox 96 1776 144 1820; x_wconf 81' lang='grc' dir='ltr'><em>ἠν</em></span> <span class='ocrx_word' id='word_1_210' title='bbox 169 1776 391 1830; x_wconf 83' lang='grc' dir='ltr'><em>τιμιώτατον</em></span> <span class='ocrx_word' id='word_1_211' title='bbox 416 1774 532 1813; x_wconf 75' lang='grc' dir='ltr'><em>αὐτὸν</em></span> <span class='ocrx_word' id='word_1_212' title='bbox 557 1783 653 1812; x_wconf 82' lang='grc' dir='ltr'><em>εἰναι</em></span> <span class='ocrx_word' id='word_1_213' title='bbox 676 1779 750 1811; x_wconf 76' lang='grc' dir='ltr'><em>τῶν</em></span> <span class='ocrx_word' id='word_1_214' title='bbox 773 1775 902 1811; x_wconf 79' lang='grc' dir='ltr'><em>ἄλλων·</em></span> 
     </span>
    </p>
   </div>
   <div class='ocr_carea' id='block_1_13' title="bbox 97 1820 903 1959">
    <p class='ocr_par' dir='ltr' id='par_1_14' title="bbox 97 1820 903 1959">
     <span class='ocr_line' id='line_1_37' title="bbox 97 1820 903 1873; baseline -0.001 -15"><span class='ocrx_word' id='word_1_215' title='bbox 97 1820 220 1866; x_wconf 78' lang='grc' dir='ltr'><em>ἀτάρ</em></span> <span class='ocrx_word' id='word_1_216' title='bbox 243 1835 323 1873; x_wconf 92' lang='grc' dir='ltr'><em>μιν</em></span> <span class='ocrx_word' id='word_1_217' title='bbox 349 1830 414 1857; x_wconf 88' lang='lat' dir='ltr'><strong>etc.</strong></span> <span class='ocrx_word' id='word_1_218' title='bbox 448 1825 493 1860; x_wconf 86' lang='lat' dir='ltr'><strong>cf.</strong></span> <span class='ocrx_word' id='word_1_219' title='bbox 517 1823 688 1858; x_wconf 79' lang='lat' dir='ltr'><strong>simillima</strong></span> <span class='ocrx_word' id='word_1_220' title='bbox 710 1825 780 1859; x_wconf 85' lang='grc'><em>352</em></span> <span class='ocrx_word' id='word_1_221' title='bbox 803 1834 903 1868; x_wconf 90' lang='lat' dir='ltr'><strong>seqq</strong></span> 
     </span>
     <span class='ocr_line' id='line_1_38' title="bbox 142 1870 437 1905; baseline 0.007 -2"><span class='ocrx_word' id='word_1_222' title='bbox 142 1870 223 1904; x_wconf 88' lang='grc'><strong>507.</strong></span> <span class='ocrx_word' id='word_1_223' title='bbox 250 1874 324 1903; x_wconf 85' lang='grc' dir='ltr'><em>απ.</em></span> <span class='ocrx_word' id='word_1_224' title='bbox 357 1872 437 1905; x_wconf 88' lang='grc'><strong>356.</strong></span> 
     </span>
     <span class='ocr_line' id='line_1_39' title="bbox 143 1915 389 1959; baseline 0 -10"><span class='ocrx_word' id='word_1_225' title='bbox 143 1915 223 1950; x_wconf 89' lang='grc'><strong>508.</strong></span> <span class='ocrx_word' id='word_1_226' title='bbox 268 1928 294 1949; x_wconf 87' lang='grc' dir='ltr'><em>π</em></span> <span class='ocrx_word' id='word_1_227' title='bbox 309 1928 324 1949; x_wconf 92' lang='grc' dir='ltr'><em>ε</em></span> <span class='ocrx_word' id='word_1_228' title='bbox 337 1928 357 1959; x_wconf 91' lang='grc' dir='ltr'><em>ρ</em></span> <span class='ocrx_word' id='word_1_229' title='bbox 378 1940 389 1959; x_wconf 85' lang='grc'><em>,</em></span> 
     </span>
    </p>
   </div>
   <div class='ocr_carea' id='block_1_14' title="bbox 102 1961 317 1997">
    <p class='ocr_par' dir='ltr' id='par_1_15' title="bbox 102 1961 317 1997">
     <span class='ocr_line' id='line_1_40' title="bbox 102 1961 317 1997; baseline -0.005 0"><span class='ocrx_word' id='word_1_230' title='bbox 102 1964 205 1997; x_wconf 79' lang='grc' dir='ltr'><strong>Ζεῦ.</strong></span> <span class='ocrx_word' id='word_1_231' title='bbox 239 1961 317 1996; x_wconf 87' lang='grc'><strong>175.</strong></span> 
     </span>
    </p>
   </div>
   <div class='ocr_carea' id='block_1_15' title="bbox 98 2005 914 3021">
    <p class='ocr_par' dir='ltr' id='par_1_16' title="bbox 98 2005 910 2463">
     <span class='ocr_line' id='line_1_41' title="bbox 143 2005 905 2050; baseline -0.003 -8"><span class='ocrx_word' id='word_1_232' title='bbox 143 2008 221 2042; x_wconf 88' lang='grc'><strong>509.</strong></span> <span class='ocrx_word' id='word_1_233' title='bbox 245 2005 412 2050; x_wconf 86' lang='grc' dir='ltr'><em>τόφρα.</em></span> <span class='ocrx_word' id='word_1_234' title='bbox 437 2005 499 2043; x_wconf 77' lang='grc' dir='ltr'><em>ἐπὶ</em></span> <span class='ocrx_word' id='word_1_235' title='bbox 518 2008 713 2042; x_wconf 84' lang='grc' dir='ltr'><em>τοσοῦτον.</em></span> <span class='ocrx_word' id='word_1_236' title='bbox 759 2007 905 2041; x_wconf 74' lang='grc' dir='ltr'><em>τίθει.</em></span> 
     </span>
     <span class='ocr_line' id='line_1_42' title="bbox 99 2051 905 2098; baseline -0.001 -11"><span class='ocrx_word' id='word_1_237' title='bbox 99 2053 139 2097; x_wconf 85' lang='lat' dir='ltr'><strong>(a</strong></span> <span class='ocrx_word' id='word_1_238' title='bbox 157 2051 283 2095; x_wconf 78' lang='grc' dir='ltr'><em>τιθέω,</em></span> <span class='ocrx_word' id='word_1_239' title='bbox 304 2059 341 2087; x_wconf 80' lang='lat' dir='ltr'><em>ut</em></span> <span class='ocrx_word' id='word_1_240' title='bbox 360 2055 418 2094; x_wconf 85' lang='grc' dir='ltr'><em>ιει,</em></span> <span class='ocrx_word' id='word_1_241' title='bbox 437 2054 560 2097; x_wconf 76' lang='grc' dir='ltr'><em>προίει</em></span> <span class='ocrx_word' id='word_1_242' title='bbox 577 2054 649 2088; x_wconf 79' lang='lat' dir='ltr'><em>ab‘</em></span> <span class='ocrx_word' id='word_1_243' title='bbox 639 2052 714 2095; x_wconf 83' lang='grc' dir='ltr'><em>ιε’ω,</em></span> <span class='ocrx_word' id='word_1_244' title='bbox 736 2051 905 2098; x_wconf 79' lang='grc' dir='ltr'><em>προῖέω.)</em></span> 
     </span>
     <span class='ocr_line' id='line_1_43' title="bbox 98 2098 906 2145; baseline -0.001 -11"><span class='ocrx_word' id='word_1_245' title='bbox 98 2098 328 2144; x_wconf 83' lang='grc' dir='ltr'><em>πάρεχε.τὸ</em></span> <span class='ocrx_word' id='word_1_246' title='bbox 362 2100 465 2145; x_wconf 66' lang='grc' dir='ltr'><em>ἑξῆς,</em></span> <span class='ocrx_word' id='word_1_247' title='bbox 499 2099 566 2141; x_wconf 74' lang='grc' dir='ltr'><em>ἕως</em></span> <span class='ocrx_word' id='word_1_248' title='bbox 599 2098 736 2135; x_wconf 83' lang='grc' dir='ltr'><em>τούτου</em></span> <span class='ocrx_word' id='word_1_249' title='bbox 771 2099 906 2143; x_wconf 74' lang='grc' dir='ltr'><em>πάρεχε</em></span> 
     </span>
     <span class='ocr_line' id='line_1_44' title="bbox 99 2144 906 2190; baseline -0.001 -10"><span class='ocrx_word' id='word_1_250' title='bbox 99 2150 180 2187; x_wconf 84' lang='grc' dir='ltr'><em>τοῖς</em></span> <span class='ocrx_word' id='word_1_251' title='bbox 208 2146 328 2188; x_wconf 84' lang='grc' dir='ltr'><em>Τρωσὶ</em></span> <span class='ocrx_word' id='word_1_252' title='bbox 354 2148 535 2190; x_wconf 84' lang='grc' dir='ltr'><em>δυναμιν,</em></span> <span class='ocrx_word' id='word_1_253' title='bbox 563 2145 630 2186; x_wconf 85' lang='grc' dir='ltr'><em>ε’(ος</em></span> <span class='ocrx_word' id='word_1_254' title='bbox 655 2159 702 2181; x_wconf 85' lang='grc' dir='ltr'><em>αν</em></span> <span class='ocrx_word' id='word_1_255' title='bbox 724 2144 783 2181; x_wconf 66' lang='grc' dir='ltr'><em>οῖ’</em></span> <span class='ocrx_word' id='word_1_256' title='bbox 784 2144 906 2188; x_wconf 87' lang='grc' dir='ltr'><em>Ἐλλη-</em></span> 
     </span>
     <span class='ocr_line' id='line_1_45' title="bbox 99 2189 907 2237; baseline -0.002 -10"><span class='ocrx_word' id='word_1_257' title='bbox 99 2205 158 2231; x_wconf 82' lang='grc' dir='ltr'><em>νες</em></span> <span class='ocrx_word' id='word_1_258' title='bbox 175 2192 376 2237; x_wconf 86' lang='grc' dir='ltr'><em>τιμήσωσιν</em></span> <span class='ocrx_word' id='word_1_259' title='bbox 399 2192 530 2228; x_wconf 81' lang='grc' dir='ltr'><em>αὐτόν.</em></span> <span class='ocrx_word' id='word_1_260' title='bbox 548 2194 578 2226; x_wconf 88' lang='grc' dir='ltr'><strong>Ε</strong></span> <span class='ocrx_word' id='word_1_261' title='bbox 598 2193 679 2226; x_wconf 84' lang='lat' dir='ltr'><strong>Sch.</strong></span> <span class='ocrx_word' id='word_1_262' title='bbox 727 2189 907 2234; x_wconf 81' lang='grc' dir='ltr'><em>κράτος</em></span> 
     </span>
     <span class='ocr_line' id='line_1_46' title="bbox 100 2237 906 2295; baseline -0.003 -23"><span class='ocrx_word' id='word_1_263' title='bbox 100 2240 182 2279; x_wconf 82' lang='lat' dir='ltr'><em>vim,</em></span> <span class='ocrx_word' id='word_1_264' title='bbox 208 2241 329 2280; x_wconf 75' lang='lat' dir='ltr'><strong>robur,</strong></span> <span class='ocrx_word' id='word_1_265' title='bbox 356 2244 391 2273; x_wconf 84' lang='lat' dir='ltr'><em>et</em></span> <span class='ocrx_word' id='word_1_266' title='bbox 416 2251 435 2272; x_wconf 87' lang='lat' dir='ltr'><strong>a</strong></span> <span class='ocrx_word' id='word_1_267' title='bbox 460 2244 698 2295; x_wconf 84' lang='lat' dir='ltr'><strong>consequente</strong></span> <span class='ocrx_word' id='word_1_268' title='bbox 716 2237 906 2271; x_wconf 82' lang='lat' dir='ltr'><strong>victoriam.</strong></span> 
     </span>
     <span class='ocr_line' id='line_1_47' title="bbox 101 2282 909 2340; baseline -0.002 -20"><span class='ocrx_word' id='word_1_269' title='bbox 101 2283 145 2329; x_wconf 91' lang='grc' dir='ltr'><em>ρ’,</em></span> <span class='ocrx_word' id='word_1_270' title='bbox 168 2286 256 2326; x_wconf 83' lang='grc'><strong>210,</strong></span> <span class='ocrx_word' id='word_1_271' title='bbox 281 2290 467 2319; x_wconf 81' lang='lat' dir='ltr'><strong>annotante</strong></span> <span class='ocrx_word' id='word_1_272' title='bbox 491 2286 548 2319; x_wconf 85' lang='grc' dir='ltr'><em>Κ.</em></span> <span class='ocrx_word' id='word_1_273' title='bbox 583 2286 631 2320; x_wconf 82' lang='grc' dir='ltr'><em>δῦ</em></span> <span class='ocrx_word' id='word_1_274' title='bbox 656 2284 698 2320; x_wconf 83' lang='grc' dir='ltr'><em>δέ</em></span> <span class='ocrx_word' id='word_1_275' title='bbox 721 2296 785 2327; x_wconf 88' lang='grc' dir='ltr'><em>μιν</em></span> <span class='ocrx_word' id='word_1_276' title='bbox 800 2282 909 2340; x_wconf 74' lang='grc' dir='ltr'><em>’Ἄρης</em></span> 
     </span>
     <span class='ocr_line' id='line_1_48' title="bbox 102 2327 909 2388; baseline -0.004 -22"><span class='ocrx_word' id='word_1_277' title='bbox 102 2330 234 2372; x_wconf 82' lang='grc' dir='ltr'><em>Δεινός</em></span> <span class='ocrx_word' id='word_1_278' title='bbox 266 2329 460 2372; x_wconf 79' lang='grc' dir='ltr'><em>ἐνυάλιος,</em></span> <span class='ocrx_word' id='word_1_279' title='bbox 496 2333 720 2388; x_wconf 81' lang='grc' dir='ltr'><em>πλῆσθεν</em></span> <span class='ocrx_word' id='word_1_280' title='bbox 754 2328 791 2366; x_wconf 89' lang='lat'><em>6&#39;</em></span> <span class='ocrx_word' id='word_1_281' title='bbox 820 2327 909 2372; x_wconf 75' lang='grc' dir='ltr'><em>ἄρα</em></span> 
     </span>
     <span class='ocr_line' id='line_1_49' title="bbox 103 2374 910 2423; baseline -0.001 -11"><span class='ocrx_word' id='word_1_282' title='bbox 103 2378 149 2413; x_wconf 77' lang='grc' dir='ltr'><em>οἱ</em></span> <span class='ocrx_word' id='word_1_283' title='bbox 186 2375 311 2421; x_wconf 84' lang='grc' dir='ltr'><em>μέλε’</em></span> <span class='ocrx_word' id='word_1_284' title='bbox 343 2375 485 2418; x_wconf 74' lang='grc' dir='ltr'><em>ἐντὸς</em></span> <span class='ocrx_word' id='word_1_285' title='bbox 512 2375 667 2423; x_wconf 80' lang='grc' dir='ltr'><em>Ἀλκῆς</em></span> <span class='ocrx_word' id='word_1_286' title='bbox 698 2376 780 2412; x_wconf 84' lang='grc' dir='ltr'><em>καὶ</em></span> <span class='ocrx_word' id='word_1_287' title='bbox 804 2374 910 2412; x_wconf 80' lang='grc' dir='ltr'><em>σθέ-</em></span> 
     </span>
     <span class='ocr_line' id='line_1_50' title="bbox 102 2437 223 2463; baseline 0 -5"><span class='ocrx_word' id='word_1_288' title='bbox 102 2437 223 2463; x_wconf 84' lang='grc' dir='ltr'><em>νεος.</em></span> 
     </span>
    </p>

    <p class='ocr_par' dir='ltr' id='par_1_17' title="bbox 104 2465 911 2698">
     <span class='ocr_line' id='line_1_51' title="bbox 147 2465 911 2528; baseline -0.007 -22"><span class='ocrx_word' id='word_1_289' title='bbox 147 2471 230 2506; x_wconf 82' lang='grc'><em>510</em></span> <span class='ocrx_word' id='word_1_290' title='bbox 253 2465 326 2514; x_wconf 83' lang='grc' dir='ltr'><strong>σ’φ.</strong></span> <span class='ocrx_word' id='word_1_291' title='bbox 346 2487 392 2495; x_wconf 90' lang='lat'><em>-—</em></span> <span class='ocrx_word' id='word_1_292' title='bbox 416 2469 539 2528; x_wconf 85' lang='grc' dir='ltr'><em>τιμῇ,</em></span> <span class='ocrx_word' id='word_1_293' title='bbox 563 2474 787 2524; x_wconf 69' lang='lat' dir='ltr'><strong>«lugeantque</strong></span> <span class='ocrx_word' id='word_1_294' title='bbox 806 2468 911 2502; x_wconf 82' lang='lat' dir='ltr'><strong>etiam</strong></span> 
     </span>
     <span class='ocr_line' id='line_1_52' title="bbox 104 2514 911 2570; baseline -0.004 -20"><span class='ocrx_word' id='word_1_295' title='bbox 104 2528 181 2550; x_wconf 86' lang='lat' dir='ltr'><strong>eum</strong></span> <span class='ocrx_word' id='word_1_296' title='bbox 220 2516 360 2549; x_wconf 81' lang='lat' dir='ltr'><strong>honore.</strong></span> <span class='ocrx_word' id='word_1_297' title='bbox 417 2514 631 2560; x_wconf 79' lang='grc' dir='ltr'><em>ἐξηγητικὸν</em></span> <span class='ocrx_word' id='word_1_298' title='bbox 671 2525 911 2570; x_wconf 88' lang='lat' dir='ltr'><strong>nonnunquam</strong></span> 
     </span>
     <span class='ocr_line' id='line_1_53' title="bbox 104 2559 909 2607; baseline -0.001 -12"><span class='ocrx_word' id='word_1_299' title='bbox 104 2568 159 2595; x_wconf 80' lang='lat' dir='ltr'><em>est</em></span> <span class='ocrx_word' id='word_1_300' title='bbox 177 2574 228 2603; x_wconf 86' lang='grc' dir='ltr'><em>τε,</em></span> <span class='ocrx_word' id='word_1_301' title='bbox 252 2567 289 2594; x_wconf 88' lang='lat' dir='ltr'><em>ut</em></span> <span class='ocrx_word' id='word_1_302' title='bbox 309 2574 373 2605; x_wconf 80' lang='lat' dir='ltr'><strong>que</strong></span> <span class='ocrx_word' id='word_1_303' title='bbox 392 2561 545 2602; x_wconf 85' lang='lat' dir='ltr'><strong>latinum,</strong></span> <span class='ocrx_word' id='word_1_304' title='bbox 569 2567 673 2607; x_wconf 82' lang='lat' dir='ltr'><strong>atque</strong></span> <span class='ocrx_word' id='word_1_305' title='bbox 692 2559 909 2605; x_wconf 70' lang='grc' dir='ltr'><em>αυξητικόνε</em></span> 
     </span>
     <span class='ocr_line' id='line_1_54' title="bbox 105 2607 909 2652; baseline -0.002 -11"><span class='ocrx_word' id='word_1_306' title='bbox 105 2609 210 2641; x_wconf 85' lang='lat' dir='ltr'><strong>donec</strong></span> <span class='ocrx_word' id='word_1_307' title='bbox 237 2619 313 2642; x_wconf 88' lang='lat' dir='ltr'><em>eum</em></span> <span class='ocrx_word' id='word_1_308' title='bbox 337 2608 602 2649; x_wconf 81' lang='lat' dir='ltr'><strong>honoraverint,</strong></span> <span class='ocrx_word' id='word_1_309' title='bbox 637 2613 672 2642; x_wconf 85' lang='lat' dir='ltr'><em>et</em></span> <span class='ocrx_word' id='word_1_310' title='bbox 700 2608 836 2652; x_wconf 81' lang='lat' dir='ltr'><strong>quidem</strong></span> <span class='ocrx_word' id='word_1_311' title='bbox 861 2607 909 2640; x_wconf 83' lang='lat' dir='ltr'><em>sic</em></span> 
     </span>
     <span class='ocr_line' id='line_1_55' title="bbox 104 2654 815 2698; baseline -0.001 -11"><span class='ocrx_word' id='word_1_312' title='bbox 104 2658 143 2688; x_wconf 79' lang='lat' dir='ltr'><em>ut</em></span> <span class='ocrx_word' id='word_1_313' title='bbox 169 2655 330 2687; x_wconf 82' lang='lat' dir='ltr'><strong>honorem</strong></span> <span class='ocrx_word' id='word_1_314' title='bbox 364 2655 435 2696; x_wconf 84' lang='lat' dir='ltr'><strong>ejus</strong></span> <span class='ocrx_word' id='word_1_315' title='bbox 467 2655 574 2688; x_wconf 81' lang='lat' dir='ltr'><strong>etiam</strong></span> <span class='ocrx_word' id='word_1_316' title='bbox 599 2654 815 2698; x_wconf 80' lang='lat' dir='ltr'><strong>adaugeant.</strong></span> 
     </span>
    </p>

    <p class='ocr_par' dir='ltr' id='par_1_18' title="bbox 107 2697 910 2790">
     <span class='ocr_line' id='line_1_56' title="bbox 151 2697 910 2754; baseline -0.003 -20"><span class='ocrx_word' id='word_1_317' title='bbox 151 2701 231 2734; x_wconf 90' lang='grc'><strong>512.</strong></span> <span class='ocrx_word' id='word_1_318' title='bbox 268 2697 296 2732; x_wconf 77' lang='grc' dir='ltr'><strong>(ὁ</strong></span> <span class='ocrx_word' id='word_1_319' title='bbox 312 2712 329 2739; x_wconf 89' lang='grc' dir='ltr'><em>ς</em></span> <span class='ocrx_word' id='word_1_320' title='bbox 352 2697 387 2743; x_wconf 89' lang='grc' dir='ltr'><strong>η’.</strong></span> <span class='ocrx_word' id='word_1_321' title='bbox 412 2713 444 2745; x_wconf 85' lang='grc' dir='ltr'><em>γ.</em></span> <span class='ocrx_word' id='word_1_322' title='bbox 448 2725 466 2754; x_wconf 95' lang='lat'><strong>.’</strong></span> <span class='ocrx_word' id='word_1_323' title='bbox 498 2705 536 2733; x_wconf 83' lang='lat' dir='ltr'><em>ut</em></span> <span class='ocrx_word' id='word_1_324' title='bbox 569 2701 674 2733; x_wconf 88' lang='lat' dir='ltr'><strong>semel</strong></span> <span class='ocrx_word' id='word_1_325' title='bbox 695 2711 815 2744; x_wconf 82' lang='lat' dir='ltr'><strong>genua</strong></span> <span class='ocrx_word' id='word_1_326' title='bbox 838 2699 910 2742; x_wconf 77' lang='lat' dir='ltr'><strong>ejus</strong></span> 
     </span>
     <span class='ocr_line' id='line_1_57' title="bbox 107 2745 909 2802; baseline 0 -24"><span class='ocrx_word' id='word_1_327' title='bbox 107 2745 398 2802; x_wconf 80' lang='lat' dir='ltr'><strong>apprehenderat,</strong></span> <span class='ocrx_word' id='word_1_328' title='bbox 425 2747 473 2779; x_wconf 89' lang='lat' dir='ltr'><em>sic</em></span> <span class='ocrx_word' id='word_1_329' title='bbox 496 2747 634 2780; x_wconf 79' lang='lat' dir='ltr'><strong>tenebat</strong></span> <span class='ocrx_word' id='word_1_330' title='bbox 652 2758 694 2779; x_wconf 87' lang='lat' dir='ltr'><em>ea</em></span> <span class='ocrx_word' id='word_1_331' title='bbox 714 2746 909 2778; x_wconf 84' lang='lat' dir='ltr'><strong>inhaerens.</strong></span> 
     </span>
    </p>

    <p class='ocr_par' dir='ltr' id='par_1_19' title="bbox 106 2789 914 3021">
     <span class='ocr_line' id='line_1_58' title="bbox 153 2789 910 2848; baseline -0.003 -22"><span class='ocrx_word' id='word_1_332' title='bbox 153 2792 233 2827; x_wconf 82' lang='lat'><strong>513.</strong></span> <span class='ocrx_word' id='word_1_333' title='bbox 267 2789 369 2834; x_wconf 82' lang='grc' dir='ltr'><em>ἐμπ.</em></span> <span class='ocrx_word' id='word_1_334' title='bbox 408 2791 461 2836; x_wconf 89' lang='lat' dir='ltr'><em>(p.</em></span> <span class='ocrx_word' id='word_1_335' title='bbox 488 2789 744 2848; x_wconf 66' lang='grc' dir='ltr'><em>ἐμπεφυκυῖαι</em></span> <span class='ocrx_word' id='word_1_336' title='bbox 779 2803 814 2824; x_wconf 79' lang='lat' dir='ltr'><em>v·</em></span> <span class='ocrx_word' id='word_1_337' title='bbox 839 2791 910 2825; x_wconf 78' lang='lat' dir='ltr'><strong>Th.</strong></span> 
     </span>
     <span class='ocr_line' id='line_1_59' title="bbox 106 2835 913 2882; baseline -0.002 -10"><span class='ocrx_word' id='word_1_338' title='bbox 106 2840 141 2880; x_wconf 85' lang='lat'><em>§.</em></span> <span class='ocrx_word' id='word_1_339' title='bbox 162 2835 263 2881; x_wconf 89' lang='grc'><strong>211.)</strong></span> <span class='ocrx_word' id='word_1_340' title='bbox 288 2836 491 2880; x_wconf 79' lang='grc' dir='ltr'><em>ἐμπλέξασα</em></span> <span class='ocrx_word' id='word_1_341' title='bbox 513 2836 580 2878; x_wconf 79' lang='grc' dir='ltr'><em>τὰς</em></span> <span class='ocrx_word' id='word_1_342' title='bbox 595 2841 730 2882; x_wconf 85' lang='grc' dir='ltr'><em>χεῖρας.</em></span> <span class='ocrx_word' id='word_1_343' title='bbox 757 2836 913 2880; x_wconf 81' lang='grc' dir='ltr'><em>ἰσχυρῶς</em></span> 
     </span>
     <span class='ocr_line' id='line_1_60' title="bbox 107 2882 913 2928; baseline -0.002 -10"><span class='ocrx_word' id='word_1_344' title='bbox 107 2882 330 2927; x_wconf 77' lang='grc' dir='ltr'><em>κρατήσασα.</em></span> <span class='ocrx_word' id='word_1_345' title='bbox 356 2883 406 2926; x_wconf 85' lang='grc'><strong>(11.</strong></span> <span class='ocrx_word' id='word_1_346' title='bbox 432 2897 461 2917; x_wconf 89' lang='lat' dir='ltr'><em>e.</em></span> <span class='ocrx_word' id='word_1_347' title='bbox 489 2882 640 2928; x_wconf 80' lang='grc' dir='ltr'><em>ε’χουσα,</em></span> <span class='ocrx_word' id='word_1_348' title='bbox 666 2889 703 2918; x_wconf 85' lang='lat' dir='ltr'><em>ut</em></span> <span class='ocrx_word' id='word_1_349' title='bbox 724 2883 913 2928; x_wconf 88' lang='lat' dir='ltr'><strong>loquuntur</strong></span> 
     </span>
     <span class='ocr_line' id='line_1_61' title="bbox 109 2929 913 2984; baseline -0.001 -20"><span class='ocrx_word' id='word_1_350' title='bbox 109 2929 321 2964; x_wconf 81' lang='lat' dir='ltr'><strong>recentiores</strong></span> <span class='ocrx_word' id='word_1_351' title='bbox 345 2929 486 2963; x_wconf 88' lang='lat' dir='ltr'><strong>Graeci.</strong></span> <span class='ocrx_word' id='word_1_352' title='bbox 516 2931 600 2965; x_wconf 85' lang='lat' dir='ltr'><strong>Tat.</strong></span> <span class='ocrx_word' id='word_1_353' title='bbox 619 2930 756 2964; x_wconf 85' lang='lat' dir='ltr'><strong>Jacobs.</strong></span> <span class='ocrx_word' id='word_1_354' title='bbox 782 2929 913 2984; x_wconf 83' lang='grc' dir='ltr'><strong>ρ.118.</strong></span> 
     </span>
     <span class='ocr_line' id='line_1_62' title="bbox 109 2972 914 3021; baseline -0.001 -11"><span class='ocrx_word' id='word_1_355' title='bbox 109 2977 276 3011; x_wconf 80' lang='grc' dir='ltr'><em>δίκελλαν</em></span> <span class='ocrx_word' id='word_1_356' title='bbox 306 2975 495 3020; x_wconf 79' lang='grc' dir='ltr'><em>κρατοῦσα</em></span> <span class='ocrx_word' id='word_1_357' title='bbox 519 2977 603 3021; x_wconf 87' lang='lat' dir='ltr'><strong>etc.)</strong></span> <span class='ocrx_word' id='word_1_358' title='bbox 639 2976 721 3009; x_wconf 89' lang='lat' dir='ltr'><strong>Sch.</strong></span> <span class='ocrx_word' id='word_1_359' title='bbox 769 2974 821 3009; x_wconf 90' lang='grc' dir='ltr'><em>Ε.</em></span> <span class='ocrx_word' id='word_1_360' title='bbox 854 2972 914 3010; x_wconf 82' lang='grc' dir='ltr'><em>ὅτι</em></span> 
     </span>
    </p>
   </div>
   <div class='ocr_carea' id='block_1_16' title="bbox 429 1915 902 1959">
    <p class='ocr_par' dir='ltr' id='par_1_20' title="bbox 429 1915 902 1959">
     <span class='ocr_line' id='line_1_63' title="bbox 429 1915 902 1959; baseline -0.002 -10"><span class='ocrx_word' id='word_1_361' title='bbox 429 1920 533 1950; x_wconf 83' lang='lat' dir='ltr'><strong>certe.</strong></span> <span class='ocrx_word' id='word_1_362' title='bbox 578 1915 624 1949; x_wconf 81' lang='lat' dir='ltr'><em>cf.</em></span> <span class='ocrx_word' id='word_1_363' title='bbox 663 1915 745 1951; x_wconf 89' lang='grc'><strong>353.</strong></span> <span class='ocrx_word' id='word_1_364' title='bbox 797 1926 902 1959; x_wconf 87' lang='grc' dir='ltr'><em>μητ.</em></span> 
     </span>
    </p>
   </div>
   <div class='ocr_carea' id='block_1_17' title="bbox 948 1023 1450 1083">
    <p class='ocr_par' dir='ltr' id='par_1_21' title="bbox 948 1023 1450 1083">
     <span class='ocr_line' id='line_1_64' title="bbox 948 1023 1450 1083; baseline -0.008 -12"><span class='ocrx_word' id='word_1_365' title='bbox 948 1027 1245 1083; x_wconf 78' lang='grc' dir='ltr'><em>ἐχθοδοπῆσαι</em></span> <span class='ocrx_word' id='word_1_366' title='bbox 1276 1023 1450 1081; x_wconf 80' lang='grc' dir='ltr'><em>ἐφήσεις</em></span> 
     </span>
    </p>
   </div>
   <div class='ocr_carea' id='block_1_18' title="bbox 943 1124 1760 3020">
    <p class='ocr_par' dir='ltr' id='par_1_22' title="bbox 943 1124 1750 1404">
     <span class='ocr_line' id='line_1_65' title="bbox 943 1124 1749 1183; baseline -0.006 -17"><span class='ocrx_word' id='word_1_367' title='bbox 943 1127 1195 1174; x_wconf 76' lang='grc' dir='ltr'><em>ἐμπεφυκέναι</em></span> <span class='ocrx_word' id='word_1_368' title='bbox 1227 1127 1288 1163; x_wconf 82' lang='grc' dir='ltr'><em>καὶ</em></span> <span class='ocrx_word' id='word_1_369' title='bbox 1314 1126 1478 1183; x_wconf 79' lang='grc' dir='ltr'><em>ἐμφῦναι</em></span> <span class='ocrx_word' id='word_1_370' title='bbox 1501 1124 1543 1163; x_wconf 80' lang='grc' dir='ltr'><em>τὸ</em></span> <span class='ocrx_word' id='word_1_371' title='bbox 1567 1125 1749 1183; x_wconf 78' lang='grc' dir='ltr'><em>ἐγκρατῶς</em></span> 
     </span>
     <span class='ocr_line' id='line_1_66' title="bbox 943 1172 1747 1218; baseline -0.005 -6"><span class='ocrx_word' id='word_1_372' title='bbox 943 1178 1006 1212; x_wconf 82' lang='grc' dir='ltr'><em>καὶ</em></span> <span class='ocrx_word' id='word_1_373' title='bbox 1032 1174 1348 1216; x_wconf 84' lang='grc' dir='ltr'><em>δυσαποσπαστως</em></span> <span class='ocrx_word' id='word_1_374' title='bbox 1381 1174 1606 1218; x_wconf 80' lang='grc' dir='ltr'><em>δράξασθαι.</em></span> <span class='ocrx_word' id='word_1_375' title='bbox 1648 1172 1747 1209; x_wconf 87' lang='grc' dir='ltr'><em>ου’τω</em></span> 
     </span>
     <span class='ocr_line' id='line_1_67' title="bbox 944 1219 1748 1267; baseline -0.006 -9"><span class='ocrx_word' id='word_1_376' title='bbox 944 1224 1007 1259; x_wconf 84' lang='grc' dir='ltr'><em>καὶ</em></span> <span class='ocrx_word' id='word_1_377' title='bbox 1030 1222 1218 1263; x_wconf 87' lang='grc' dir='ltr'><em>πολύπους</em></span> <span class='ocrx_word' id='word_1_378' title='bbox 1243 1220 1455 1266; x_wconf 77' lang='grc' dir='ltr'><em>ἐμφύεσθαι</em></span> <span class='ocrx_word' id='word_1_379' title='bbox 1486 1222 1531 1266; x_wconf 90' lang='grc' dir='ltr'><em>τῇ</em></span> <span class='ocrx_word' id='word_1_380' title='bbox 1553 1220 1668 1267; x_wconf 78' lang='grc' dir='ltr'><em>πέτρᾳ</em></span> <span class='ocrx_word' id='word_1_381' title='bbox 1692 1219 1748 1254; x_wconf 82' lang='grc' dir='ltr'><em>λε’-</em></span> 
     </span>
     <span class='ocr_line' id='line_1_68' title="bbox 944 1267 1750 1315; baseline -0.005 -10"><span class='ocrx_word' id='word_1_382' title='bbox 944 1283 1045 1315; x_wconf 79' lang='grc' dir='ltr'><em>γεται</em></span> <span class='ocrx_word' id='word_1_383' title='bbox 1069 1275 1135 1303; x_wconf 86' lang='lat' dir='ltr'><strong>etc.</strong></span> <span class='ocrx_word' id='word_1_384' title='bbox 1160 1273 1332 1302; x_wconf 86' lang='lat' dir='ltr'><strong>nostrates</strong></span> <span class='ocrx_word' id='word_1_385' title='bbox 1356 1269 1390 1301; x_wconf 91' lang='lat' dir='ltr'><em>id</em></span> <span class='ocrx_word' id='word_1_386' title='bbox 1417 1268 1520 1310; x_wconf 72' lang='lat' dir='ltr'><strong>vulgo</strong></span> <span class='ocrx_word' id='word_1_387' title='bbox 1544 1268 1663 1300; x_wconf 78' lang='lat' dir='ltr'><strong>dicunt</strong></span> <span class='ocrx_word' id='word_1_388' title='bbox 1685 1267 1750 1301; x_wconf 81' lang='lat' dir='ltr'><strong>uie</strong></span> 
     </span>
     <span class='ocr_line' id='line_1_69' title="bbox 946 1312 1397 1372; baseline -0.011 -22"><span class='ocrx_word' id='word_1_389' title='bbox 946 1315 1226 1372; x_wconf 83' lang='lat' dir='ltr'><strong>angewachsen.</strong></span> <span class='ocrx_word' id='word_1_390' title='bbox 1266 1314 1317 1346; x_wconf 84' lang='lat' dir='ltr'><em>sic</em></span> <span class='ocrx_word' id='word_1_391' title='bbox 1357 1312 1397 1356; x_wconf 83' lang='grc' dir='ltr'><em>ζ’,</em></span> 
     </span>
     <span class='ocr_line' id='line_1_70' title="bbox 947 1359 1686 1417; baseline -0.004 -21"><span class='ocrx_word' id='word_1_392' title='bbox 947 1363 1051 1396; x_wconf 82' lang='lat' dir='ltr'><strong>alias·</strong></span> <span class='ocrx_word' id='word_1_393' title='bbox 1076 1360 1114 1396; x_wconf 75' lang='grc' dir='ltr'><em>ἔν</em></span> <span class='ocrx_word' id='word_1_394' title='bbox 1137 1374 1157 1394; x_wconf 88' lang='grc' dir='ltr'><em>τ</em></span> <span class='ocrx_word' id='word_1_395' title='bbox 1203 1373 1277 1403; x_wconf 90' lang='grc' dir='ltr'><em>αρα</em></span> <span class='ocrx_word' id='word_1_396' title='bbox 1303 1359 1337 1395; x_wconf 77' lang='grc' dir='ltr'><em>οἱ</em></span> <span class='ocrx_word' id='word_1_397' title='bbox 1364 1361 1425 1417; x_wconf 79' lang='grc' dir='ltr'><em>φῦ</em></span> <span class='ocrx_word' id='word_1_398' title='bbox 1442 1359 1546 1403; x_wconf 86' lang='grc' dir='ltr'><em>χειρί.</em></span> <span class='ocrx_word' id='word_1_399' title='bbox 1571 1360 1615 1393; x_wconf 79' lang='lat' dir='ltr'><strong>cf.</strong></span> <span class='ocrx_word' id='word_1_400' title='bbox 1642 1360 1686 1393; x_wconf 89' lang='lat' dir='ltr'><em>K.</em></span> 
     </span>
    </p>

    <p class='ocr_par' dir='ltr' id='par_1_23' title="bbox 945 1402 1751 1545">
     <span class='ocr_line' id='line_1_71' title="bbox 991 1402 1751 1463; baseline -0.005 -21"><span class='ocrx_word' id='word_1_401' title='bbox 991 1407 1071 1442; x_wconf 82' lang='lat'><strong>514.</strong></span> <span class='ocrx_word' id='word_1_402' title='bbox 1104 1418 1208 1450; x_wconf 87' lang='grc' dir='ltr'><em>νημ.</em></span> <span class='ocrx_word' id='word_1_403' title='bbox 1239 1404 1282 1440; x_wconf 87' lang='grc' dir='ltr'><em>τὸ</em></span> <span class='ocrx_word' id='word_1_404' title='bbox 1317 1405 1367 1449; x_wconf 91' lang='grc' dir='ltr'><em>μὴ</em></span> <span class='ocrx_word' id='word_1_405' title='bbox 1402 1404 1660 1463; x_wconf 78' lang='grc' dir='ltr'><em>ἡμαρτημένον</em></span> <span class='ocrx_word' id='word_1_406' title='bbox 1685 1402 1751 1439; x_wconf 76' lang='grc' dir='ltr'><em>διὰ</em></span> 
     </span>
     <span class='ocr_line' id='line_1_72' title="bbox 945 1449 1750 1508; baseline -0.005 -19"><span class='ocrx_word' id='word_1_407' title='bbox 945 1453 987 1489; x_wconf 85' lang='grc' dir='ltr'>τὸ</span> <span class='ocrx_word' id='word_1_408' title='bbox 1012 1451 1247 1508; x_wconf 58' lang='grc' dir='ltr'><em>ψεύδεσθαι,</em></span> <span class='ocrx_word' id='word_1_409' title='bbox 1272 1449 1363 1487; x_wconf 90' lang='grc' dir='ltr'><em>αλλα</em></span> <span class='ocrx_word' id='word_1_410' title='bbox 1387 1450 1538 1498; x_wconf 73' lang='grc' dir='ltr'><em>ἀληθές.</em></span> <span class='ocrx_word' id='word_1_411' title='bbox 1562 1452 1607 1486; x_wconf 90' lang='grc' dir='ltr'><strong>Ε</strong></span> <span class='ocrx_word' id='word_1_412' title='bbox 1655 1452 1691 1485; x_wconf 89' lang='grc'><em>11.</em></span> <span class='ocrx_word' id='word_1_413' title='bbox 1718 1463 1750 1485; x_wconf 85' lang='lat' dir='ltr'><em>e.</em></span> 
     </span>
     <span class='ocr_line' id='line_1_73' title="bbox 945 1496 1351 1555; baseline -0.01 -19"><span class='ocrx_word' id='word_1_414' title='bbox 945 1502 1152 1555; x_wconf 80' lang='grc' dir='ltr'><em>νημερτιὸς,</em></span> <span class='ocrx_word' id='word_1_415' title='bbox 1186 1496 1351 1555; x_wconf 79' lang='grc' dir='ltr'><em>αληθῶς.</em></span> 
     </span>
    </p>

    <p class='ocr_par' dir='ltr' id='par_1_24' title="bbox 949 1540 1753 1809">
     <span class='ocr_line' id='line_1_74' title="bbox 993 1540 1751 1591; baseline -0.005 -10"><span class='ocrx_word' id='word_1_416' title='bbox 993 1548 1074 1582; x_wconf 89' lang='grc'><strong>515.</strong></span> <span class='ocrx_word' id='word_1_417' title='bbox 1099 1542 1292 1580; x_wconf 85' lang='grc' dir='ltr'><em>απόειπ’</em></span> <span class='ocrx_word' id='word_1_418' title='bbox 1297 1571 1305 1579; x_wconf 95' lang='grc'><em>.</em></span> <span class='ocrx_word' id='word_1_419' title='bbox 1338 1542 1560 1589; x_wconf 79' lang='grc' dir='ltr'><em>απάρνησαι.</em></span> <span class='ocrx_word' id='word_1_420' title='bbox 1583 1561 1630 1568; x_wconf 91' lang='lat'><em>—-</em></span> <span class='ocrx_word' id='word_1_421' title='bbox 1660 1540 1751 1591; x_wconf 76' lang='grc' dir='ltr'><em>ἔπι,</em></span> 
     </span>
     <span class='ocr_line' id='line_1_75' title="bbox 949 1590 1752 1635; baseline -0.005 -9"><span class='ocrx_word' id='word_1_422' title='bbox 949 1591 1081 1627; x_wconf 68' lang='grc' dir='ltr'><em>ἔπεστι.</em></span> <span class='ocrx_word' id='word_1_423' title='bbox 1102 1590 1267 1635; x_wconf 77' lang='grc' dir='ltr'><em>(ἔνεστι.)</em></span> <span class='ocrx_word' id='word_1_424' title='bbox 1292 1592 1372 1624; x_wconf 89' lang='lat' dir='ltr'><strong>Sch.</strong></span> <span class='ocrx_word' id='word_1_425' title='bbox 1409 1591 1493 1624; x_wconf 78' lang='grc'><strong>1111111</strong></span> <span class='ocrx_word' id='word_1_426' title='bbox 1508 1594 1659 1624; x_wconf 87' lang='lat' dir='ltr'><strong>metuere</strong></span> <span class='ocrx_word' id='word_1_427' title='bbox 1677 1600 1752 1623; x_wconf 84' lang='lat' dir='ltr'><em>cum</em></span> 
     </span>
     <span class='ocr_line' id='line_1_76' title="bbox 950 1636 1752 1681; baseline -0.005 -9"><span class='ocrx_word' id='word_1_428' title='bbox 950 1638 1035 1672; x_wconf 86' lang='lat' dir='ltr'><strong>dicit</strong></span> <span class='ocrx_word' id='word_1_429' title='bbox 1056 1639 1188 1678; x_wconf 83' lang='lat' dir='ltr'><strong>Jovem,</strong></span> <span class='ocrx_word' id='word_1_430' title='bbox 1214 1638 1280 1670; x_wconf 81' lang='lat' dir='ltr'><strong>hoc</strong></span> <span class='ocrx_word' id='word_1_431' title='bbox 1305 1636 1498 1681; x_wconf 81' lang='lat' dir='ltr'><strong>significat,</strong></span> <span class='ocrx_word' id='word_1_432' title='bbox 1531 1636 1650 1670; x_wconf 86' lang='lat' dir='ltr'><strong>Jovem</strong></span> <span class='ocrx_word' id='word_1_433' title='bbox 1675 1646 1752 1668; x_wconf 84' lang='lat' dir='ltr'><strong>esse</strong></span> 
     </span>
     <span class='ocr_line' id='line_1_77' title="bbox 950 1663 1753 1728; baseline -0.005 -9"><span class='ocrx_word' id='word_1_434' title='bbox 950 1697 1044 1725; x_wconf 89' lang='lat' dir='ltr'><strong>eum,</strong></span> <span class='ocrx_word' id='word_1_435' title='bbox 1079 1684 1135 1717; x_wconf 86' lang='lat' dir='ltr'><em>cui</em></span> <span class='ocrx_word' id='word_1_436' title='bbox 1159 1663 1242 1717; x_wconf 77' lang='lat' dir='ltr'><strong>nihil</strong></span> <span class='ocrx_word' id='word_1_437' title='bbox 1275 1695 1295 1716; x_wconf 91' lang='lat' dir='ltr'><strong>a</strong></span> <span class='ocrx_word' id='word_1_438' title='bbox 1327 1695 1497 1728; x_wconf 84' lang='lat' dir='ltr'><strong>quoquam</strong></span> <span class='ocrx_word' id='word_1_439' title='bbox 1533 1681 1753 1715; x_wconf 84' lang='lat' dir='ltr'><strong>metuendum</strong></span> 
     </span>
     <span class='ocr_line' id='line_1_78' title="bbox 950 1726 1754 1809; baseline -0.004 -45"><span class='ocrx_word' id='word_1_440' title='bbox 950 1731 1007 1771; x_wconf 86' lang='lat' dir='ltr'><strong>sit,</strong></span> <span class='ocrx_word' id='word_1_441' title='bbox 1031 1730 1158 1787; x_wconf 86' lang='lat' dir='ltr'><strong>quique</strong></span> <span class='ocrx_word' id='word_1_442' title='bbox 1182 1729 1289 1763; x_wconf 88' lang='lat' dir='ltr'><strong>libere</strong></span> <span class='ocrx_word' id='word_1_443' title='bbox 1322 1729 1434 1784; x_wconf 84' lang='lat' dir='ltr'><strong>loqui</strong></span> <span class='ocrx_word' id='word_1_444' title='bbox 1440 1736 1475 1762; x_wconf 86' lang='lat' dir='ltr'><em>et</em></span> <span class='ocrx_word' id='word_1_445' title='bbox 1503 1739 1608 1772; x_wconf 81' lang='lat' dir='ltr'><strong>agere</strong></span> <span class='ocrx_word' id='word_1_446' title='bbox 1632 1726 1754 1809; x_wconf 56' lang='lat' dir='ltr'><strong>possr.</strong></span> 
     </span>
    </p>

    <p class='ocr_par' dir='ltr' id='par_1_25' title="bbox 949 1772 1757 2272">
     <span class='ocr_line' id='line_1_79' title="bbox 995 1772 1709 1811; baseline -0.006 0"><span class='ocrx_word' id='word_1_447' title='bbox 995 1778 1074 1811; x_wconf 87' lang='lat'>516.</span> <span class='ocrx_word' id='word_1_448' title='bbox 1110 1775 1262 1811; x_wconf 82' lang='grc' dir='ltr'><em>ὅσσον.</em></span> <span class='ocrx_word' id='word_1_449' title='bbox 1295 1775 1394 1810; x_wconf 87' lang='lat' dir='ltr'><strong>Sch.:</strong></span> <span class='ocrx_word' id='word_1_450' title='bbox 1419 1772 1571 1810; x_wconf 84' lang='grc' dir='ltr'><em>ὁπόσον.</em></span> <span class='ocrx_word' id='word_1_451' title='bbox 1603 1775 1663 1808; x_wconf 88' lang='lat' dir='ltr'><em>sed</em></span> <span class='ocrx_word' id='word_1_452' title='bbox 1690 1787 1709 1807; x_wconf 96' lang='grc' dir='ltr'><em>ο</em></span> 
     </span>
     <span class='ocr_line' id='line_1_80' title="bbox 951 1819 1755 1876; baseline -0.007 -18"><span class='ocrx_word' id='word_1_453' title='bbox 951 1833 1016 1876; x_wconf 71' lang='grc' dir='ltr'><em>σον</em></span> <span class='ocrx_word' id='word_1_454' title='bbox 1042 1834 1117 1855; x_wconf 91' lang='lat' dir='ltr'><em>cum</em></span> <span class='ocrx_word' id='word_1_455' title='bbox 1149 1821 1361 1876; x_wconf 77' lang='lat' dir='ltr'><strong>superlativo</strong></span> <span class='ocrx_word' id='word_1_456' title='bbox 1395 1821 1481 1854; x_wconf 87' lang='lat' dir='ltr'><strong>idem</strong></span> <span class='ocrx_word' id='word_1_457' title='bbox 1511 1819 1755 1876; x_wconf 88' lang='lat' dir='ltr'><strong>propemodum</strong></span> 
     </span>
     <span class='ocr_line' id='line_1_81' title="bbox 949 1862 1757 1921; baseline -0.004 -19"><span class='ocrx_word' id='word_1_458' title='bbox 949 1868 1003 1913; x_wconf 83' lang='lat' dir='ltr'><em>sig</em></span> <span class='ocrx_word' id='word_1_459' title='bbox 1007 1868 1125 1901; x_wconf 86' lang='lat' dir='ltr'><strong>nificat</strong></span> <span class='ocrx_word' id='word_1_460' title='bbox 1148 1868 1240 1912; x_wconf 90' lang='lat' dir='ltr'><strong>quod</strong></span> <span class='ocrx_word' id='word_1_461' title='bbox 1256 1863 1315 1908; x_wconf 84' lang='grc' dir='ltr'><em>ὦς,</em></span> <span class='ocrx_word' id='word_1_462' title='bbox 1340 1879 1406 1912; x_wconf 87' lang='lat' dir='ltr'><em>quo</em></span> <span class='ocrx_word' id='word_1_463' title='bbox 1431 1878 1532 1901; x_wconf 87' lang='lat' dir='ltr'><strong>sensu</strong></span> <span class='ocrx_word' id='word_1_464' title='bbox 1551 1866 1653 1900; x_wconf 86' lang='lat' dir='ltr'><strong>etiam</strong></span> <span class='ocrx_word' id='word_1_465' title='bbox 1680 1862 1757 1921; x_wconf 79' lang='grc' dir='ltr'><em>ὅσῳ</em></span> 
     </span>
     <span class='ocr_line' id='line_1_82' title="bbox 951 1882 1754 1958; baseline -0.001 -10"><span class='ocrx_word' id='word_1_466' title='bbox 951 1882 1091 1949; x_wconf 74' lang='lat' dir='ltr'><strong>digcitur.</strong></span> <span class='ocrx_word' id='word_1_467' title='bbox 1148 1914 1253 1958; x_wconf 88' lang='lat' dir='ltr'><strong>Soph.</strong></span> <span class='ocrx_word' id='word_1_468' title='bbox 1293 1917 1370 1948; x_wconf 89' lang='lat' dir='ltr'><strong>Ant.</strong></span> <span class='ocrx_word' id='word_1_469' title='bbox 1406 1913 1484 1947; x_wconf 40' lang='lat'><em>58³</em></span> <span class='ocrx_word' id='word_1_470' title='bbox 1525 1914 1595 1947; x_wconf 80' lang='grc' dir='ltr'><em>νῦν</em></span> <span class='ocrx_word' id='word_1_471' title='bbox 1630 1909 1667 1948; x_wconf 82' lang='grc' dir='ltr'><em>δ’</em></span> <span class='ocrx_word' id='word_1_472' title='bbox 1705 1925 1754 1947; x_wconf 76' lang='lat' dir='ltr'><em>av</em></span> 
     </span>
     <span class='ocr_line' id='line_1_83' title="bbox 952 1955 1755 2017; baseline -0.002 -22"><span class='ocrx_word' id='word_1_473' title='bbox 952 1959 1049 2005; x_wconf 84' lang='grc' dir='ltr'><em>μόνα</em></span> <span class='ocrx_word' id='word_1_474' title='bbox 1083 1957 1128 2017; x_wconf 79' lang='grc' dir='ltr'><em>δὴ</em></span> <span class='ocrx_word' id='word_1_475' title='bbox 1164 1959 1216 1993; x_wconf 73' lang='grc' dir='ltr'><em>ναὶ</em></span> <span class='ocrx_word' id='word_1_476' title='bbox 1249 1958 1462 2003; x_wconf 81' lang='grc' dir='ltr'><em>λελειμμέια</em></span> <span class='ocrx_word' id='word_1_477' title='bbox 1502 1958 1628 1994; x_wconf 82' lang='grc' dir='ltr'><em>σκόπει</em></span> <span class='ocrx_word' id='word_1_478' title='bbox 1651 1955 1755 2004; x_wconf 77' lang='grc' dir='ltr'><em>Ὀσφ</em></span> 
     </span>
     <span class='ocr_line' id='line_1_84' title="bbox 952 2002 1755 2062; baseline -0.004 -21"><span class='ocrx_word' id='word_1_479' title='bbox 952 2003 1098 2042; x_wconf 75' lang='grc' dir='ltr'><em>κάκιστ’</em></span> <span class='ocrx_word' id='word_1_480' title='bbox 1125 2002 1320 2048; x_wconf 76' lang='grc' dir='ltr'><em>ὀλούμεθ’.</em></span> <span class='ocrx_word' id='word_1_481' title='bbox 1357 2007 1401 2039; x_wconf 82' lang='lat' dir='ltr'><em>cf.</em></span> <span class='ocrx_word' id='word_1_482' title='bbox 1436 2005 1519 2039; x_wconf 84' lang='lat' dir='ltr'><strong>ibid.</strong></span> <span class='ocrx_word' id='word_1_483' title='bbox 1546 2008 1626 2042; x_wconf 90' lang='grc'><strong>968.</strong></span> <span class='ocrx_word' id='word_1_484' title='bbox 1658 2016 1755 2062; x_wconf 86' lang='lat' dir='ltr'><strong>sequ.</strong></span> 
     </span>
     <span class='ocr_line' id='line_1_85' title="bbox 953 2049 1757 2108; baseline -0.004 -21"><span class='ocrx_word' id='word_1_485' title='bbox 953 2053 1047 2087; x_wconf 90' lang='lat' dir='ltr'><strong>aliud</strong></span> <span class='ocrx_word' id='word_1_486' title='bbox 1073 2064 1199 2108; x_wconf 87' lang='lat' dir='ltr'><strong>genus</strong></span> <span class='ocrx_word' id='word_1_487' title='bbox 1205 2058 1270 2093; x_wconf 83' lang='lat' dir='ltr'><strong>est,</strong></span> <span class='ocrx_word' id='word_1_488' title='bbox 1295 2052 1386 2096; x_wconf 84' lang='lat' dir='ltr'><strong>quod</strong></span> <span class='ocrx_word' id='word_1_489' title='bbox 1413 2057 1588 2096; x_wconf 86' lang='lat' dir='ltr'><strong>comparat</strong></span> <span class='ocrx_word' id='word_1_490' title='bbox 1611 2051 1663 2092; x_wconf 89' lang='lat' dir='ltr'><em>K,</em></span> <span class='ocrx_word' id='word_1_491' title='bbox 1689 2049 1757 2087; x_wconf 83' lang='grc' dir='ltr'><em>ὅσ-</em></span> 
     </span>
     <span class='ocr_line' id='line_1_86' title="bbox 953 2097 1754 2143; baseline -0.002 -9"><span class='ocrx_word' id='word_1_492' title='bbox 953 2111 1019 2134; x_wconf 87' lang='grc' dir='ltr'><em>σον</em></span> <span class='ocrx_word' id='word_1_493' title='bbox 1043 2097 1222 2143; x_wconf 71' lang='grc' dir='ltr'><em>φέρτερός</em></span> <span class='ocrx_word' id='word_1_494' title='bbox 1248 2099 1323 2142; x_wconf 85' lang='grc' dir='ltr'><em>εἰμι</em></span> <span class='ocrx_word' id='word_1_495' title='bbox 1348 2097 1457 2133; x_wconf 81' lang='grc' dir='ltr'><em>σέθεν</em></span> <span class='ocrx_word' id='word_1_496' title='bbox 1481 2108 1586 2141; x_wconf 86' lang='lat' dir='ltr'><strong>supra</strong></span> <span class='ocrx_word' id='word_1_497' title='bbox 1610 2099 1686 2132; x_wconf 83' lang='grc'><em>186</em></span> <span class='ocrx_word' id='word_1_498' title='bbox 1711 2116 1754 2122; x_wconf 90' lang='grc'>-</span> 
     </span>
     <span class='ocr_line' id='line_1_87' title="bbox 951 2142 1757 2201; baseline -0.005 -21"><span class='ocrx_word' id='word_1_499' title='bbox 951 2144 1070 2201; x_wconf 76' lang='grc' dir='ltr'><em>μετὰ</em></span> <span class='ocrx_word' id='word_1_500' title='bbox 1103 2148 1267 2179; x_wconf 81' lang='grc' dir='ltr'><em>πᾶσιν.</em></span> <span class='ocrx_word' id='word_1_501' title='bbox 1304 2145 1337 2178; x_wconf 92' lang='grc'><em>11.</em></span> <span class='ocrx_word' id='word_1_502' title='bbox 1372 2156 1401 2178; x_wconf 86' lang='lat' dir='ltr'><em>e.</em></span> <span class='ocrx_word' id='word_1_503' title='bbox 1436 2142 1598 2177; x_wconf 81' lang='grc' dir='ltr'><em>πάντων.</em></span> <span class='ocrx_word' id='word_1_504' title='bbox 1654 2143 1757 2176; x_wconf 88' lang='lat' dir='ltr'><strong>Sch..</strong></span> 
     </span>
     <span class='ocr_line' id='line_1_88' title="bbox 952 2187 1756 2271; baseline -0.004 -45"><span class='ocrx_word' id='word_1_505' title='bbox 952 2190 1039 2227; x_wconf 66' lang='grc' dir='ltr'><em>ἀντὶ</em></span> <span class='ocrx_word' id='word_1_506' title='bbox 1070 2192 1143 2271; x_wconf 62' lang='grc' dir='ltr'><em>ἔοῦ</em></span> <span class='ocrx_word' id='word_1_507' title='bbox 1184 2190 1224 2226; x_wconf 80' lang='grc' dir='ltr'><em>ἐν</em></span> <span class='ocrx_word' id='word_1_508' title='bbox 1256 2201 1372 2225; x_wconf 85' lang='grc' dir='ltr'><em>απασι</em></span> <span class='ocrx_word' id='word_1_509' title='bbox 1412 2193 1490 2230; x_wconf 83' lang='grc' dir='ltr'><em>τοῖς</em></span> <span class='ocrx_word' id='word_1_510' title='bbox 1525 2187 1756 2235; x_wconf 82' lang='grc' dir='ltr'><em>ἀνθρώποις.</em></span> 
     </span>
     <span class='ocr_line' id='line_1_89' title="bbox 953 2238 1068 2274; baseline -0.009 -2"><span class='ocrx_word' id='word_1_511' title='bbox 953 2239 999 2274; x_wconf 87' lang='lat' dir='ltr'><strong>cf.</strong></span> <span class='ocrx_word' id='word_1_512' title='bbox 1022 2238 1068 2271; x_wconf 87' lang='grc'><em>52</em></span> 
     </span>
    </p>

    <p class='ocr_par' dir='ltr' id='par_1_26' title="bbox 954 2278 1760 2736">
     <span class='ocr_line' id='line_1_90' title="bbox 1000 2278 1759 2340; baseline -0.001 -23"><span class='ocrx_word' id='word_1_513' title='bbox 1000 2285 1080 2317; x_wconf 89' lang='grc'><strong>517.</strong></span> <span class='ocrx_word' id='word_1_514' title='bbox 1103 2282 1209 2340; x_wconf 80' lang='grc' dir='ltr'><em>ὀχθ</em></span> <span class='ocrx_word' id='word_1_515' title='bbox 1244 2280 1303 2318; x_wconf 77' lang='grc' dir='ltr'><em>ὅτι</em></span> <span class='ocrx_word' id='word_1_516' title='bbox 1329 2280 1495 2335; x_wconf 79' lang='grc' dir='ltr'><em>ὄχθῆσαι</em></span> <span class='ocrx_word' id='word_1_517' title='bbox 1515 2278 1558 2316; x_wconf 86' lang='grc' dir='ltr'>τὸ</span> <span class='ocrx_word' id='word_1_518' title='bbox 1586 2281 1759 2316; x_wconf 83' lang='grc' dir='ltr'><em>δεινοπα-</em></span> 
     </span>
     <span class='ocr_line' id='line_1_91' title="bbox 954 2323 1760 2385; baseline -0.002 -21"><span class='ocrx_word' id='word_1_519' title='bbox 954 2331 1073 2373; x_wconf 80' lang='grc' dir='ltr'><em>θῆσαι</em></span> <span class='ocrx_word' id='word_1_520' title='bbox 1097 2326 1121 2373; x_wconf 78' lang='grc' dir='ltr'><em>ἢ</em></span> <span class='ocrx_word' id='word_1_521' title='bbox 1144 2329 1280 2373; x_wconf 79' lang='grc' dir='ltr'><em>ἐπᾶραι</em></span> <span class='ocrx_word' id='word_1_522' title='bbox 1302 2328 1367 2364; x_wconf 88' lang='grc' dir='ltr'><em>τὸν</em></span> <span class='ocrx_word' id='word_1_523' title='bbox 1392 2326 1531 2385; x_wconf 73' lang='grc' dir='ltr'><em>θυμόν·</em></span> <span class='ocrx_word' id='word_1_524' title='bbox 1556 2323 1577 2362; x_wconf 80' lang='grc' dir='ltr'><em>ὃ</em></span> <span class='ocrx_word' id='word_1_525' title='bbox 1600 2325 1646 2372; x_wconf 80' lang='grc' dir='ltr'><em>δή</em></span> <span class='ocrx_word' id='word_1_526' title='bbox 1667 2339 1760 2372; x_wconf 90' lang='grc' dir='ltr'><em>φησι</em></span> 
     </span>
     <span class='ocr_line' id='line_1_92' title="bbox 955 2372 1760 2433; baseline -0.005 -21"><span class='ocrx_word' id='word_1_527' title='bbox 955 2378 1154 2433; x_wconf 80' lang='grc' dir='ltr'><em>Σοφοκλῆς</em></span> <span class='ocrx_word' id='word_1_528' title='bbox 1173 2375 1212 2411; x_wconf 80' lang='grc' dir='ltr'><em>ἐν</em></span> <span class='ocrx_word' id='word_1_529' title='bbox 1231 2377 1282 2422; x_wconf 77' lang='grc' dir='ltr'><em>τῷ</em></span> <span class='ocrx_word' id='word_1_530' title='bbox 1308 2373 1440 2419; x_wconf 84' lang='grc' dir='ltr'><em>υψου</em></span> <span class='ocrx_word' id='word_1_531' title='bbox 1466 2372 1502 2410; x_wconf 85' lang='grc' dir='ltr'><em>δ’</em></span> <span class='ocrx_word' id='word_1_532' title='bbox 1525 2374 1655 2418; x_wconf 84' lang='grc' dir='ltr'><em>αἴρει</em></span> <span class='ocrx_word' id='word_1_533' title='bbox 1677 2377 1760 2408; x_wconf 78' lang='grc' dir='ltr'><em>θυ-</em></span> 
     </span>
     <span class='ocr_line' id='line_1_93' title="bbox 956 2420 1758 2466; baseline -0.004 -9"><span class='ocrx_word' id='word_1_534' title='bbox 956 2421 1043 2466; x_wconf 85' lang='grc' dir='ltr'><em>μὸν</em></span> <span class='ocrx_word' id='word_1_535' title='bbox 1077 2423 1322 2463; x_wconf 83' lang='grc' dir='ltr'><em>Οἰδίπους</em></span> <span class='ocrx_word' id='word_1_536' title='bbox 1355 2435 1402 2457; x_wconf 88' lang='grc' dir='ltr'><em>εν</em></span> <span class='ocrx_word' id='word_1_537' title='bbox 1434 2421 1610 2462; x_wconf 82' lang='grc' dir='ltr'><em>λύπαις</em></span> <span class='ocrx_word' id='word_1_538' title='bbox 1653 2420 1758 2464; x_wconf 77' lang='lat' dir='ltr'><strong>(Oed-</strong></span> 
     </span>
     <span class='ocr_line' id='line_1_94' title="bbox 957 2465 1759 2526; baseline -0.002 -24"><span class='ocrx_word' id='word_1_539' title='bbox 957 2469 1000 2502; x_wconf 84' lang='lat' dir='ltr'>R</span> <span class='ocrx_word' id='word_1_540' title='bbox 1018 2469 1127 2513; x_wconf 88' lang='lat'><strong>861..)</strong></span> <span class='ocrx_word' id='word_1_541' title='bbox 1162 2466 1278 2512; x_wconf 73' lang='grc' dir='ltr'><em>ὄχθος</em></span> <span class='ocrx_word' id='word_1_542' title='bbox 1299 2482 1370 2526; x_wconf 89' lang='grc' dir='ltr'><em>γαρ</em></span> <span class='ocrx_word' id='word_1_543' title='bbox 1394 2465 1527 2511; x_wconf 81' lang='grc' dir='ltr'><em>τοπικὴ</em></span> <span class='ocrx_word' id='word_1_544' title='bbox 1552 2465 1759 2502; x_wconf 80' lang='grc' dir='ltr'><em>ἐπανάστα-</em></span> 
     </span>
     <span class='ocr_line' id='line_1_95' title="bbox 958 2512 1760 2571; baseline -0.004 -21"><span class='ocrx_word' id='word_1_545' title='bbox 958 2526 1024 2555; x_wconf 86' lang='grc' dir='ltr'><em>σις.</em></span> <span class='ocrx_word' id='word_1_546' title='bbox 1050 2515 1162 2549; x_wconf 87' lang='grc' dir='ltr'><em>-Ε.</em></span> <span class='ocrx_word' id='word_1_547' title='bbox 1181 2516 1277 2571; x_wconf 80' lang='grc' dir='ltr'><strong>Αρ..·</strong></span> <span class='ocrx_word' id='word_1_548' title='bbox 1311 2513 1538 2570; x_wconf 79' lang='grc' dir='ltr'><em>ὀχθήσας.</em></span> <span class='ocrx_word' id='word_1_549' title='bbox 1571 2512 1652 2548; x_wconf 83' lang='grc' dir='ltr'><em>οἷον</em></span> <span class='ocrx_word' id='word_1_550' title='bbox 1675 2525 1760 2556; x_wconf 85' lang='grc' dir='ltr'><em>μετ-</em></span> 
     </span>
     <span class='ocr_line' id='line_1_96' title="bbox 958 2557 1756 2618; baseline -0.005 -21"><span class='ocrx_word' id='word_1_551' title='bbox 958 2562 1110 2618; x_wconf 85' lang='grc' dir='ltr'><em>εωρίσας</em></span> <span class='ocrx_word' id='word_1_552' title='bbox 1146 2559 1214 2605; x_wconf 76' lang='grc' dir='ltr'><em>τὴν</em></span> <span class='ocrx_word' id='word_1_553' title='bbox 1246 2561 1402 2617; x_wconf 83' lang='grc' dir='ltr'><em>ψυχήν·</em></span> <span class='ocrx_word' id='word_1_554' title='bbox 1445 2558 1529 2596; x_wconf 85' lang='grc' dir='ltr'><em>τὸν</em></span> <span class='ocrx_word' id='word_1_555' title='bbox 1569 2558 1617 2593; x_wconf 84' lang='grc' dir='ltr'><em>δε</em></span> <span class='ocrx_word' id='word_1_556' title='bbox 1656 2557 1756 2604; x_wconf 78' lang='grc' dir='ltr'><em>μέγ’</em></span> 
     </span>
     <span class='ocr_line' id='line_1_97' title="bbox 956 2603 1760 2663; baseline -0.002 -21"><span class='ocrx_word' id='word_1_557' title='bbox 956 2606 1179 2663; x_wconf 77' lang='grc' dir='ltr'><em>ὀχθήσας</em></span> <span class='ocrx_word' id='word_1_558' title='bbox 1204 2605 1268 2652; x_wconf 85' lang='grc' dir='ltr'><em>(η’,</em></span> <span class='ocrx_word' id='word_1_559' title='bbox 1293 2608 1405 2652; x_wconf 82' lang='grc'><strong>454.·)</strong></span> <span class='ocrx_word' id='word_1_560' title='bbox 1430 2603 1503 2642; x_wconf 81' lang='grc' dir='ltr'><em>ἇπὸ</em></span> <span class='ocrx_word' id='word_1_561' title='bbox 1526 2606 1600 2640; x_wconf 78' lang='grc' dir='ltr'><em>τῶν</em></span> <span class='ocrx_word' id='word_1_562' title='bbox 1622 2603 1760 2650; x_wconf 82' lang='grc' dir='ltr'><em>ὄχθων,</em></span> 
     </span>
     <span class='ocr_line' id='line_1_98' title="bbox 956 2651 1760 2698; baseline -0.004 -9"><span class='ocrx_word' id='word_1_563' title='bbox 956 2655 1003 2689; x_wconf 77' lang='grc' dir='ltr'><em>αἶ’</em></span> <span class='ocrx_word' id='word_1_564' title='bbox 1015 2655 1107 2688; x_wconf 82' lang='grc' dir='ltr'><em>εἰσιν</em></span> <span class='ocrx_word' id='word_1_565' title='bbox 1132 2651 1374 2698; x_wconf 88' lang='grc' dir='ltr'><em>αναστήματα</em></span> <span class='ocrx_word' id='word_1_566' title='bbox 1397 2655 1473 2688; x_wconf 80' lang='grc' dir='ltr'><em>τῶν</em></span> <span class='ocrx_word' id='word_1_567' title='bbox 1490 2653 1669 2695; x_wconf 80' lang='grc' dir='ltr'><em>ποταμῶν</em></span> <span class='ocrx_word' id='word_1_568' title='bbox 1693 2657 1760 2692; x_wconf 83' lang='lat' dir='ltr'><em>etc</em></span> 
     </span>
     <span class='ocr_line' id='line_1_99' title="bbox 956 2701 1106 2736; baseline 0.014 -2"><span class='ocrx_word' id='word_1_569' title='bbox 956 2701 1000 2734; x_wconf 85' lang='lat' dir='ltr'><em>cf.</em></span> <span class='ocrx_word' id='word_1_570' title='bbox 1026 2701 1106 2736; x_wconf 90' lang='lat'><strong>570.</strong></span> 
     </span>
    </p>

    <p class='ocr_par' dir='ltr' id='par_1_27' title="bbox 954 2742 1759 3020">
     <span class='ocr_line' id='line_1_100' title="bbox 1001 2742 1759 2789; baseline -0.004 -8"><span class='ocrx_word' id='word_1_571' title='bbox 1001 2747 1081 2781; x_wconf 90' lang='grc'><strong>518.</strong></span> <span class='ocrx_word' id='word_1_572' title='bbox 1107 2746 1284 2789; x_wconf 82' lang='grc' dir='ltr'><em>λοίγια.</em></span> <span class='ocrx_word' id='word_1_573' title='bbox 1310 2743 1473 2789; x_wconf 83' lang='grc' dir='ltr'><em>ὀλέθρια.</em></span> <span class='ocrx_word' id='word_1_574' title='bbox 1497 2743 1542 2784; x_wconf 88' lang='grc' dir='ltr'><em>Ε,</em></span> <span class='ocrx_word' id='word_1_575' title='bbox 1566 2742 1646 2777; x_wconf 92' lang='lat' dir='ltr'><strong>Sch.</strong></span> <span class='ocrx_word' id='word_1_576' title='bbox 1672 2742 1759 2778; x_wconf 80' lang='lat' dir='ltr'><strong>male</strong></span> 
     </span>
     <span class='ocr_line' id='line_1_101' title="bbox 955 2790 1759 2836; baseline -0.002 -10"><span class='ocrx_word' id='word_1_577' title='bbox 955 2792 1075 2826; x_wconf 80' lang='lat' dir='ltr'><strong>facere</strong></span> <span class='ocrx_word' id='word_1_578' title='bbox 1097 2793 1147 2827; x_wconf 87' lang='lat' dir='ltr'><strong>ait</strong></span> <span class='ocrx_word' id='word_1_579' title='bbox 1164 2791 1370 2832; x_wconf 82' lang='lat' dir='ltr'><strong>Thetidem,</strong></span> <span class='ocrx_word' id='word_1_580' title='bbox 1408 2802 1498 2836; x_wconf 91' lang='lat' dir='ltr'><strong>quae</strong></span> <span class='ocrx_word' id='word_1_581' title='bbox 1520 2800 1559 2822; x_wconf 87' lang='lat' dir='ltr'><em>se</em></span> <span class='ocrx_word' id='word_1_582' title='bbox 1582 2795 1617 2823; x_wconf 86' lang='lat' dir='ltr'><strong>et</strong></span> <span class='ocrx_word' id='word_1_583' title='bbox 1641 2790 1759 2833; x_wconf 85' lang='lat' dir='ltr'><strong>conju·</strong></span> 
     </span>
     <span class='ocr_line' id='line_1_102' title="bbox 958 2831 1757 2897; baseline -0.001 -25"><span class='ocrx_word' id='word_1_584' title='bbox 958 2849 1046 2897; x_wconf 84' lang='lat' dir='ltr'><em>gem</em></span> <span class='ocrx_word' id='word_1_585' title='bbox 1054 2839 1215 2873; x_wconf 85' lang='lat' dir='ltr'><strong>Junouem</strong></span> <span class='ocrx_word' id='word_1_586' title='bbox 1234 2838 1432 2872; x_wconf 79' lang='lat' dir='ltr'><strong>committat.</strong></span> <span class='ocrx_word' id='word_1_587' title='bbox 1452 2856 1498 2861; x_wconf 93' lang='lat'><em>-</em></span> <span class='ocrx_word' id='word_1_588' title='bbox 1515 2831 1606 2870; x_wconf 83' lang='grc' dir='ltr'><strong>ότε.</strong></span> <span class='ocrx_word' id='word_1_589' title='bbox 1629 2847 1661 2868; x_wconf 85' lang='lat' dir='ltr'><em>v.</em></span> <span class='ocrx_word' id='word_1_590' title='bbox 1677 2834 1757 2871; x_wconf 86' lang='grc'><strong>244.</strong></span> 
     </span>
     <span class='ocr_line' id='line_1_103' title="bbox 959 2881 1757 2929; baseline -0.008 -8"><span class='ocrx_word' id='word_1_591' title='bbox 959 2904 1003 2909; x_wconf 92' lang='grc'>-</span> <span class='ocrx_word' id='word_1_592' title='bbox 1029 2883 1129 2929; x_wconf 78' lang='grc' dir='ltr'><strong>ἐχθ.</strong></span> <span class='ocrx_word' id='word_1_593' title='bbox 1164 2884 1304 2928; x_wconf 85' lang='lat' dir='ltr'><strong>proprie</strong></span> <span class='ocrx_word' id='word_1_594' title='bbox 1335 2888 1389 2917; x_wconf 89' lang='lat' dir='ltr'><em>est</em></span> <span class='ocrx_word' id='word_1_595' title='bbox 1419 2881 1554 2917; x_wconf 80' lang='lat' dir='ltr'><strong>inimico</strong></span> <span class='ocrx_word' id='word_1_596' title='bbox 1579 2885 1683 2925; x_wconf 82' lang='lat' dir='ltr'><strong>atque</strong></span> <span class='ocrx_word' id='word_1_597' title='bbox 1704 2882 1757 2915; x_wconf 85' lang='lat' dir='ltr'><strong>in-</strong></span> 
     </span>
     <span class='ocr_line' id='line_1_104' title="bbox 954 2926 1758 2975; baseline -0.002 -12"><span class='ocrx_word' id='word_1_598' title='bbox 954 2932 1045 2975; x_wconf 85' lang='lat' dir='ltr'><strong>festo</strong></span> <span class='ocrx_word' id='word_1_599' title='bbox 1069 2932 1213 2974; x_wconf 82' lang='lat' dir='ltr'><strong>strepitu</strong></span> <span class='ocrx_word' id='word_1_600' title='bbox 1235 2930 1352 2963; x_wconf 79' lang='lat' dir='ltr'><strong>invehi</strong></span> <span class='ocrx_word' id='word_1_601' title='bbox 1374 2930 1411 2963; x_wconf 88' lang='lat' dir='ltr'><strong>in</strong></span> <span class='ocrx_word' id='word_1_602' title='bbox 1435 2930 1483 2964; x_wconf 86' lang='lat' dir='ltr'><strong>al.</strong></span> <span class='ocrx_word' id='word_1_603' title='bbox 1517 2928 1562 2961; x_wconf 90' lang='lat' dir='ltr'><strong>ab</strong></span> <span class='ocrx_word' id='word_1_604' title='bbox 1587 2926 1699 2971; x_wconf 81' lang='grc' dir='ltr'><em>ε’χθος</em></span> <span class='ocrx_word' id='word_1_605' title='bbox 1722 2933 1758 2961; x_wconf 81' lang='lat' dir='ltr'><em>et</em></span> 
     </span>
     <span class='ocr_line' id='line_1_105' title="bbox 961 2973 1757 3020; baseline -0.006 -8"><span class='ocrx_word' id='word_1_606' title='bbox 961 2976 1091 3020; x_wconf 84' lang='grc' dir='ltr'><em>δόπος,</em></span> <span class='ocrx_word' id='word_1_607' title='bbox 1116 2977 1269 3017; x_wconf 85' lang='grc' dir='ltr'><em>δοῦπος.</em></span> <span class='ocrx_word' id='word_1_608' title='bbox 1293 2975 1369 3010; x_wconf 81' lang='lat' dir='ltr'><strong>laxe</strong></span> <span class='ocrx_word' id='word_1_609' title='bbox 1392 2974 1643 3019; x_wconf 81' lang='lat' dir='ltr'><strong>interpretatus</strong></span> <span class='ocrx_word' id='word_1_610' title='bbox 1665 2973 1757 3008; x_wconf 57' lang='lat' dir='ltr'><strong>Scha</strong></span> 
     </span>
    </p>
   </div>
   <div class='ocr_carea' id='block_1_19' title="bbox 1443 1314 1811 1367">
    <p class='ocr_par' dir='ltr' id='par_1_28' title="bbox 1443 1314 1811 1367">
     <span class='ocr_line' id='line_1_106' title="bbox 1443 1314 1811 1367; baseline -0.003 -20"><span class='ocrx_word' id='word_1_611' title='bbox 1443 1314 1522 1347; x_wconf 88' lang='grc'><em>253</em></span> <span class='ocrx_word' id='word_1_612' title='bbox 1570 1319 1605 1346; x_wconf 87' lang='lat' dir='ltr'><em>et.</em></span> <span class='ocrx_word' id='word_1_613' title='bbox 1644 1324 1750 1358; x_wconf 84' lang='lat' dir='ltr'><strong>saepe</strong></span> <span class='ocrx_word' id='word_1_614' title='bbox 1810 1333 1811 1367; x_wconf 89' lang='grc'><em>1</em></span> 
     </span>
    </p>
   </div>
  </div>
 </body>
</html>
