1811 3269
574 147 1012 190 ΙΛΙΛΔΟΣ
1085 145 1130 184 Β.

1613 139 1696 180 159

196 264 462 330 Πριαμίδης·
495 259 586 315 ἅμα
614 262 725 316 τῷγε
757 256 870 300 πολυ
902 260 1099 299 πλεῖστοι
1127 254 1202 297 καὶ
1233 250 1405 306 ἄριστοι

193 322 291 366 λαοὶ
321 316 634 387 θωρήσσοντο
667 316 886 383 μεμαότες
903 313 1135 383 ἐγχείῃσιν.

273 377 542 429 Δαρδανίων
573 371 672 416 αὕτ’
704 378 836 428 ἦρχεν
869 367 942 420 ἐὺς
975 371 1077 419 πάϊς
1103 367 1314 424 Ἀγχίσαο,

82 441 165 481 820
195 435 393 484 Αἰνείας,
425 431 504 474 τὸν
533 429 613 473 ὑπ’
641 428 813 486 Ἀγχίσῃ
843 425 937 470 τέκε
969 424 1030 468 δῖ’
1062 425 1311 480 Ἀφροδίτη,

185 490 300 561 Ἴδης
330 489 377 532 ἐν
406 493 614 544 κνημοῖσι
641 490 726 530 θεοὶ
758 487 905 556 βροτῷ
936 481 1195 552 εὐνηθεῖσα·

194 546 278 591 οὐκ
307 545 425 597 οἶος,
457 546 546 600 ἅμα
577 548 688 602 τῷγε
717 544 810 588 δύω
837 539 1098 596 Ἀντήνορος
1128 541 1210 591 vis,

24 660 98 684 rum
118 653 154 682 et
174 649 356 691 sociorum,
381 648 659 694 quemadmodum
684 646 836 681 universi

25 695 157 729 Graeci
195 695 360 741 appellari
391 697 502 728 solent
526 695 649 728 Achivi
681 695 738 728 vel
764 694 836 727 Da-

23 745 90 776 nai.
116 753 148 777 v.
167 742 284 775 Strab.
312 744 366 776 12.
390 754 425 786 p.
445 743 538 778 860,
565 741 768 786 quiTroum
794 751 835 773 ex

24 789 172 822 Homero
209 788 373 822 ditionem
409 787 587 821 constituit
621 788 664 820 ab
697 788 833 830 Aesepo

23 834 61 868 fl.
96 845 204 888 usque
228 836 270 868 ad
301 834 461 874 Caicum,
494 833 636 876 regione
670 832 705 865 in
733 834 752 867 8
777 832 835 866 vel

23 882 45 915 9
72 880 249 925 portiones
274 879 361 913 divis
365 890 396 913 a.
422 879 467 912 cf.
495 881 548 913 13
586 891 617 923 p.
644 880 711 913 872
736 890 833 923 seqq.

29 927 138 960 Troas
162 927 301 970 proprie
326 927 420 959 dicta
448 931 519 958 tum
543 924 626 959 Idae
651 931 835 970 praetexta

24 977 61 1006 et
94 973 204 1006 Lecto
243 971 475 1017 promontorio
516 970 613 1005 finita
658 971 746 1012 fuit3
789 971 833 1004 ad

23 1029 124 1062 quam
149 1019 224 1051 fere
250 1022 408 1062 spectant
435 1019 553 1052 816-
569 1018 648 1053 839.
674 1015 726 1058 ω’,
752 1016 833 1052 543.

22 1063 150 1098 Priami
183 1074 325 1107 regnum
359 1075 379 1097 a
404 1063 514 1096 Lesbo
550 1062 613 1096 ins.
649 1064 693 1096 ad
718 1063 836 1107 Phry-

24 1110 115 1154 giam
142 1116 178 1143 et
200 1109 460 1154 Hellespontum
491 1110 691 1154 porrigitur.
734 1121 835 1143 acce·

26 1160 128 1197 perat
150 1156 236 1190 haec
260 1156 360 1189 Hom.
394 1155 485 1190 sama
510 1156 726 1200 antiquorum
750 1163 837 1188 tem-

25 1211 163 1255 porum.
190 1213 267 1236 nam
291 1202 402 1245 Troja
429 1207 542 1255 capta,
569 1203 743 1256 multoque
766 1212 836 1235 ma·

25 1248 80 1291 gis
107 1253 185 1292 post
209 1248 445 1292 migrationem
471 1249 505 1281 in
533 1259 591 1281 eas
618 1248 778 1292 regiones
803 1252 839 1280 et

25 1293 165 1327 Aeolum
199 1299 236 1328 et
271 1294 412 1327 aliorum
447 1295 683 1336 Graecorum,
715 1305 839 1337 magna

25 1340 145 1373 harum
169 1351 283 1374 rerum
308 1341 402 1373 facta
430 1345 507 1374 erat
530 1341 682 1374 mutatio.
719 1340 836 1373 Strab-

28 1387 83 1421 13.
110 1398 143 1431 p.
170 1388 250 1426 877,
278 1385 318 1421 C.
360 1387 414 1419 Ex
437 1386 483 1418 H.
521 1387 563 1420 de
588 1386 658 1419 situ
684 1386 738 1419 Ilii
763 1385 838 1419 sive

26 1433 122 1465 urbis
142 1433 273 1476 Trojae
294 1436 328 1466 et
346 1444 430 1477 agro
442 1433 596 1476 Trojano
615 1432 710 1466 multi
731 1432 837 1466 multa

25 1477 252 1523 scripserunt,
276 1479 337 1512 sed
359 1481 523 1523 pleraque
544 1479 653 1512 omnia
672 1478 725 1511 vel
748 1479 837 1511 falsa

26 1528 86 1557 aut
120 1535 240 1568 parum
273 1530 389 1564 certa,
423 1526 478 1558 vel
511 1524 698 1557 mirabilius
732 1530 837 1557 aucta

25 1574 131 1615 atque
163 1575 285 1604 ornata
320 1569 434 1604 studio
480 1570 571 1603 vatis
608 1570 836 1603 celeberrimi.

25 1627 59 1650 v.
96 1616 252 1661 prolegg.
291 1617 390 1660 hujus
424 1616 499 1658 ed,
540 1616 691 1661 interpp.
728 1616 760 1649 h.
797 1616 835 1657 l.,

25 1662 225 1696 Cammanni
248 1663 337 1697 hom.
371 1642 554 1696 lorsch’ute
588 1674 621 1706 p.
645 1664 714 1698 393
736 1673 835 1718 seqq.

26 1713 94 1743 etc.
119 1727 163 1733 —
197 1708 280 1745 Sch.
313 1712 484 1751 κορυθ.
519 1706 538 1744 ὁ
576 1706 734 1744 αἰόλλων
766 1707 837 1751 τὴν

20 1758 339 1800 περικεφαλαίαν,
371 1754 391 1790 ὅ
416 1754 492 1791 ἐστι
518 1757 650 1797 κινῶν,
677 1754 741 1790 δια
768 1754 838 1796 τοὶς

26 1801 67 1837 ἐν
93 1803 240 1848 πολέμῳ
266 1805 426 1846 συνεχεῖς
450 1802 512 1837 καὶ
540 1802 709 1846 σφοδρας
738 1801 836 1847 ἐνερ-

25 1848 138 1893 γείας.
174 1850 279 1905 (Apz
313 1847 333 1884 ὃ
363 1848 432 1894 τήν
466 1848 616 1893 κόρυθα
643 1848 838 1905 ευκίνητον

29 1894 131 1949 ἔχων.
157 1894 319 1930 αἰόλλειν
347 1895 416 1940 γὰρ
442 1897 484 1932 τὸ
512 1896 659 1939 κινεῖν)
691 1891 713 1940 ἢ
732 1896 787 1940 (²)
816 1909 837 1932 ο

27 1939 157 1977 αἰόλον
181 1941 245 1976 καὶ
271 1944 444 1987 ποικίλην
474 1942 566 1986 ε’χων
597 1941 664 1987 τήν
694 1954 838 1984 περικε-

27 1990 205 2033 φαλαίαν.
232 1988 317 2031 (hoc
342 1989 521 2022 dicendum
546 1990 637 2023 soret
664 1988 838 2024 αἰολόκο-

25 2047 115 2080 ρυς,
140 2040 178 2068 ut
200 2034 438 2080 αἰολοθώρηξ
455 2037 542 2090 ete.)
565 2036 742 2080 epitheton
768 2036 840 2070 He-

26 2081 137 2116 ctoris
172 2084 207 2114 et
230 2081 335 2114 semel
361 2081 485 2116 Martis
508 2079 554 2123 ν’,
580 2083 636 2117 38.
671 2081 761 2115 idem
786 2085 841 2115 est

27 2126 215 2172 κορνθοῖιξ
237 2126 282 2172 χ’,
309 2128 388 2163 132.
414 2126 458 2169 ν’,
484 2129 582 2163 805..
609 2126 708 2172 οἷμφὶ
737 2128 778 2163 δέ
804 2127 840 2163 οι

25 2173 252 2217 κροτάφοισι
275 2174 411 2218 φαεινή
443 2176 558 2209 σείετο
587 2175 716 2220 πήληξ.
760 2174 838 2208 add.

27 2219 73 2263 θ’,
98 2223 188 2261 608,
212 2222 245 2254 9.
280 2227 315 2254 et
347 2188 760 2267 801ιοΙ.Αε5οΙιγΙίηειιιιι.
795 2221 839 2254 ad

27 2268 138 2302 verba
170 2246 420 2312 δοχμολόφων
450 2266 599 2312 ανδρῶν
635 2270 705 2312 Sep
709 2274 737 2301 t.
762 2268 838 2303 106.

27 2314 206 2369 Tyrtaeus
229 2316 272 2356 2,
295 2315 374 2349 25.:
410 2315 573 2360 δεξιτερῇ
609 2313 648 2349 δ’
675 2314 714 2349 ἐν
745 2326 840 2358 χειρι

26 2359 226 2395 τινασσέτω
264 2339 426 2406 ὄβριμον
457 2361 579 2418 ε’γχος,
626 2363 837 2396 Κινείτω

28 2405 78 2442 δὲ
101 2404 253 2450 λόφον
276 2407 446 2444 δεινὸν
469 2406 586 2454 ὑπερ
614 2408 839 2462 κεφαλῆς

27 2453 82 2487 Ex
106 2453 140 2486 H
163 2458 199 2486 et
221 2452 268 2486 K.
306 2454 350 2488 cf.
372 2454 476 2488 Schn.
501 2467 559 2488 vv.
586 2453 726 2496 αἰόλος,
755 2455 837 2489 αἰο-

25 2497 200 2541 λόπωλος.

74 2546 152 2581 818.
200 2544 440 2591 μεμαότες
463 2545 736 2591 antepenultima
755 2556 837 2590 pro-

28 2591 131 2626 ducta
153 2592 210 2626 hic
232 2597 366 2627 tantum
389 2593 515 2638 legitur
539 2605 596 2638 ap.
621 2593 720 2625 Hom.
711 2616 741 2636 .,
774 2603 838 2635 με-

28 2639 170 2694 μαιότες
192 2644 305 2674 autem
329 2646 364 2673 et
387 2640 512 2673 similia
531 2639 671 2684 saepius
690 2640 743 2681 (v.
755 2637 837 2679 473,

32 2681 70 2727 ε’,
94 2683 164 2719 244
183 2685 292 2729 οἱα),
325 2697 466 2739 quorum
492 2686 626 2739 quidem
653 2684 838 2737 penultima

32 2730 198 2783 producta
220 2731 488 2788 antepenultima
519 2731 705 2776 corripitur
738 2729 840 2764 metri

32 2775 167 2820 gratia:
191 2788 265 2811 nam
293 2777 485 2823 ἀναλόγως
509 2778 636 2812 dicitur
659 2775 840 2821 μεμαότες

34 2828 74 2855 ut
116 2821 334 2867 τετυφότες,
378 2825 634 2870 porrigiturque
675 2837 699 2857 α
733 2829 773 2856 ut
805 2824 842 2856 in

32 2867 131 2912 μᾶω·
167 2888 211 2894 -
243 2871 496 2915 μεμαότες.
520 2868 842 2927 προθυμούμενοι.

34 2915 116 2949 Scb.
140 2914 386 2974 ἐγχεσίμωροι
411 2930 447 2953 v.
469 2919 548 2954 840.
573 2929 672 2962 μεμ.
689 2915 841 2961 ἐγχεί-

33 2973 146 3006 ῃσιν
171 2974 235 3006 pro
259 2962 403 3008 ἐγχειῶν
427 2965 546 3022 paulo
553 2963 756 2998 insolentius
787 2962 842 2996 di-

32 3012 122 3042 ctum
147 3013 221 3053 est,
247 3015 363 3056 potest
385 3015 498 3047 tamen
530 3009 706 3056 ἐγχείῃσιν
738 3008 843 3043 intel-

881 643 946 688 ligi
971 641 1023 685 εἰς
1047 642 1120 676 sive
1153 640 1244 684 πρὸς
1277 639 1438 686 ἐγχείας,
1473 639 1694 685 quemadmo—

884 692 964 724 dum
990 701 1093 724 aures
1125 691 1301 733 Ρνοηῖοιεε
1336 688 1515 732 offensioni
1551 697 1614 731 pro
1649 686 1696 718 ad

883 738 1105 781 offensionem
1137 734 1226 768 dixit
1267 735 1413 768 Tacitus
1446 737 1532 768 Ann
1562 731 1605 773 4,
1639 733 1695 766 29.

885 784 937 816 vel
963 784 1154 816 referamus
1187 783 1282 824 θωρ.
1310 780 1351 814 ad
1386 779 1411 815 ἐ
1406 793 1477 824 χχ,
1513 784 1552 813 ut
1585 779 1696 815 least-'s

883 831 1014 862 armati
1047 840 1123 862 esse
1148 827 1308 861 dicantur
1340 807 1476 867 Ἰιόε5,
1512 830 1547 859 et
1571 837 1635 870 per
1658 837 1697 859 se

882 875 1014 919 intellig
1005 882 1096 909 atur
1119 887 1224 918 μεμ.,
1250 873 1369 917 cupidi
1394 885 1462 918 puff„
1453 884 1550 914 nae,
1577 884 1697 930 quem—

882 906 1059 955 admod⁰um
1093 922 1283 965 μεμαῶτες
1316 924 1352 954 et
1374 919 1502 963 μεμαιᾶ
1509 932 1525 959 ς
1560 920 1605 962 ν’,
1638 918 1697 960 40,

885 970 961 1003 137.
986 968 1122 1014 planior
1145 979 1257 1001 sermo
1286 967 1366 1019 543.
1394 971 1430 1000 et
1454 944 1621 1000 similibus
1645 966 1697 1000 lo-

882 1015 942 1048 cis.

928 1063 1008 1096 819.
1059 1064 1157 1105 Δαρ
1171 1061 1273 1096 δαν.
1324 1057 1554 1113 Δαρδανους
1593 1061 1699 1091 vocat

884 1104 926 1161 o',
961 1107 1040 1141 425.
1086 1108 1133 1141 cf.
1168 1109 1248 1142 701.
1281 1104 1328 1148 ν’,
1352 1107 1456 1142 215·
1496 1103 1700 1160 Δάρδανον

884 1166 932 1195 αρ
959 1155 1108 1196 πρῶτον
1136 1153 1259 1189 τέκετο
1292 1152 1558 1208 ιεφεληγερέτα
1589 1149 1699 1191 Ζεύς

885 1201 1019 1235 Κτίσσε
1043 1197 1083 1235 δὲ
1111 1201 1344 1245 Δαρδανίην,
1368 1199 1443 1235 ἐπει
1467 1197 1574 1234 οὔπω
1590 1196 1702 1237 Ἴλιος

886 1245 946 1290 ιρή
967 1245 1031 1281 Ἐν
1063 1248 1179 1292 πεδίῳ
1212 1246 1412 1283 πεπόλιστο
1449 1245 1557 1286 πόλις
1591 1243 1702 1302 μερό-

884 1305 964 1327 πων
997 1281 1236 1337 α’νθρωπων,
1277 1291 1367 1329 Ἀλλ’
1410 1292 1473 1328 ε”θ
1510 1289 1702 1334 ὑπωρείας

883 1342 1137 1397 πιιολνπίόικος
1180 1338 1296 1386 ὤκεον
1344 1341 1553 1394 (perperam
1600 1338 1700 1372 libri.

884 1384 999 1431 ᾤκεον
1023 1389 1125 1430 πολ)
1142 1375 1252 1431 ’Ίδης
1290 1388 1356 1421 fuit
1378 1387 1492 1431 igitur
1513 1386 1595 1419 urbs
1607 1384 1700 1418 Dar-

884 1421 1003 1473 dania,
1038 1445 1140 1478 quam
1176 1434 1279 1468 etiam
1313 1432 1381 1478 τήν
1394 1417 1612 1476 ’,Δάρδανον
1637 1442 1701 1475 ap·-

884 1479 991 1523 pellat
1011 1480 1149 1519 Strabo,
1177 1480 1266 1514 sicut
1290 1481 1422 1514 Herod.
1449 1481 1483 1519 7
1508 1477 1697 1519 43-,Pt01-

883 1528 994 1558 autem
1020 1525 1061 1561 τὸ
1087 1524 1291 1569 Λαρδανον
1316 1526 1461 1569 (Cellar.
1489 1527 1521 1560 2.
1548 1537 1583 1570 Ρ.
1608 1524 1699 1568 5o.‚)

882 1570 950 1604 suit
974 1571 1105 1615 igitur,
1131 1572 1286 1617 inquam,
1309 1573 1394 1605 haec
1417 1573 1499 1605 urbs
1524 1576 1700 1615 metropo-

882 1615 924 1649 lis
957 1617 1032 1650 Ilii:
1069 1620 1288 1671 quamobrem
1324 1624 1455 1663 portae
1479 1618 1610 1661 Trojae
1635 1627 1701 1661 ap-

884 1662 1053 1707 pellantur
1085 1663 1201 1700 πύλαι
1230 1664 1444 1707 Δαρδάνιαι
1477 1663 1516 1706 ε’,
1547 1665 1627 1699 789.
1663 1668 1700 1696 et

884 1710 981 1742 alias.
1030 1710 1098 1744 sita
1121 1712 1188 1745 fuit
1211 1713 1274 1745 sub
1301 1712 1387 1753 Ida,
1422 1722 1490 1744 non
1519 1710 1622 1754 longe
1654 1709 1698 1743 ab

884 1756 957 1800 Ab>
963 1756 1017 1798 do,
1044 1764 1133 1791 teste
1156 1759 1273 1792 Strab.
1295 1760 1348 1794 13.
1367 1757 1495 1803 p.885,
1520 1758 1574 1797 A.‚
1601 1757 1699 1800 quus

883 1808 1039 1846 tempore
1074 1815 1118 1837 ne
1151 1804 1333 1848 vestigium
1366 1804 1502 1850 quidem
1535 1804 1609 1847 ejus
1641 1813 1701 1836 su-

884 1853 1038 1893 pererat.
1098 1850 1140 1884 de
1173 1851 1356 1892 Dardano,
1391 1850 1512 1895 stirpis
1545 1853 1699 1890 auctore,

885 1906 919 1928 v.
947 1895 1083 1940 Heynei
1108 1897 1255 1931 Excurs.
1281 1900 1313 1933 6.
1339 1898 1382 1931 ad
1409 1900 1493 1930 Aen.
1519 1899 1552 1931 3.

932 1942 1011 1976 820.
1061 1944 1196 1977 Aeneas
1220 1955 1261 1976 ex
1295 1943 1494 1977 fortissimis
1526 1942 1702 1986 Trojano-

885 1998 960 2020 rum
994 1987 1060 2021 fuit
1094 1989 1169 2032 (ν’,
1204 1991 1283 2025 259.
1309 2001 1428 2035 seqq,
1465 1989 1594 2033 Hygin.
1629 1988 1703 2023 fab.

888 2035 966 2068 115
986 2035 1093 2078 etc),
1128 2036 1360 2070 Romanorum
1396 2035 1521 2070 fabulis
1546 2035 1702 2068 celebra-

885 2080 930 2112 tis
916 2080 1058 2122 ssimus3
1084 2093 1182 2136 quem
1209 2088 1287 2127 post
1313 2083 1484 2116 excidium
1495 2082 1626 2125 Trojae
1646 2092 1704 2114 re-

886 2125 923 2159 11
914 2137 1002 2170 Juns
1027 2129 1141 2171 gentis
1166 2129 1200 2162 in
1227 2130 1397 2163 montibus
1422 2129 1518 2169 Idae,
1544 2138 1703 2172 praeser-

887 2171 946 2205 tIm
972 2173 1083 2218 Gerig
1088 2176 1146 2209 the
1173 2176 1349 2220 (Xenoph.
1375 2175 1510 2208 Hellen.
1532 2176 1566 2216 3,
1591 2176 1623 2215 1,
1645 2175 1701 2210 15.

887 2219 931 2251 cf.
951 2219 1082 2254 Herod.
1105 2223 1140 2262 5,
1168 2224 1269 2263 1224
1296 2225 1328 2265 7,
1353 2221 1410 2257 43.
1425 2233 1435 2262 3
1462 2221 1589 2254 Cellar.
1608 2199 1640 2254 2.
1666 2232 1702 2265 Ρ.

886 2266 943 2300 38-
978 2266 1142 2310 Γέργιθα
1168 2269 1293 2313 plurali
1319 2273 1422 2303 vocat
1446 2267 1632 2301 Strab.13.
1650 2267 1702 2311 1.)

886 2311 1072 2355 imperasse
1108 2321 1207 2358 putat
1245 2315 1284 2348 C.
1319 2316 1362 2348 Ο.
1390 2315 1528 2348 Miiller.
1563 2314 1702 2348 Hellen.

888 2359 941 2392 St.
965 2359 998 2392 2.
1033 2371 1067 2404 Ρ.
1092 2361 1172 2396 221.
1208 2372 1242 2395 V.
1272 2361 1409 2406 Virgilii
1441 2361 1615 2405 interpp„
1647 2360 1702 2393 in-

886 2403 1005 2450 Ριίιιιὶ5
1029 2406 1220 2451 Heyneum.

932 2451 1011 2485 821.
1060 2466 1192 2498 κνημ.
1230 2457 1310 2494 ταῖς
1333 2450 1539 2499 προβασεσι
1563 2465 1638 2486 των
1662 2450 1703 2487 0’-

885 2499 977 2551 ρῶν.
996 2498 1077 2532 Sch.
1120 2500 1169 2534 ibi
1195 2505 1348 2534 armenta
1374 2500 1496 2533 habuit
1512 2499 1700 2533 Anchises·

884 2556 916 2576 V·
949 2555 1000 2622 U,
1034 2546 1136 2588 313..
1178 2546 1293 2592 hymn.
1325 2547 1425 2580 Hom.
1458 2546 1495 2579 in
1527 2545 1615 2579 Ven.
1655 2546 1706 2578 W

884 2595 917 2624 et
980 2614 990 2624 .

931 2637 1009 2671 822.
1059 2638 1171 2672 rarior
1204 2638 1367 2672 memoria
1409 2641 1462 2672 est
1505 2637 1699 2678 Antenoris,

884 2682 1085 2718 Dardaniae
1111 2690 1243 2729 partem
1276 2684 1420 2730 imperio
1445 2684 1607 2719 tenentis.
1656 2684 1700 2717 de

885 2741 926 2763 eo
953 2741 986 2762 v.
1008 2730 1156 2764 Excurs.
1174 2733 1226 2766 7*
1245 2731 1288 2765 ad
1309 2734 1395 2765 Aen.
1420 2734 1451 2766 1.
1478 2730 1549 2773 (est
1572 2741 1614 2763 ex
1631 2730 1700 2773 δη-

885 2774 1102 2821 μογέρονσι,
1129 2788 1192 2810 neo
1216 2782 1345 2822 pugnat
1365 2777 1519 2822 amplius.
1552 2775 1596 2819 γ’,
1619 2775 1699 2816 148,

886 2824 955 2858 203
978 2834 1097 2868 seqq„
1130 2825 1199 2858 262
1227 2836 1346 2869 seqq,
1380 2824 1448 2858 347
1477 2833 1574 2866 seqq.
1612 2832 1700 2854 uxor

888 2870 961 2912 ejus
992 2870 1060 2902 fuit.
1101 2869 1269 2911 Theano,
1308 2881 1407 2903 soror
1441 2869 1617 2901 Hecubae.
1658 2865 1698 2909 ζ,

887 2917 967 2950 298.
992 2916 1058 2960 U.)
1094 2917 1277 2951 Antenoris
1315 2915 1377 2949 filii
1405 2914 1639 2948 Archelochus
1664 2918 1700 2947 et

889 2964 1032 2996 Acamas
1066 2962 1189 2997 iterum
1223 2967 1453 2996 memorantur
1486 2956 1535 3002 μ’,
1562 2962 1631 2993 100
1663 2962 1699 2993 et

888 3020 963 3043 cum
986 3008 1122 3054 Polybo
1146 3013 1184 3044 et
1206 3010 1367 3054 Agenore
1390 3006 1555 3041 fratribus
1577 3003 1622 3048 λ’,
1639 3006 1697 3050 59,
