1811 3269
604 151 1031 193 ΙΛΙΑΔΟΣ
1083 151 1133 192 Β.

1629 149 1707 192 161

186 264 310 322 *ᾔδεε
339 261 643 335 μαντοσύνας,
673 258 777 306 οὐδὲ
806 259 886 312 οὓς
914 263 1075 313 παῖδας
1104 261 1258 305 ἵεάσκεν

213 324 394 378 στείχειν
422 320 465 371 ἐς
492 319 685 373 πόλεμον
714 317 988 388 φθισήνορα
1023 335 1082 361 τω
1115 317 1161 362 δέ
1192 319 1237 362 ei
1273 313 1370 360 οὔτι

210 379 478 449 πειθέσθην·
478 380 648 446 Κῆρες
677 392 760 431 γαρ
792 374 904 431 ἄγον
933 374 1118 444 μέλανος
1147 371 1376 418 θανάτοιο.

99 440 182 482 835

297 438 353 478 Οι
381 433 426 477 δ’
459 432 546 489 α’ρα
577 432 817 503 Περκώτην
846 432 917 474 καὶ
949 431 1177 486 Πράκτιον
1200 428 1528 503 ἀμφενέμοντο,

210 492 284 536 καὶ
313 491 491 545 Σηστόν
521 491 594 533 καὶ
612 488 809 547 ’Ἀβυδον
838 488 938 544 ε’χον
968 488 1043 531 καὶ
1073 491 1174 531 δῖαν
1200 486 1417 558 Ἀρίσβην,

210 552 300 591 τῶν
331 546 438 591 αὖθ’
467 547 723 601 Ὑρτακίδης
751 545 852 618 ἦρχ’
871 545 1044 597 Ἰάσιος,
1077 545 1270 600 ὄρχαμος
1300 547 1493 601 ανδρων,

197 604 348 656 Ἀσιος
373 605 649 661 Τρτακίδης,
680 603 732 646 ὃν
758 602 1018 673 Ἀρίσβηθεν
1048 601 1189 672 φέρον
1218 603 1344 646 ἵπποι

210 664 420 715 αἴθωνες,
450 662 657 719 μεγάλοι,
687 664 891 716 ποταμοῦ
920 659 1009 703 α’πο
1038 657 1322 715 Σελλήεντος.

85 753 162 788 832.
212 750 323 789 ουδὲ
349 751 441 795 ον’ς.
468 754 554 787 dura
572 751 695 786 ectasis
716 751 786 786 τοῦ
801 770 848 776 —-

38 796 100 839 δὲ,
132 799 257 841 durus,
290 800 344 833 vel
382 799 598 844 digammatis
629 804 738 831 sumto
769 809 848 839 usu,

37 844 163 886 hiatus,
187 846 340 890 quamvis
363 846 487 880 similia
511 844 676 890 quaedam
702 844 803 878 loca
795 855 848 877 ιιι-

37 890 220 924 veniuntur
243 904 299 937 ap.
323 892 443 931 Hom.,
477 903 545 936 quo
571 891 721 935 pertinet
744 890 846 924 etiam

38 940 115 970 Διῐ
131 933 180 977 ὡς
204 939 283 972 781.
323 939 368 972 cf.
393 938 462 971 Th.
487 940 520 979 ς.
548 938 634 978 156,
660 938 692 972 3.
718 936 847 988 alioqui

36 983 128 1017 nullo
159 984 300 1041 negotio
334 985 417 1041 poni
449 988 567 1029 posset
592 1003 634 1008 —
656 981 847 1038 μαντοσύ-

35 1041 114 1069 νας.
165 1029 210 1064 οὐ
237 1028 283 1074 δὴ
311 1029 378 1071 οὓς
402 1034 467 1063 etc.
515 1028 593 1062 libri
615 1035 721 1063 vett.:
758 1026 847 1064 οὔδε

36 1087 147 1116 εονς,
171 1044 283 1121 quodq
287 1076 353 1110 suit
376 1076 523 1110 sortasse
548 1073 593 1110 οὗ
617 1075 676 1110 δέε
701 1076 755 1119 (ut
773 1075 848 1111 δέε-

35 1120 166 1163 λονκ,
190 1122 301 1167 466.)
333 1120 410 1163 ον’ς.
466 1120 580 1157 ον’δε
617 1121 781 1156 εἀσκεν
813 1127 848 1155 et

32 1168 249 1211 prohibebat.
299 1169 403 1204 Sch.:
440 1167 460 1203 ε’
466 1182 489 1203 α
499 1180 550 1205 σκ
562 1181 578 1204 ε
589 1181 620 1203 ν.
655 1168 734 1210 εἴα,
760 1180 846 1203 συν·

34 1213 172 1259 εχώρει.

81 1262 160 1296 833
195 1273 291 1307 sequ.
349 1264 480 1303 φθισ.
525 1260 593 1296 τὸν
637 1261 845 1319 φθείροντα

33 1320 124 1348 τους
150 1304 299 1350 ἄνδρας.
348 1307 476 1352 ἄγον.
502 1306 643 1353 ἀνάγκῃ
669 1321 773 1352 γαρ
762 1307 846 1349 ε’-φε

34 1366 102 1397 ρον
132 1352 272 1394 αὐτους
314 1354 355 1388 αἱ
387 1355 653 1400 θανατηφόροι
687 1357 844 1399 Μοῖραι.

33 1401 97 1445 (cf.
117 1401 213 1444 302.)
238 1402 320 1435 sch.

82 1448 169 1488 835,
194 1449 226 1483 6.
275 1448 435 1488 Percote,
460 1448 596 1488 Sestos,
626 1447 779 1490 Abydus,
799 1449 846 1480 A-

33 1494 140 1534 risba,
166 1494 268 1526 urbes
291 1500 371 1527 sunt
394 1493 481 1526 sitae
505 1493 548 1526 ad
572 1473 843 1536 Hellespontum,

33 1539 77 1572 ad
103 1551 202 1583 quern
238 1539 361 1572 Priami
391 1540 477 1572 ditio
507 1539 692 1583 pertinuit:
726 1539 843 1571 Strab.

34 1587 90 1621 13-
120 1597 153 1630 Ρ
181 1587 269 1626 877,
295 1588 334 1618 Α.
370 1584 553 1630 Περκώπῃ
583 1586 662 1618 edd.
695 1582 737 1625 λ’,
764 1585 842 1617 229.

35 1636 70 1665 et
87 1632 175 1665 hoc
166 1643 241 1677 lpso
260 1632 335 1665 loco
354 1632 496 1665 Barocc.
519 1639 555 1665 et
572 1632 600 1662 Σ
606 1638 669 1664 rat.
693 1631 725 1664 b.
750 1632 843 1672 Περ-

34 1676 841 1769 ’ἑωῖηνιεὲ.ἳ,ῗιῗιὲἲ.ῗίιί“,ἓᾶἒθξέἷῖἓῗιῗῖἒέ

35 1770 113 1805 ckio
134 1770 176 1803 ad
197 1769 306 1814 Apoll.
329 1770 440 1805 Rhod.
464 1773 493 1810 1,
513 1773 591 1806 932.
616 1771 675 1803 sed
695 1781 727 1803 v.
739 1770 782 1801 W
787 1781 842 1802 es-

35 1816 95 1851 sel.
123 1816 165 1850 ad
191 1816 320 1850 Herod.
339 1818 380 1856 5,
410 1818 486 1852 117.
538 1818 639 1852 ,435
669 1822 703 1850 et
724 1815 841 1849 Xeno-

34 1862 173 1908 phontis
190 1863 340 1906 interpp
358 1862 491 1897 Hellen.
513 1865 546 1904 5,
573 1866 603 1902 1,
627 1863 684 1896 25.
709 1867 840 1896 rectum

34 1920 117 1942 sane
142 1913 196 1942 est
224 1907 442 1952 Περκωτην,
467 1910 558 1941 unde
586 1908 715 1951 gentile
748 1910 842 1950 Πιρ-

34 1954 167 1994 κώσιος
193 1955 271 1989 831.
296 1961 332 1988 et
356 1953 397 1995 λ,
422 1956 500 1989 329.
534 1954 633 1987 sitnm
673 1960 709 1987 et
749 1955 843 1988 ordi-

34 2012 110 2034 nem
143 2001 262 2034 horum
294 2000 446 2035 locorum
475 2001 625 2034 ostendit
658 2000 842 2034 Alexandri

34 2047 102 2080 iter
128 2045 548 2094 ap-Arrianum1,12‚
583 2050 659 2081 10·
695 2059 770 2080 nam
806 2046 843 2089 ἐξ

31 2090 139 2128 Ἰλίου
167 2090 203 2132 ἐς
213 2090 387 2147 Ἀρίσβην
413 2088 488 2137 ἧκε,
513 2093 574 2128 καὶ
599 2094 643 2139 τῇ
666 2090 843 2140 ὑστεραίᾳ

33 2138 71 2180 ἐς
94 2136 304 2183 Περκώτην.
357 2140 399 2172 cs.
428 2139 553 2173 Cellar.
582 2141 615 2174 2.
650 2151 683 2184 p.
706 2142 763 2175 49.
798 2130 842 2173 de

37 2187 263 2241 Πρακτίῳ
296 2186 424 2219 Strabo
456 2188 508 2222 13.
540 2198 573 2230 p
603 2188 690 2226 883,
716 2187 780 2219 B.:
820 2183 840 2221 6

33 2232 75 2269 δὲ
106 2231 292 2276 Πράκτιος
318 2231 487 2276 ποταμὸς
513 2231 581 2276 μέν
608 2231 703 2273 ἐστι,
737 2231 843 2273 πόλις

34 2277 69 2315 δ’
97 2277 165 2337 οὐχ
189 2277 416 2338 εὑρίσκῒεται,
452 2277 502 2319 ὡς
532 2291 628 2317 τινες
654 2277 841 2321 ἐνόμισαν.

32 2326 92 2371 ρεῖ
114 2324 154 2361 δε
185 2326 247 2361 καὶ
279 2326 390 2368 οὗτος
422 2325 557 2368 μεταξύ
591 2324 747 2380 Ἀβύδου
781 2340 841 2361 nat

32 2371 256 2430 Λαμψάκου·
304 2371 346 2408 τὸ
382 2377 451 2406 ουν
483 2386 563 2407 και
590 2372 842 2431 Πράκτιον

35 2417 145 2464 ἄμφ-
170 2417 268 2454 οὕτω
295 2419 443 2454 δεκτέον
469 2416 519 2459 ὠς
548 2419 629 2462 περὶ
653 2421 841 2462 ποταμοῦ,

33 2465 203 2521 καθάπερ
227 2462 380 2501 κάκεῖνα
405 2480 423 2501 ο
440 2467 459 2501 ι’
476 2464 517 2500 τ’
541 2463 631 2508 ἄρα
655 2485 701 2491 -
725 2466 840 2509 (522.)

34 2512 96 2548 καὶ
119 2509 241 2557 οἷμφί
263 2525 310 2547 τε
334 2532 379 2537 —
403 2513 532 2556 (..854)
558 2513 601 2545 de
616 2513 750 2554 Arisba,
770 2512 842 2545 Asii

33 2558 149 2603 regia,
183 2571 274 2604 quae
306 2564 386 2604 post
416 2560 509 2592 inter
545 2561 648 2592 urbes
686 2558 841 2592 Aeolicas

35 2611 208 2639 numerata
241 2610 314 2645 est,
349 2618 382 2638 v.
417 2605 842 2649 Steph‚B)z.Ar1ian.

35 2649 58 2683 l.
82 2662 112 2684 c.
136 2656 172 2684 et
203 2651 238 2684 H
270 2630 314 2685 ad
349 2653 432 2685 Aen.
458 2653 499 2692 9,
524 2651 604 2686 264.
642 2650 708 2683 fuit
741 2657 777 2683 et
807 2651 843 2683 in

36 2695 148 2730 Lesbo
187 2696 251 2731 ins.
285 2698 367 2731 urbs
399 2697 542 2738 Arisba,
582 2696 842 2751 appellaturque

36 2741 124 2775 haec
164 2741 311 2777 Troadis
355 2745 625 2786 Μιτυληναίων
674 2739 841 2781 ἄποικος

36 2787 113 2829 „ita
136 2787 311 2823 dicendum
336 2794 422 2831 est‚‘
471 2790 528 2834 inq
532 2790 582 2823 uit
606 2790 658 2830 Η,
693 2789 754 2830 ,,ἰιι
781 2800 841 2821 an-

36 2833 166 2878 tiquam
196 2837 396 2879 metropolin
428 2836 539 2870 serius
575 2847 617 2869 ex
642 2836 754 2869 Lesbo
780 2846 842 2867 no-

36 2889 99 2912 vos
122 2878 258 2913 colonos
280 2880 446 2916 deductos
475 2885 574 2916 esse}
635 2886 842 2916 memoratur

38 2923 204 2967 οῑίειιιιξ,
231 2927 292 2966 13,
355 2930 456 2968 96,
527 2928 616 2969 ,43.
654 2929 699 2961 de
732 2928 842 2968 Sesto,

36 2971 120 3005 urbe
143 2939 343 3005 'lh’raciaeu
341 2973 384 3007 ad
407 2975 684 3019 Hellespontum,
707 2985 742 3007 v.
767 2973 843 3007 He-

36 3016 109 3050 rod.
136 3018 177 3059 7,
200 3019 247 3053 34
271 3024 339 3057 etc.
371 3021 464 3057 Mela
487 3022 530 3063 2,
553 3021 604 3057 2:
627 3025 679 3057 est
697 3025 731 3056 et
747 3020 843 3064 Aby-

78 3042 221 3099 Homini.
245 3064 273 3101 Ι.

895 753 938 785 do
960 751 1014 794 obj
1017 762 1117 784 accus
1134 751 1268 790 Sestos,
1298 749 1454 783 Leandri
1481 761 1600 785 amore
1623 763 1707 796 per-

893 798 1025 831 nobilis.
1070 797 1116 830 cf.
1141 795 1246 831 Ovid.
1271 794 1386 840 Epist.
1413 797 1492 837 18„
1516 797 1614 842 Virg.
1632 799 1708 832 Ge-

894 845 1015 887 org.3‚
1027 844 1121 885 258
1145 843 1236 876 Stat.
1248 841 1361 875 Theb.
1381 843 1415 883 6,
1439 843 1520 877 542.
1554 844 1707 879 Leandri

895 901 1013 924 ausum
1042 894 1161 924 nostra
1184 887 1347 922 memoria
1371 887 1524 922 imitatus
1547 894 1620 931 est,
1645 891 1708 925 sed

893 946 1048 976 vacuus,
1095 934 1337 969 Britannorum
1382 937 1486 978 potita
1508 935 1706 989 φιλέλλην,

894 982 1065 1026 Byronus.
1112 985 1282 1023 „narrant
1304 981 1538 1024 grammatici,
1564 989 1708 1028 propter

894 1028 987 1061 Sesti
1025 1032 1061 1061 et
1093 1027 1209 1071 Abydi
1247 1028 1427 1080 conjuncte
1459 1028 1586 1062 factam
1619 1030 1652 1065 h.
1684 1030 1705 1063 l.

895 1074 1096 1108 mentionem
1126 1073 1393 1107 controversiam
1428 1073 1611 1118 aliquando
1644 1077 1709 1109 ha-

894 1120 1010 1153 buisse
1043 1120 1137 1153 Sesti
1170 1118 1300 1153 incolas
1333 1125 1369 1152 et
1402 1120 1454 1152 Ab
1456 1122 1607 1164 ydenos,
1643 1122 1708 1155 Se—

892 1173 1052 1210 stumque
1076 1166 1257 1211 Abydenis,
1275 1133 1491 1209 adjudicasse
1515 1167 1707 1201 Athenien-

892 1224 957 1246 ses.
992 1224 1027 1246 v.
1053 1212 1167 1245 Schol.
1194 1213 1279 1245 Ven.
1304 1212 1333 1245 B
1362 1212 1405 1244 ad
1431 1212 1511 1246 494.
1537 1219 1573 1247 et
1601 1214 1642 1247 E.

938 1260 1016 1294 837.
1067 1259 1110 1292 de
1136 1259 1290 1300 Hyrtaco
1315 1257 1622 1302 Apollod.3,12,
1649 1261 1706 1295 5.

892 1307 1063 1349 Πρίαμος
1099 1302 1138 1339 δὲ
1170 1303 1332 1348 Ἀρίσβην
1367 1303 1500 1344 ἐκδούς
1527 1303 1705 1362 Τρτακφ,

893 1352 1070 1392 δευτέραν
1105 1351 1235 1395 ε’γημεν
1254 1349 1416 1395 Εκοὶβην
1442 1358 1508 1387 etc.
1550 1353 1593 1385 de
1624 1356 1667 1386 A
1658 1355 1706 1387 ·io

893 1399 937 1432 cf.
963 1399 1043 1433 461.
1072 1417 1116 1423 —-
1150 1399 1254 1431 Sch.:

892 1444 1053 1488 ἔξαρχος.

941 1494 1019 1526 838.
1059 1488 1210 1531 ’Ἅσιος
1231 1488 1349 1533 εὙριε.
1375 1490 1541 1533 ejusmodi
1567 1492 1705 1536 repeti—

890 1537 1002 1570 tiones
1024 1549 1088 1570 non
1118 1542 1237 1570 carent
1263 1537 1426 1580 emphasi,
1452 1538 1542 1581 qnod
1565 1539 1702 1582 quidam

890 1590 1032 1627 putant.
1059 1584 1102 1618 cf.
1128 1585 1238 1618 671—
1260 1586 1347 1639 673,
1373 1584 1451 1617 850
1480 1585 1570 1627 quod
1590 1590 1703 1618 autern

890 1631 957 1664 870
990 1630 1139 1673 legitur,
1173 1630 1248 1662 τῶν
1280 1631 1322 1672 μὲ
1309 1643 1347 1664 v
1379 1626 1443 1672 ἄρ’
1479 1628 1704 1675 Ἀμφίμαχος

889 1676 951 1710 καὶ
988 1677 1139 1718 Νάστης
1173 1674 1410 1720 ἡιησάσθην,
1447 1678 1599 1720 Νάστης
1623 1677 1704 1721 Ἀμ-

889 1722 1052 1766 φίμαχός
1082 1735 1142 1764 τε,
1185 1723 1235 1756 ita
1272 1722 1510 1767 explicandum
1552 1724 1703 1766 videtur,

888 1776 926 1803 ut
951 1770 1084 1803 Nasten
1110 1770 1227 1802 horum
1254 1770 1397 1802 fratrum
1423 1774 1507 1802 natu
1544 1770 1704 1813 m;.jorern

888 1816 996 1849 fuisse
1021 1815 1248 1855 arbitremur;
1275 1827 1372 1860 quein
1398 1827 1492 1856 cum,
1518 1817 1618 1849 metri
1644 1829 1704 1851 ne-

889 1862 1052 1896 cessitate
1077 1862 1264 1901 adductus
1301 1861 1497 1906 posteriore
1524 1863 1597 1895 loco
1621 1874 1704 1906 poe-

888 1914 926 1942 ta
951 1908 1177 1947 nominasset,
1208 1909 1279 1951 jam
1313 1909 1408 1941 velut
1443 1919 1480 1940 se
1513 1912 1702 1966 reprehen-

890 1955 975 1988 dens
1000 1966 1040 1988 ac
1067 1953 1243 1996 corrigens
1270 1954 1369 1987 addit
1404 1952 1557 1997 Νάστης
1578 1953 1703 1999 Ἀμφί-

889 2000 1006 2045 μαχός
1030 2013 1080 2041 τε,
1105 2005 1143 2033 ut
1167 2001 1250 2032 vul1r
1229 2012 1272 2043 ι,ῑο
1297 2001 1414 2033 dicere
1438 2001 1607 2042 solebant,
1629 2014 1703 2036 cum

890 2058 1005 2082 eorum
1030 2046 1204 2080 faciebant
1228 2048 1443 2080 mentionem.
1494 2047 1539 2080 cf.
1571 2049 1613 2081 de
1640 2049 1703 2083 hoc

890 2094 970 2127 Asio
993 2092 1042 2136 μ’,
1071 2096 1137 2128 110
1149 2104 1247 2137 seqq.
1281 2093 1368 2127 alius
1384 2092 1606 2136 cognominis,
1628 2094 1701 2129 He-

888 2141 997 2174 cubae
1015 2141 1146 2177 srater,
1173 2145 1379 2173 memoratur
1408 2141 1457 2180 π’,
1483 2141 1563 2174 717.

934 2187 1014 2240 {339-
1063 2186 1296 2227 αἴθωνες,
1321 2186 1440 2226 rutili,
1464 2185 1701 2229 Rothsiichse;

889 2232 948 2277 qui
972 2232 1082 2272 idem,
1107 2236 1294 2265 annotante
1312 2232 1376 2273 K„
1413 2231 1508 2266 color
1532 2237 1586 2266 est
1610 2233 1701 2278 apud

887 2279 989 2313 Hom.
1015 2278 1125 2312 leonis
1150 2277 1212 2321 (κ’,
1237 2278 1332 2321 23.,)
1369 2279 1468 2311 boum
1505 2278 1617 2325 (βόες
1643 2280 1701 2314 αἴ-

886 2328 1030 2365 θωνες,
1054 2323 1206 2368 μεγάλοι
1231 2325 1361 2368 odyss.
1389 2323 1430 2364 σ’,
1455 2325 1578 2369 371.,)
1602 2327 1702 2370 aqui-

888 2372 942 2405 lae
966 2369 1029 2415 (0'.
1045 2372 1166 2414 690),
1192 2376 1228 2404 et
1252 2369 1315 2404 οἷλο
1300 2370 1430 2412 ω’πηκα
1454 2371 1619 2414 αἴθωνα,
1643 2385 1699 2406 ra-

887 2430 969 2450 vam
1003 2419 1162 2461 vulpem,
1206 2416 1293 2450 dixit
1327 2417 1427 2450 Pind.
1463 2418 1521 2452 Ol.
1555 2421 1618 2460 11,
1644 2421 1701 2454 20.

889 2464 986 2508 Virg.
1023 2464 1065 2497 de
1098 2463 1194 2508 equis
1230 2464 1362 2507 Georg.
1387 2465 1428 2505 3,
1449 2465 1525 2499 81.=
1568 2465 1703 2500 honesti

889 2511 1066 2554 Spadices,
1090 2510 1298 2554 glauciqne5
1322 2511 1412 2543 color
1432 2510 1636 2544 deterrimus
1649 2513 1701 2545 al-

890 2558 959 2598 bis,
985 2558 1033 2590 Et
1064 2559 1178 2600 guva,
1213 2556 1271 2590 ubi
1298 2557 1329 2589 H
1355 2556 1479 2599 docet,
1511 2557 1701 2601 spadicem,

1290 1397 1308 1432 ὅ
1322 1410 1468 1442 effluo
1482 1411 1509 1438 ς
1545 1395 1703 1444 ἡγεμών,

891 2615 912 2637 a
948 2603 1091 2647 spadice
1122 2603 1234 2647 palma
1267 2603 1418 2644 dictum,
1456 2614 1532 2636 esse
1556 2615 1598 2637 ex
1623 2606 1702 2638 rufo

890 2661 1037 2693 genere,
1072 2650 1283 2690 similemque
1315 2649 1463 2683 colorem
1497 2649 1571 2693 ejus
1603 2650 1701 2685 fusco

888 2696 960 2737 illi,
984 2707 1082 2740 quem
1109 2707 1128 2728 a
1159 2702 1321 2729 castanea
1352 2695 1540 2740 appellant.
1587 2700 1701 2730 trans-

888 2743 1000 2775 fertur
1032 2741 1167 2786 quidem
1201 2743 1286 2774 haec
1319 2752 1385 2774 vox
1409 2741 1453 2775 ad
1479 2741 1625 2775 animum
1647 2742 1700 2775 in-

888 2788 1113 2845 geniumque,
1157 2787 1254 2822 velut
1285 2787 1402 2822 Rheso
1439 2789 1518 2823 122.
1576 2787 1701 2822 dicitur

887 2834 1012 2869 αἴθων
1038 2833 1154 2879 ανηρ,
1186 2834 1242 2866 vir
1262 2834 1444 2876 fervidus,
1470 2835 1701 2877 impetuosus,-

887 2892 1002 2914 verum
1029 2882 1062 2914 h.
1088 2881 1110 2916 l.
1132 2860 1168 2913 i'd
1193 2880 1374 2913 dicendum
1404 2885 1500 2920 erat,
1525 2890 1611 2932 quo
1620 2879 1699 2923 equi

886 2926 937 2960 illi
979 2928 1022 2960 ab
1069 2925 1145 2961 aliis
1194 2926 1510 2969 distinguerentur3
1558 2923 1699 2958 animosi

887 2977 985 3005 erant
1034 2983 1149 3006 omnes
1193 2972 1236 3006 ad
1279 2972 1404 3005 bellum
1454 2970 1610 3004 adhibiti.
1654 2989 1698 2996 -

889 3020 927 3055 Σ
933 3021 1020 3057 ελλ.
1045 3030 1085 3054 eo
1109 3018 1246 3054 nomine
1269 3017 1385 3065 plures
1411 3017 1509 3051 suere
1521 3015 1628 3051 fluvii.
1655 3017 1700 3051 de

1366 3067 1418 3106 11
