1811 3269
68 159 124 198 22

711 156 1106 198 ΟΜΗΡΟΥ

235 264 490 337 τερπέσθω]
519 266 560 307 τί
590 264 638 307 δὲ
667 264 735 307 δεῖ
761 263 1090 336 πολεμιζέμεναι
1124 265 1353 318 Τρώεσσιν

235 320 477 394 Ἀργείους,-
508 322 550 364 τί
579 321 626 364 δὲ
657 319 770 363 λαὸν
797 319 1017 393 ἀνήγαγεν
1046 321 1200 364 ἐνθάδ’
1231 322 1411 378 ἀγείρας

235 377 474 437 Ἀτρείδης,
506 380 532 433 ή
570 376 650 433 οὐχ
675 376 849 449 Ἑλένης
877 377 993 422 ἕνεκ’
1025 376 1270 447 ήῦκόμοιος

127 440 210 482 340
236 438 266 507 ή
298 440 461 491 μοῦνοι
491 432 689 489 φιλέουσ’
724 433 911 491 ἀλόχους
946 435 1152 504 μερόπων
1184 434 1435 489 ἀνθρώπων

236 490 468 562 Ἀτρεῖδαι,
499 491 608 542 ἐπεὶ,
641 490 759 542 όστις
787 492 901 547 ἀνὴρ
937 490 1108 559 ἀγαθὸς
1138 493 1212 534 καὶ
1241 492 1452 547 ἐχέφρων,

238 550 318 620 τήν
351 547 490 592 αὐτοῦ
522 549 661 603 φιλέει
689 549 762 592 καὶ
792 549 992 618 κήδεται·
1025 546 1084 598 ὠς
1114 549 1186 590 καὶ
1217 549 1299 603 ἐγω
1331 549 1411 605 τὴν

241 605 288 649 ἐκ
316 608 468 659 θυμοῦ
498 608 679 660 φίλεον,
709 604 999 675 δουρικτητήν
1027 619 1106 657 περ
1140 605 1315 647 ἐοῦσαν.

240 666 326 706 νῦν
357 661 418 713 6²,
449 661 537 705 ἐπεὶ
568 662 616 706 ἐκ
644 669 803 720 χειρῶν
835 660 967 715 γέρας
997 662 1131 703 είλετο
1163 663 1237 704 καί
1265 660 1312 716 μ’
1346 661 1578 719 ἀπάτησεν,

121 724 205 766 345
232 718 290 790 μή
322 736 403 771 μευ
433 719 625 773 πειράτω
660 721 708 761 εὐ
741 718 932 790 εἰδότος,
966 716 1068 761 οὐδέ
1100 733 1150 773 με
1180 720 1328 769 πείσει,

241 774 354 827 ἀλλ’,

381 775 588 829 Ὀδυσεῦ,
619 775 700 828 ξύν
731 776 800 817 σοί
830 790 874 817 τε
904 774 978 817 καὶ
1009 774 1206 817 ἄλλοισιν
1236 779 1464 831 βασιλεῦσι

243 833 476 907 φραζέσθω
511 832 689 900 νήεσσιν
719 830 968 900 αλεξέμεναι
998 830 1125 888 δήϊον
1155 835 1256 885 πῦρ.

240 897 268 946 ἡ
299 907 377 962 μεν
407 889 460 946 δή
488 888 605 944 μάλα
634 888 774 931 πολλὰ
804 886 1030 958 πονήσατο
1060 889 1224 942 νόσφιν
1255 888 1386 942 ἐμεῖο,

241 948 314 990 καὶ
347 947 400 1003 δὴ
430 952 567 1000 τεῖχος
597 945 760 1012 ἔδειμε,
791 945 866 988 καὶ
894 945 1027 999 ἤλασε
1057 946 1231 1001 τάφρον
1262 943 1333 987 ἐπ’
1368 943 1490 988 αύτῶ

129 1008 213 1050 350
245 1003 442 1056 εὐρεῖαν,

467 1001 689 1074 μεγάλην,
721 1001 768 1044 5v
800 1002 846 1044 δὲ
877 1000 1096 1053 σκόλοπας
1126 1003 1382 1056 κατέπηξεν·

244 1059 344 1103 ἀλλ’
377 1058 476 1102 οὐδ’
513 1059 571 1110 ὡς
602 1058 788 1102 δύναται
819 1059 975 1109 σθένος
992 1059 1204 1113 Ἕκτορος
1235 1056 1539 1114 ἀνδροφόνοιο

242 1119 389 1172 ίσχειν.

449 1115 568 1171 ὄφρα
599 1114 642 1158 δ’
672 1115 754 1170 ἐγω
770 1113 874 1186 μετ’
902 1115 1113 1185 Ἀχαιοῖσι
1142 1115 1410 1187 πτολέμιζον,

244 1173 327 1217 οὐκ
355 1172 553 1216 ἐθέλεσκε
584 1171 737 1242 μάχην
756 1170 844 1215 ἀπὸ
873 1174 1032 1227 τείχεος
1068 1171 1263 1244 ὀρνύμεν
1279 1173 1466 1223 Ἐκτωρ,

243 1228 344 1273 αλλ
377 1229 486 1274 ὅσον
513 1230 556 1280 ἐς
589 1227 761 1280 Σκαιας
794 1245 839 1272 τε
869 1229 1010 1280 πύλας
1040 1231 1113 1272 καὶ
1145 1228 1290 1297 φηγόν
1320 1231 1490 1271 ικανεν·

131 1291 214 1334 855
245 1288 354 1331 ἔνθα
383 1285 484 1330 ποτ’
518 1291 617 1329 οἱον
647 1286 818 1358 ἔμιμνε,
849 1285 972 1341 μόγις
1004 1285 1051 1329 δέ
1081 1302 1162 1341 μευ
1193 1287 1382 1341 ἔκφυγεν
1412 1283 1567 1341 ὁρμήν.

243 1348 330 1388 νῦν
360 1342 418 1395 δ’,
449 1343 541 1386 ἐπεὶ
570 1342 652 1386 οὐκ
683 1343 818 1386 ἐθέλω
848 1342 1129 1415 πολεμιζέμεν
1145 1342 1328 1398 Έκτορι
1358 1344 1452 1400 δίῳ,

245 1399 407 1471 αὔριον
438 1400 513 1459 ἱρα
541 1402 622 1443 Διῒ
652 1399 777 1471 ρέξας
806 1400 880 1442 καὶ
913 1404 1020 1443 πᾶσι
1048 1404 1207 1450 θεοῖσι,

244 1458 409 1528 νηήσας
441 1460 489 1501 εὐ
520 1461 628 1513 νῆας
657 1457 764 1513 ἐπὴν
796 1455 929 1500 ἅλαδε
959 1456 1235 1527 προερύσσω,

245 1514 396 1574 ὄψεαι,
427 1513 483 1569 ἢν
513 1514 758 1585 ἐθέλῃσθα,
789 1514 865 1558 καὶ
895 1515 943 1557 αι’
969 1514 1045 1557 κέν
1074 1530 1143 1556 τοι
1173 1513 1225 1556 τὰ
1256 1510 1438 1569 μεμήλη,

131 1577 214 1618 360
245 1574 322 1641 ήρι
350 1570 456 1628 μάλ’
481 1570 803 1642 Ελλήσποντον
832 1570 898 1614 ἐπ’
931 1570 1164 1626 ἰχθυόεντα
1194 1569 1413 1619 πλεούσας

243 1634 353 1685 νῆας
381 1627 508 1684 ἔμας,
541 1629 589 1672 ἐν
620 1626 660 1671 δ’
694 1627 862 1682 ἄνδρας
891 1627 1168 1683 ἐρεσσέμεναι
1197 1631 1440 1681 μεμαῶτας.

244 1687 282 1729 εἰ
312 1686 358 1730 δέ
387 1701 463 1729 κεν
493 1684 706 1741 εὐπλοίην
737 1685 828 1741 δςόη
859 1684 1017 1734 κλυτὸς
1047 1684 1357 1737 Ἐννοσίγαιος,

245 1742 382 1800 ἤματί
409 1757 458 1786 κε
487 1742 672 1800 τριτάτῳ
709 1743 858 1797 Φθίην
887 1741 1101 1797 ἐρίβωλον
1134 1742 1322 1797 ἱκοίμην.

122 1855 338 1893 337—343.
387 1860 511 1900 argute
536 1855 641 1889 Ach.:
674 1855 702 1888 si
733 1856 791 1898 jus
816 1855 889 1888 fas-

76 1914 145 1948 que
167 1907 234 1946 est,
260 1900 384 1946 inquit,
409 1903 444 1935 vi
469 1901 593 1936 abduci
619 1902 795 1945 conjuges,
820 1901 891 1934 sic-

76 1952 116 1982 ut
140 1960 214 1982 mea
237 1949 387 1982 abducta
411 1954 484 1988 est,
522 1958 584 1981 cur
609 1947 761 1981 Helenae
787 1957 892 1981 causa

76 1994 242 2039 Trojanis
260 1994 386 2028 bellum
407 1993 610 2028 intulimus?
636 2005 711 2027 num
724 1993 789 2027 soli
802 2003 892 2027 mor-

76 2040 195 2075 talium
220 2040 363 2074 Atridae
388 2046 503 2074 amant
526 2041 679 2073 uxores?
705 2044 771 2073 etc.
810 2050 894 2072 con-

76 2087 161 2121 ferri
183 2087 306 2131 jubent
330 2087 384 2120 Cl.
411 2092 447 2120 et
471 2086 594 2120 Eichh
620 2085 745 2119 similia
770 2085 892 2118 Maro-

77 2133 130 2167 nis
156 2134 239 2166 Aen.
263 2135 298 2173 9,
325 2134 402 2168 138.
422 2129 722 2176 -μερόπων,
747 2129 793 2172 α’,
812 2132 892 2165 250.

76 2199 124 2205 —
148 2179 252 2214 seha
277 2177 508 2223 ἐχέφρων.
535 2177 698 2219 συνετὸς,
717 2177 892 2222 σώφρων.

77 2226 208 2268 δουρ.
232 2225 355 2268 (semel
373 2226 533 2270 dictum.)
551 2223 805 2269 δοριάλωτον,
835 2223 893 2258 αἰ-

76 2270 284 2318 χμοίλωτον.

123 2319 204 2354 346.
254 2318 342 2351 bene
366 2316 416 2350 Ε·
451 2330 508 2352 οτι
542 2317 612 2352 τοῦ
637 2314 814 2363 βασιλέως
837 2315 890 2350 εἰ-

78 2362 216 2405 πόντος
247 2361 287 2399 ἐν
320 2364 366 2409 τῇ
400 2361 435 2398 α’
460 2362 638 2421 ῥαψῳδία
669 2363 806 2407 (174.,)
844 2358 894 2403 ὥς

78 2410 283 2467 πάρεισί
307 2422 387 2454 μοι
406 2410 485 2445 καὶ
512 2407 666 2446 ἄλλοι.
699 2409 750 2444 οἴ
768 2407 816 2443 κέ
839 2420 894 2451 με

79 2455 370 2501 τιμήσουσι,
410 2456 504 2501 λέγει
546 2457 617 2491 νῦν
651 2454 717 2500 'Al-
755 2455 896 2502 βαρέως

79 2502 179 2548 μάλα
202 2502 297 2547 πρὸς
322 2502 438 2538 έκεῖνο
464 2501 579 2544 αλλ’,
603 2501 690 2538 ’.Οδ
717 2521 762 2526 -
785 2503 895 2560 πῦρ,

81 2550 144 2586 καὶ
169 2548 238 2584 οὐκ
263 2550 424 2585 αἰδεῖται
448 2563 481 2584 κ.
498 2550 574 2583 τῶν
599 2547 786 2594 φιλτάτων
811 2550 895 2583 καί-

81 2609 145 2642 ρια
162 2594 469 2640 καθαπτόμενος,
491 2593 696 2636 Ὀδυσσέως
719 2607 759 2629 τε
776 2608 809 2629 κ.
832 2596 895 2630 Αἴ-

81 2655 210 2684 αντος,
243 2643 454 2702 μυκτηρίζει
485 2640 527 2677 δὲ
558 2655 591 2677 κ.
626 2642 695 2687 τήν
725 2641 795 2676 τοῦ
824 2643 895 2676 τεί-

81 2701 174 2747 χονς
197 2689 259 2724 καὶ
284 2691 350 2733 τῆς
373 2690 521 2732 τάφρου
546 2687 738 2728 ἐπίνοιαν,
761 2700 792 2721 κ.
815 2687 897 2723 οἷον

82 2734 296 2772 ἀντιδάκνει
314 2734 381 2770 τὸν
400 2736 571 2778 Νέστορα
587 2734 666 2791 πρὸ
681 2732 808 2778 ὀλίγον
830 2733 895 2780 (β’,

81 2782 182 2826 346.)
207 2780 384 2817 εἰπόντα·
420 2780 598 2817 τούσδε
624 2778 666 2816 δ’
696 2779 749 2815 ἐά
774 2783 894 2824 φθι-

82 2827 263 2863 νύθειν
303 2826 385 2863 ἕνα
418 2840 451 2861 κ.
487 2826 588 2862 δυο.
645 2825 788 2862 ἐκείνου
822 2825 893 2871 γὰρ

82 2875 199 2920 βουλῇ
223 2873 320 2910 κ.τὸ
330 2876 465 2931 τεῖχος
489 2873 613 2918 γέγονε
637 2887 670 2908 κ.
690 2869 713 2918 ἡ
739 2872 896 2930 τάφρος

83 2934 116 2956 κ.
147 2919 268 2956 πολυν
301 2918 368 2977 μὲν
403 2919 497 2964 λέγει
530 2920 650 2957 πόνον
681 2918 767 2962 περὶ
798 2917 897 2955 αυτοὶ

81 2965 282 3023 γενέσθαι,
336 2964 554 3010 ανυσθῆναι
600 2965 641 3002 65
687 2963 810 3001 ov’65'v.
852 2985 897 2992 —-

85 3012 227 3060 δήϊον
249 3012 358 3059 prima
376 3017 550 3058 correpta,
576 3017 614 3047 ut
637 3010 683 3059 β’,
705 3011 786 3055 415,
805 3011 898 3054 544.,

936 1854 998 1888 sed
1022 1855 1079 1888 hic
1107 1854 1209 1898 paulo
1243 1852 1390 1887 durius
1381 1864 1416 1886 m
1436 1853 1506 1887 fine
1525 1862 1658 1886 versus.
1700 1853 1754 1888 sic
1804 1860 1805 1863 ’

939 1907 1052 1934 tamen
1072 1901 1173 1933 etiam
1195 1900 1339 1934 inferius
1358 1897 1439 1940 674,
1462 1896 1510 1940 π,
1529 1900 1610 1940 301,
1632 1896 1675 1940 σ’,
1697 1901 1752 1937 13.
1800 1934 1803 1946 3

1256 1945 1305 1981 5¹6
1316 1958 1331 1981 ε
1342 1959 1354 1980 ι
1365 1959 1390 1990 μ
1402 1959 1430 1981 ε.
1477 1945 1754 1988 κατεσκεύασεν,
1800 1951 1804 1986 Ξ

940 1991 1188 2049 ᾠκοδόμησεν.
1237 1990 1397 2037 ἤλασε.
1441 1990 1506 2037 (η’,
1531 1992 1632 2046 450.)
1657 1992 1752 2028 nard

940 2041 1058 2084 μῆκος
1093 2039 1232 2083 ἐσκαψε
1264 2052 1296 2073 κ.
1322 2037 1513 2095 παρέτεινε
1547 2038 1599 2084 τῷ
1630 2040 1752 2094 τείχει.

939 2086 1006 2122 ἐπ’
1045 2084 1186 2130 αὐτῷ.

938 2136 1132 2177 χαιοῖσι
1157 2135 1282 2166 πτολ.
1315 2131 1366 2165 ita
1389 2132 1423 2165 H
1445 2121 1687 2172 annotatione,
1709 2142 1753 2165 ex

939 2190 1033 2213 more
1067 2183 1202 2223 poe'tae.
1258 2178 1336 2210 libri
1370 2184 1476 2212 vem:
1514 2180 1616 2218 πολ.,
1647 2188 1752 2211 versu

939 2225 1088 2265 elumbi3
1114 2236 1177 2258 nec
1205 2223 1321 2268 placet
1342 2223 1574 2257 recentiorum
1592 2223 1754 2257 homoeo-

938 2272 1090 2305 teleuton
1113 2269 1324 2312 Ἀχαιοῖσιν
1347 2271 1572 2313 πολεμίζον.
1595 2289 1642 2294 -
1667 2283 1754 2314 φη-

938 2317 1039 2362 γόν.
1076 2317 1115 2358 ζ,
1141 2317 1240 2360 237.)
1276 2329 1383 2351 οιον
1409 2316 1622 2360 ἔμιμνεν.
1653 2315 1754 2359 ἅπαξ

941 2363 1092 2407 ἔμεινεν.
1120 2363 1240 2406 (aliter
1264 2363 1314 2397 Ε·
1341 2362 1466 2398 ἔνθα
1488 2361 1602 2398 ποτὲ
1627 2361 1754 2404 οἷον,

940 2411 1107 2445 τουτέστι
1137 2408 1255 2453 μόνον
1279 2407 1341 2453 έμε
1376 2406 1426 2450 ὥς
1460 2409 1501 2445 ἐν
1523 2411 1756 2454 μονομαχίας

941 2456 1058 2502 λόγῳ,
1095 2455 1272 2499 ἐμιμνε.
1330 2457 1435 2490 habet
1469 2460 1617 2511 utraque
1647 2455 1753 2496 ratio,

942 2515 1010 2548 quo
1036 2514 1073 2536 se
1097 2509 1255 2536 tueatur·
1282 2513 1314 2534 v.

942 2550 990 2592 η’,
1016 2552 1060 2584 42
1077 2554 1142 2582 etc.
1177 2549 1294 2591 „fugit
1319 2549 1484 2582 Achillem
1501 2549 1635 2582 Hector
1649 2547 1754 2582 etiam

940 2594 983 2641 χ’,
1001 2597 1105 2630 136.“
1120 2595 1206 2628 ΕΚ.
1237 2613 1277 2618 -—
1302 2593 1493 2651 νηήσας.
1512 2595 1591 2629 137.
1614 2605 1756 2639 προε·
1791 2625 1794 2635 ,

942 2641 1111 2687 ρύσσω.
1155 2640 1203 2681 α’,
1226 2641 1307 2675 308.
1349 2659 1394 2666 —-
1439 2638 1681 2685 ὅψεαιεῑο.
1719 2650 1753 2673 v.
1790 2682 1792 2695 Ι

941 2699 1019 2722 ann.
1046 2688 1088 2722 ad
1115 2685 1159 2728 δ’,
1184 2687 1284 2744 353)
1308 2686 1390 2720 Sch.

989 2736 1106 2770 360-
1124 2712 1203 2768 353.
1251 2735 1342 2788 ήρι.
1368 2732 1517 2788 (Odyss.
1540 2745 1584 2774 τ,
1599 2733 1686 2773 320,
1705 2730 1754 2773 ν’,
1791 2706 1808 2762 ’ἐ

1079 2777 1098 2814 6
1102 2782 1222 2823 ρθρου
1255 2777 1369 2814 πάνυ.
1420 2775 1512 2814 ὅθεν
1543 2778 1607 2814 καὶ
1640 2776 1753 2820 η’ρι-
1806 2810 1807 2813 ,

941 2826 1103 2871 γένεια
1127 2825 1193 2869 (α’,
1216 2825 1284 2860 477
1308 2825 1396 2869 etc.)
1420 2825 1503 2858 Sch.
1527 2844 1573 2850 —
1597 2823 1754 2868 ,,ἤμα-
1789 2825 1792 2847 ἐ

943 2782 1019 2816 156.
1024 2781 1041 2824 )

943 2887 986 2908 τι
1010 2879 1077 2907 etc.
1108 2882 1229 2906 versus
1247 2871 1448 2905 nobilitatus
1465 2871 1753 2926 interpretatione

943 2918 1251 2954 Socratis.P1ato
1284 2917 1431 2951 Critone
1464 2929 1500 2962 p.
1523 2917 1599 2954 44.ε
1632 2915 1754 2952 ἐδόκει

944 2968 1000 3006 τίς
1032 2978 1099 3009 μοι
1131 2962 1224 3010 γυνὴ
1264 2965 1530 3007 προσελθοῦσα
1564 2962 1656 3008 καλή
1691 2961 1755 2997 καὶ
1787 2972 1790 2999 Ι

946 3010 1116 3057 εὐειδής,
1140 3007 1252 3048 λευκοὶ
1276 3009 1409 3054 ἱμάτια
1429 3009 1582 3055 ἔχουσα,
1606 3009 1755 3047 καλέσαι
1788 3008 1790 3035 !

1242 2083 1335 2128 παρ’
1371 2083 1485 2130 αυτῷ.
1532 2074 1661 2128 (μετ’
1689 2085 1754 2119 ’A-
1800 2114 1804 2133 5

1344 2500 1387 2548 β’
1407 2503 1488 2545 486,
1509 2501 1555 2543 δ’,
1576 2503 1654 2545 156,
1672 2500 1755 2543 304,
1806 2511 1807 2514 ¹
