1811 3269
116 125 145 158 ⁸
488 148 826 200 XPON01‚
886 149 1091 191 ΒιοΣ
1134 153 1316 191 aaa.
1711 154 1740 192 ει

66 262 345 320 θεασάμενον
380 258 543 313 ἁλιεῖς,
583 263 842 316 προσειπεῖν
880 257 1050 311 αὐτούς
1089 260 1164 304 καὶ
1201 258 1437 315 ἀνακρῖναι
1473 261 1620 304 τοῖσδε
1648 264 1740 311 τοῖς

67 321 235 365 ἔπεσιν·

167 375 394 430 ’Ἀνδρες
423 371 509 417 ἀπ’
539 372 841 429 Ἀρκαδίης
868 372 1212 430 θηρήτορες,
1241 367 1269 429 ἦ
1303 369 1349 427 ῤ’
1381 371 1584 428 ἔχομέν
1622 391 1697 424 τις

65 432 344 489 ὑποτυχόντα
373 431 420 475 δὲ
449 430 570 488 αὐτῷ
601 431 678 474 ἕνα
708 433 863 474 εἰπεῖν·

175 490 285 541 Οὓς
315 490 541 543 ἕλομεν,
588 485 919 544 λιπόμεσθ’·
961 483 1060 535 οὓς
1091 482 1131 528 δ’
1166 483 1272 541 οὐχ
1309 484 1534 541 ἕλομεν,
1576 487 1739 541 φερό-

900 547 1101 597 μεσθα.

64 601 146 647 οὐκ
181 601 495 673 ἐπιβάλλοντος
537 602 583 645 δὲ
622 600 764 645 αὐτοῦ’
794 601 1012 644 διελέσθαι
1048 598 1097 642 τὸ
1130 600 1331 654 αἴνιγμα,
1361 597 1430 642 ὅτι
1459 596 1528 641 ἐπ’
1561 599 1740 654 ἰχθυΐαν

60 659 329 715 καταβάντες
373 658 666 716 οἷφήμαρτον,
706 656 1047 713 φθειρισάμενοι
1082 654 1129 698 δὲ
1170 655 1305 707 ὅσους
1343 655 1423 710 μὲν
1439 655 1622 725 ελαβον
1651 660 1739 699 τῶν

61 721 286 787 φθειρῶν,
330 716 661 767 οἷποκτείναντες
699 714 1041 765 απολείπουσιν,
1082 713 1182 756 ὅσοι
1223 713 1269 756 δὲ
1310 711 1478 764 αὐτοὺς
1509 713 1737 769 διέφυγον

60 773 249 825 τούτους
295 771 665 845 ἀποκομίζουσιν
719 772 836 816 οὕτω
888 772 934 816 δὲ
981 771 1152 813 ἐκεῖνον
1209 768 1502 826 ἄθυμήσαντα
1543 770 1739 814 σύννουν

61 829 262 881 ἀπιέναι
290 834 373 874 τοῦ
411 834 609 886 χρησμοῦ
639 829 814 873 ἔννοιαν
851 827 1158 885 λαμβανοντα
1208 828 1282 870 καὶ
1324 827 1465 878 οὕτως
1505 825 1738 871 όλισθὲντα

59 892 340 944 περιπταῖσαι
369 889 481 944 λίθῳ
508 888 582 930 καὶ
611 892 810 941 τριταῖον
838 889 1103 941 τελευτῆσαι.
1135 883 1248 927 οἷλλοὲ
1277 883 1331 940 δή
1355 888 1495 928 ταῦτα
1523 884 1605 938 μὲν
1634 892 1737 928 πολ-

59 948 139 1002 λῆς
169 945 304 1001 ε’χεται
335 933 569 1001 ζητήσεως·
617 961 689 987 ινα
720 944 766 988 δὲ
795 944 951 1000 μηδὲῗ)
982 943 1153 986 τούτων
1184 941 1365 997 ἄπειρος
1409 957 1632 1000 υπαρχῃς,
1666 941 1738 986 δια

58 1005 192 1046 τοῦτο
225 1003 284 1053 εἰς
314 1005 452 1045 ταῦτα
470 1000 720 1072 κεχώρηκα.

173 1057 345 1114 τυφλὸν
383 1059 429 1102 δὲ
465 1057 564 1102 ὅσοι
598 1063 761 1102 τοῦτον
801 1055 1113 1126 ἀπεφήναντο,
1163 1051 1292 1098 αὐτοί
1327 1071 1404 1110 μοι
1446 1057 1630 1099 δοκοῦσι
1658 1055 1738 1125 τῂν

59 1114 266 1159 διάνοιαν
300 1118 670 1172 πεπηρῶσθαι8)·
713 1118 908 1158 τοσαῦτα
947 1113 1033 1170 γαρ
1084 1115 1304 1163 κατεῖδεν,
1357 1112 1440 1156 ὅσα
1478 1111 1625 1163 οὐδεὶς
1665 1112 1737 1156 ἄν·

57 1177 242 1242 θρωπος
268 1174 457 1217 πώποτε.
490 1173 572 1216 εἰσὶ
604 1174 651 1216 δὲ
675 1174 833 1222 οἵτινες
859 1169 1044 1222 ἀνεψιὸν
1074 1168 1212 1214 αὐτόν
1237 1169 1450 1214 Ησιόδου
1470 1169 1737 1224 παρέδοσαν,

60 1228 266 1301 ἀτριβεῖς
296 1228 419 1281 ὄντες
458 1230 698 1282 ποιήσεως·
741 1233 956 1272 τοσοῦτον
994 1244 1079 1284 γαρ
1112 1225 1325 1282 απέχουσι
1363 1230 1426 1284 τῷ
1454 1226 1570 1281 γένει
1603 1239 1736 1281 προσ-

56 1286 204 1344 ήκειν,
241 1287 350 1331 ὅσον
392 1287 419 1344 ἡ
457 1290 632 1343 ποίησις
670 1287 893 1358 διέστηςιεν
930 1285 1090 1329 αὐτῶν.
1122 1283 1264 1335 α’λλως
1304 1284 1351 1327 δὲ
1382 1273 1486 1328 ου’δὲ
1517 1289 1609 1336 τοῖς
1636 1283 1737 1339 χρό-

56 1360 154 1394 νοις
203 1347 507 1400 συνεπέβαλον
554 1343 773 1399 αλλήλοις.
813 1343 964 1387 ἄθλιοι
1012 1344 1059 1387 δὲ
1097 1343 1141 1385 οἱ
1177 1341 1228 1385 τὸ
1270 1343 1452 1398 αἴνιγμα
1493 1341 1738 1393 πλάσαντες

57 1404 188 1443 τοῦτο
201 1402 264 1457 ι3)·

168 1456 422 1526 ᾙσίοδος
455 1453 731 1507 Μούσαις
754 1454 1085 1499 Ελικωνίσι
1115 1451 1271 1497 τόνδ’
1304 1452 1564 1512 ἀνέθηκε,

170 1512 323 1582 ύμνῳ
362 1512 600 1568 νικήσας
628 1512 686 1555 ἐν
716 1513 959 1556 Χαλκίδι
992 1509 1149 1554 δῖον’
1148 1509 1407 1567 Όμηρον.

55 1568 164 1613 α’λλὰ
191 1586 278 1624 γαρ
310 1569 623 1626 ἐπλανήθησαν
653 1568 701 1613 ἐκ
728 1574 819 1613 τῶν
843 1568 1110 1612 Ησιοδείων
1133 1566 1359 1624 Ημερῶν·
1398 1567 1551 1623 ἕτερον
1580 1567 1664 1625 γάρ
1694 1585 1736 1613 τι

58 1628 275 1685 σημαίνει.

169 1689 262 1735 τοῖς
292 1684 339 1727 δὲ
371 1681 550 1739 χρόνοις
580 1680 720 1728 αὑτὸν
749 1686 793 1728 οἱ
821 1683 902 1739 μὲν
931 1684 1032 1738 περὶ
1062 1682 1143 1726 τόν
1169 1680 1457 1752 Ἀρίσταρχόν
1488 1693 1598 1738 φασι
1605 1682 1734 1753 γενέ-

58 1745 165 1786 σθαι
202 1740 314 1785 κατὰ
354 1740 435 1797 τήν
472 1744 549 1797 τῆς
584 1740 749 1793 Ἰωνίας
789 1740 1030 1790 ἀποικίαν,
1061 1740 1156 1797 ἥτις
1185 1738 1362 1793 υστερεῖ
1387 1743 1464 1795 τῆς
1493 1743 1585 1783 τῶν
1605 1737 1733 1796 ’-Ηρα

55 1859 218 1891 novatum
252 1856 380 1890 dicitur
422 1855 459 1890 in
494 1856 702 1890 recitatione
736 1857 872 1903 (neque

52 1903 144 1937 enim
177 1902 308 1959 scripto
340 1915 417 1937 eum
451 1903 638 1948 exemplari
676 1915 769 1938 usum
796 1915 873 1937 esse

55 1949 239 1993 legimus),
264 1948 306 1984 τὸ
330 1949 368 1991 ἐξ
390 1947 582 2003 ὑποβολῆς
606 1949 874 1994 ῥαψῳδεῖσθαι

59 1995 141 2039 (vid.
166 1995 377 2029 Dieuchides
397 2007 452 2040 ap.
472 1995 574 2039 Diog.
602 1996 718 2030 Laert.
741 2000 772 2038 1,
784 1999 872 2041 57.‚)

52 2052 125 2086 qua
151 2041 285 2075 ratione
310 2041 409 2075 festis
435 2042 569 2084 diebus,
597 2042 753 2087 inprimis
780 2044 872 2078 Pan-

54 2088 329 2129 athenaeorum‚
366 2093 484 2133 partes
522 2089 706 2122 carminum
743 2090 872 2124 Home—

54 2132 206 2168 ricorum
231 2133 521 2168 distribuerentur
543 2134 701 2179 pluribus
724 2137 872 2182 rhapso—

54 2179 130 2220 dis,
165 2184 205 2213 ut
237 2180 304 2214 alio
338 2180 440 2214 alium
473 2181 668 2225 excipiente
700 2189 872 2228 perpetua

56 2226 303 2280 commodaque
327 2227 526 2261 efficeretur
554 2226 682 2273 ῥαφή,
715 2229 752 2262 id
778 2230 870 2273 ejus—

55 2271 149 2306 modi
183 2276 259 2314 est,
295 2277 334 2307 ut
369 2285 444 2307 eum
476 2275 670 2319 rhapsodos
705 2286 774 2309 non
800 2277 869 2320 pri-

56 2329 144 2352 mum
176 2319 379 2353 invitavisse
412 2321 586 2363 Athenas,
621 2321 683 2355 sed
716 2321 750 2355 in
787 2334 869 2356 con-

55 2365 236 2399 suetudine
265 2370 399 2400 tantum
431 2378 550 2401 eorum
593 2368 724 2413 aliquid
759 2373 869 2402 muta-

58 2411 151 2445 visse
172 2417 354 2466 appareat.
378 2433 425 2438 —
449 2413 528 2447 dein
554 2425 621 2447 vox
647 2415 752 2448 totius
779 2414 870 2449 anti-

56 2457 200 2501 quitatis
238 2463 414 2502 testatur,
458 2460 679 2494 Pisistratum
718 2461 870 2496 carmina

55 2503 200 2538 Homeri
224 2505 369 2550 primum
405 2507 628 2550 consignasse
659 2507 808 2548 litteris,
834 2512 870 2541 et

52 2548 91 2583 in
114 2561 192 2584 eum
215 2551 369 2586 ordinem
392 2553 589 2597 redegisse,
614 2565 681 2598 quo
705 2565 794 2588 nunc
817 2554 868 2587 le-

53 2600 191 2640 guntur.
216 2597 298 2631 vide
323 2598 397 2632 Cic.
423 2599 466 2632 de
492 2600 593 2634 Orat.
618 2602 653 2641 3,
679 2600 752 2642 34„
777 2603 866 2633 Pau-

53 2652 127 2676 san.
152 2644 187 2685 7,
207 2645 264 2678 26.
285 2649 352 2679 etc.
376 2646 412 2678 E
443 2646 560 2689 lVolfii
591 2646 757 2692 Prolegg.
790 2648 866 2680 Ho—

216 2691 296 2725 139.
317 2702 355 2725 se

50 2699 138 2777 ¹¹⁸7)
161 2701 343 2781 gerperam
358 2703 471 2772 qliibri.
493 2736 597 2784 μήτε.

101 2781 142 2825 8)
165 2787 267 2817 acute
289 2783 418 2818 dictum
443 2796 520 2819 esse
550 2789 666 2820 monet
690 2785 868 2830 Heyneus‚

52 2828 248 2869 caemfire,
276 2829 475 2884 quicunque
507 2832 691 2866 Homerum
730 2843 868 2866 caecum

52 2872 160 2906 flasse
201 2875 430 2919 prodiderint.
488 2878 634 2912 Hesiodi
676 2878 868 2933 patruelem

53 2918 193 2954 dixerat
224 2921 408 2966 Ephorus,
444 2925 628 2959 secundum
657 2925 762 2959 vitam
788 2925 862 2958 Ho-

53 2965 150 3007 meri,
173 2978 280 3011 quae
272 2967 476 3005 Plutarcho
499 2970 681 3012 tribuitur,
709 2976 750 3005 ut
773 2970 863 3005 idem

52 3012 241 3048 asmotavit.

966 1857 1006 1901 9)
1031 1856 1154 1891 merito
1178 1855 1294 1900 Heyn.
1319 1853 1488 1895 miratur,
1523 1852 1734 1900 ἐπίγραμμα

919 1902 989 1937 dici
1013 1904 1175 1947 ainchua
1208 1902 1307 1936 nobis
1342 1915 1403 1936 και
1437 1901 1611 1936 excidisse
1634 1902 1733 1935 vide—

918 1954 976 1983 tur
1012 1956 1090 1995 post
1124 1947 1350 1989 πλάσαντες,
1386 1948 1603 1993 intelligique
1636 1949 1731 1993 puti-

919 1996 996 2029 dum
1022 1996 1114 2030 istud
1140 1995 1298 2040 aenigma
1332 1993 1541 2039 piscatorum
1567 1994 1602 2027 in
1627 2006 1731 2040 supe-

920 2042 1081 2076 rioribus.
1101 2042 1226 2076 deinde
1241 2043 1375 2086 Heyn.:
1400 2066 1423 2082 ‚‚
1415 2041 1654 2085 ‚respuendum
1669 2044 1732 2075 hoc

920 2093 1038 2130 esse,‘
1029 2092 1052 2108 “
1077 2089 1214 2133 inquit,
1248 2093 1436 2132 „tanquam
1461 2087 1574 2121 serius
1597 2087 1730 2131 fictum,

918 2147 1016 2169 nemo
1054 2134 1279 2168 dubitaverit.
1312 2146 1416 2178 egere
1450 2133 1494 2167 de
1517 2133 1580 2168 hoc
1605 2135 1731 2179 passim

917 2181 985 2214 viri
1010 2181 1122 2221 docti,
1157 2181 1259 2214 etiam
1291 2179 1326 2213 in
1360 2179 1506 2214 Hesiodi
1531 2181 1626 2222 vita;
1652 2180 1732 2215 vide

918 2228 972 2261 vel
997 2227 1186 2262 Robinsoni
1212 2227 1294 2260 diss.
1331 2226 1443 2272 potuit
1471 2231 1584 2260 tamen
1618 2226 1732 2272 tripus

917 2274 952 2307 in
978 2274 1148 2308 Helicone
1174 2273 1306 2318 positus
1332 2284 1427 2312 esse,
1453 2272 1512 2316 qui
1538 2273 1584 2307 ad
1607 2273 1730 2308 Hesio

918 2321 996 2354 dum
1022 2321 1225 2354 referretur.
1239 2340 1283 2344 —
1306 2319 1429 2352 locus'
1421 2330 1455 2352 1n
1471 2317 1636 2354 Hesiodi'
1636 2316 1730 2364 ’.Εργ

918 2372 972 2400 est
995 2366 1114 2402 654-
1126 2369 1204 2402 658.
1218 2369 1241 2385 “
1267 2377 1357 2410 quae
1381 2365 1482 2410 paulo
1503 2370 1582 2411 post
1606 2365 1648 2400 de
1674 2379 1730 2400 re·-

916 2424 990 2446 rum
1015 2412 1118 2458 copia
1142 2414 1292 2447 Homero
1320 2423 1361 2445 ex
1393 2411 1729 2456 peregrinationibus

916 2459 1083 2493 affluente
1117 2459 1372 2503 subjiciuntur,
1414 2457 1469 2491 vir
1511 2458 1729 2492 doctissimus

916 2517 983 2538 non
1002 2506 1112 2549 magis
1137 2506 1261 2555 probat
1279 2516 1378 2549 quam
1399 2504 1496 2546 istos,
1521 2504 1578 2549 qui
1600 2505 1728 2539 Home-

915 2563 989 2586 rum
1024 2553 1198 2585 finxerunt
1232 2549 1391 2595 αλήτην,
1428 2550 1459 2584 si
1497 2550 1563 2584 diis
1600 2551 1727 2596 placet,

914 2598 1007 2657 stipe
1021 2598 1166 2632 collecta
1177 2609 1215 2632 se
1232 2602 1493 2631 sustentantem.
1515 2597 1613 2640 (vide
1626 2597 1724 2631 Suid

916 2656 949 2678 v.
966 2643 1170 2688 “’.Ομηρος)
1205 2650 1241 2678 et
1274 2645 1336 2677 hos
1364 2649 1402 2677 et
1431 2644 1529 2687 illos,
1560 2655 1648 2688 quos
1672 2656 1726 2677 se-

914 2691 1034 2735 quitur
1058 2692 1224 2732 Proclus,
1259 2690 1317 2724 vel
1339 2690 1498 2735 quisquis
1528 2691 1616 2724 haec
1639 2691 1726 2723 scri-

915 2738 1002 2782 psit,
1039 2748 1109 2771 rem
1141 2750 1185 2771 ex
1220 2737 1276 2770 sui
1306 2736 1471 2781 temporis
1503 2748 1597 2771 more
1628 2748 1726 2781 quam

914 2783 1090 2818 Homerici
1132 2783 1315 2818 aestimare
1352 2794 1393 2817 ac
1430 2783 1623 2827 dijudicare
1654 2794 1726 2816 ma-

912 2830 1020 2864 luisse
1044 2829 1106 2872 ait,
1129 2830 1341 2864 immemores
1364 2829 1503 2875 priscae
1521 2829 1626 2870 vitae,
1650 2840 1725 2863 cum

915 2875 1042 2912 οἷοιδοὶ
1078 2877 1224 2910 adibant
1256 2876 1361 2910 urbes
1400 2879 1587 2920 coetusque
1618 2875 1725 2909 homi-

911 2935 1010 2965 num,
1036 2927 1080 2957 et.
1095 2923 1139 2956 ab
1163 2922 1207 2956 iis
1241 2922 1394 2968 hospitio
1429 2922 1567 2966 excepti
1598 2921 1724 2956 invita-

911 2971 1059 3010 bantur,
1085 2972 1124 3004 ut
1148 2968 1301 3004 carmina
1323 2980 1385 3004 sua
1409 2968 1607 3003 recitarent.

1376 3058 1446 3101 1*
