1811 3269
592 160 1019 203 ΙΛΙΑΔΟΣ
1075 160 1110 199 Ι.
1633 163 1687 203 19

4 253 7 301 ¹
194 272 298 318 οὐδέ
326 288 403 316 κεν
432 268 639 326 ἀκτήμων
669 268 880 339 ἐριτίμοιο
912 272 1108 324 χρυσοῖο,

4 343 6 347 ’
193 329 291 375 ὅσσ’
316 327 637 399 Ἀγαμέμνονος
673 327 799 370 ι’πποι
827 324 984 369 ἀέθλια
1011 324 1171 368 ποσσὶν
1199 323 1371 378 ἄροντο.

81 395 164 434 270
195 386 324 431 δώσει
357 383 398 428 δ’
432 383 537 427 ἑπτα
563 388 784 454 γυναῖκας
813 380 1033 453 ἀμύμονα
1053 379 1146 437 ἔργ’
1180 382 1345 431 εἰδυίας

191 443 424 512 Λεσβίδας,
455 439 526 491 ἃς,
558 441 629 484 ὅτε
658 439 833 495 Λέσβον
863 439 1118 494 ἐϋκτιμένην
1147 437 1239 487 ε’λες
1270 436 1415 487 αὐτός,

191 496 368 551 ἐξέλεθ’,
400 500 446 541 αἳ
474 497 570 540 τότε
605 498 752 540 κάλλει
778 496 938 539 ἐνίκων
967 499 1089 550 φῦλα
1118 498 1356 566 γυναικῶν.

189 555 266 606 τάς
296 554 374 610 μέν
403 571 471 596 τοι
501 554 654 605 δώσει,
684 552 789 607 μετά
821 551 865 595 6'
897 551 1089 601 ἔσσεται,
1120 550 1195 620 ἢν,
1205 549 1294 594 τότ’
1323 549 1502 606 ἀπηύρα

191 611 361 666 κούρην
391 615 600 679 Βρισῆος,
632 610 706 653 καὶ
738 610 806 652 ἐπὶ
836 607 972 678 μέγαν
1003 607 1142 662 ὅρκον
1172 606 1351 662 ὀμεῖται,

78 672 161 716 275
192 668 355 739 μήποτε
386 672 458 723 τῆς
489 665 617 722 εὐνῆς
648 666 904 735 ἐπιβήμεναι
932 663 1009 719 ήδὲ
1038 668 1228 719 μιγῆναι,

191 724 220 781 ἢ
247 725 375 780 θέμις
391 724 540 794 ἐστὶν,
573 724 704 775 ἅναξ,
734 721 786 777 ἤτ
841 721 1019 776 ἀνδρῶν
1049 720 1122 777 ἤτε
1151 725 1390 775 γυναικῶν.

190 786 328 825 ταῦτα
358 781 436 836 μὲν
467 779 624 823 αὐτίκα
653 780 796 823 πάντα
824 778 1107 831 παρέσσεται·
1139 778 1176 819 εἰ
1207 776 1254 819 δέ
1284 793 1360 820 κεν
1392 774 1497 820 αὖτε

190 838 300 882 ἄστυ
331 837 439 893 μέγα
471 836 694 892 Πριάμοιο
725 836 824 879 θεοὶ
854 834 999 878 6oe'co6'
1031 832 1263 885 ἀλαπάξαι,

189 899 276 950 νῆα
306 894 403 945 ἅλις
430 897 599 965 χρυσοῦ
629 894 702 936 καὶ
728 896 893 963 χαλκοῦ
922 890 1174 962 νηήσασθαι

77 958 162 998 280
193 951 425 1001 εἰσελθών,
455 950 527 994 ὅτε
556 967 632 994 κεν
664 949 919 1004 δατεώμεθα
949 947 1066 1017 ληίδ’
1098 946 1270 1002 Ἀχαιοί.

198 1006 435 1078 Τρωϊάδας
459 1009 504 1050 δὲ
533 1012 746 1077 γυναῖκας
777 1007 962 1049 ἐείκοσιν
993 1002 1125 1054 αὐτὸς
1144 1003 1346 1075 ἑλέσθαι,

193 1066 243 1107 αι’
265 1080 313 1107 κε
343 1062 435 1134 μετ’
463 1063 657 1119 Ἀργείην
681 1061 857 1134 Ελένην
886 1062 1109 1105 κάλλισται
1142 1060 1283 1103 έ’.ωσιν

191 1122 227 1164 εἰ
257 1120 303 1164 δέ
333 1137 408 1164 κεν
424 1119 586 1175 ’Ἄργος
617 1117 807 1175 ικοίμεθ’
836 1118 1069 1188 Ἀχαιϊκὸν,
1103 1111 1250 1170 οὖθαρ
1283 1114 1490 1171 ἀρούρης,

189 1176 387 1248 γαμβρός
416 1176 490 1220 κέν
521 1179 565 1220 οἱ
594 1177 706 1227 έόις·
738 1178 846 1219 τίσει
878 1174 924 1217 δέ
955 1187 1001 1218 σε
1032 1179 1131 1216 ισον
1157 1171 1350 1229 Ὀρέστῃ,

77 1237 161 1279 285
192 1234 241 1285 ὅς
278 1251 321 1277 οι
353 1234 586 1290 τηλύγετος
615 1231 819 1288 τρέφεται
847 1233 980 1288 θαλίη
1013 1231 1077 1274 ἔνι
1105 1233 1259 1286 πολλη.

191 1296 306 1345 τρεῖς
337 1291 382 1334 δέ
414 1292 460 1333 οί
485 1292 566 1334 εἰσι
596 1292 814 1345 θύγατρες
839 1289 903 1331 ένὶ
929 1287 1105 1360 μεγάρῳ
1139 1285 1354 1344 εὐπήκτῳ,

192 1347 475 1402 Χρυσόθεμις
505 1347 579 1390 καὶ
609 1349 806 1402 Λαοδίκη
837 1347 911 1388 καὶ
936 1344 1215 1413 Ἰφιάνασσα·

2 1321 5 1451 ι
161 1404 309 1447 *τάων
342 1403 395 1465 ἦν
426 1403 470 1447 κ’
503 1404 746 1473 ἐθέλῃσθα,
778 1405 914 1473 φίλην
941 1401 1157 1444 ἀνάεδνον
1188 1399 1376 1467 α’γεσθαι

2 1454 5 1534 Ι
192 1460 303 1514 πρὸς
334 1477 460 1504 οικον
492 1464 689 1515 Πηλῆος·
723 1459 746 1503 6
779 1457 823 1503 6'
856 1457 955 1501 αὕτ’
989 1459 1057 1501 ἐπὶ
1087 1458 1228 1512 μείλια
1261 1456 1390 1499 δωσει

80 1523 162 1564 290
192 1516 332 1561 πολλὰ
362 1515 483 1571 μάλ’,
517 1517 614 1560 ὅσσ’
647 1516 771 1560 οὔπω
802 1532 867 1566 τις
896 1515 946 1572 ἑῇ
975 1515 1162 1557 ἐπέδωκε
1192 1514 1393 1568 θυγατρί.

193 1574 299 1618 ἑπτα
329 1575 375 1617 δέ
408 1590 476 1616 τοι
507 1574 637 1617 δώσει
668 1571 930 1628 εὐναιόμενα
959 1573 1211 1625 πτολίεθρα,

190 1630 517 1700 Καρδαμύλην,
547 1629 735 1701 Ἐνόπην
762 1645 829 1679 τε,
865 1630 936 1672 καὶ
964 1627 1080 1683 Ἰρην
1109 1626 1363 1683 ποιήεσσαν,

192 1686 344 1757 Φηράς
373 1703 418 1730 τε
449 1686 630 1740 ζαθέας,
663 1685 735 1743 ηδ’
755 1665 966 1728 ’Ἀνθειαν
996 1684 1284 1754 βαθύλειμον,

192 1742 334 1799 καλήν
363 1743 404 1787 τ’
436 1745 647 1796 Αἴπειαν,
678 1743 753 1786 καὶ
785 1741 1008 1810 Πήδασον
1027 1740 1340 1807 ἀμπελόεσσαν.

78 1803 162 1845 295
191 1805 329 1844 πᾶσαι
360 1798 401 1843 δ’
435 1801 563 1856 ἐγγύς
592 1799 721 1852 ἁλὸς,
751 1801 904 1842 νέαται
935 1798 1095 1842 Πύλου
1123 1796 1419 1852 η’μαθόεντος·

191 1858 240 1901 ἐν
270 1855 312 1900 6'
345 1856 500 1910 ἄνδρες
529 1859 708 1900 ναίουσι
737 1857 1033 1925 πολύρρηνες,
1067 1857 1354 1910 πολυβοῦται,

195 1915 243 1957 οἴ
268 1913 316 1957 κε’
348 1925 395 1957 σε
412 1915 632 1984 δωτίνῃσι
661 1912 769 1956 θεὸν
800 1911 859 1962 ὡς
889 1913 1133 1968 τιμήσουσι,

191 1971 267 2015 καί
298 1987 369 2013 τοι
396 1969 484 2013 υπὸ
516 1970 722 2026 σκήπτρῳ
753 1969 939 2021 λιπαράς
969 1969 1164 2011 τελέουσι
1193 1965 1412 2022 θέμιστας

193 2028 330 2072 ταῦτά
359 2027 407 2070 κέ
438 2044 507 2070 τοι
536 2027 716 2070 τελέσειε
746 2024 1057 2096 μεταλλήξαντι
1086 2024 1247 2092 χόλοιο.

78 2087 163 2129 300
194 2086 230 2128 εἰ
264 2084 311 2127 δέ
340 2100 408 2127 τοι
432 2081 646 2139 Ἀτρείδης
676 2082 755 2138 μὲν
791 2081 1011 2137 ἀπήχθετο
1041 2080 1205 2137 κηρόθι
1236 2082 1420 2134 μᾶλλον,

195 2138 328 2191 αὐτὸς
362 2141 436 2184 καὶ
467 2145 547 2184 τοῦ
580 2143 718 2195 δῶρα,
746 2140 802 2183 σύ
835 2139 879 2183 6'
913 2138 1075 2190 ἄλλους
1104 2154 1184 2193 περ
1218 2134 1504 2206 Παναχαιοὺς

192 2196 483 2258 τειρομένους
506 2198 670 2251 ἐλέαιρε
699 2197 810 2240 κατὰ
842 2195 1133 2249 στρατὸν,οι
1159 2206 1206 2238 σε
1236 2192 1345 2263 θεόν
1376 2191 1436 2243 ὡς

195 2253 370 2298 τίσουσ’
452 2258 481 2327 ἡ
512 2253 596 2309 γάρ
630 2254 678 2298 κέ
710 2266 791 2308 σφι
821 2253 937 2309 μάλα
969 2253 1079 2323 μέγα
1108 2254 1245 2302 κῦδος
1276 2249 1421 2306 α’ροιο.

194 2315 280 2354 νῦν
308 2309 412 2383 γάρ,
423 2310 464 2367 χ’
485 2309 662 2365 Ἐκτορ’
695 2310 832 2362 ἕλοις,
864 2311 952 2378 ἐπει
984 2309 1039 2353 ἄν
1068 2309 1187 2365 μάλα
1215 2325 1285 2351 τοι
1315 2304 1470 2362 σχεδὸν
1509 2305 1645 2358 ἔλθοι,

83 2370 167 2413 305
197 2367 366 2412 λύσσαν
398 2368 507 2424 ἔχων
538 2367 696 2424 ὀλοὴν,
728 2367 816 2410 ἐπεὶ
849 2366 1005 2410 οὔτινά
1035 2379 1171 2439 φησιν
1207 2365 1368 2421 ὁμοῖον

199 2422 244 2470 οἷ
272 2424 421 2478 ἔμεναι
452 2428 670 2475 Δαναων,
702 2422 781 2474 οὓς
811 2423 971 2467 ἐνθάδε
1002 2428 1103 2480 νῆες
1134 2424 1331 2466 ἔνεικαν.ι

285 2482 375 2525 Τὸν
406 2481 448 2526 δ’
482 2456 832 2537 ἀπαμειβόμενος
861 2481 1062 2553 προσέφη
1093 2480 1233 2530 πόδας
1264 2476 1381 2529 ὠκύς
1406 2474 1642 2531 Ἀχιλλεύς·

201 2539 439 2609 ,,Διογενες
467 2539 738 2593 Λαερτιάδη,
771 2537 1053 2592 πολυμήχαν’
1083 2535 1309 2587 Ὀδυσσεῦ,

199 2594 279 2652 χρὴ
310 2596 390 2652 μὲν
421 2595 474 2652 δὴ
505 2595 584 2640 τὸν
613 2599 765 2651 μῦθον
795 2594 1042 2651 ἀπηλεγέως
1073 2592 1313 2642 ἀποειπεῖν,

2 2696 5 2730 Ι

74 2696 201 2731 301—
213 2699 294 2734 309.
342 2701 525 2742 Παναχ.
557 2697 602 2743 β’,
628 2697 709 2733 404.
743 2717 788 2722 —
815 2693 844 2754 ἦ
892 2694 1183 2743 ἀπηλεγέως.
1215 2691 1534 2738 ἀπολελεγμένως,
1559 2688 1703 2726 mmd-

30 2754 188 2785 αροιο.
227 2744 280 2777 sic
304 2744 349 2786 δ’,
375 2747 451 2780 95.=
487 2745 579 2780 πᾶσι
604 2745 644 2780 δέ
668 2757 707 2779 κε
737 2742 844 2800 Tpm'-
889 2756 979 2788 μως.
1005 2745 1070 2789 Ap.
1119 2743 1260 2788 proprie
1284 2742 1372 2774 m'hil
1391 2739 1564 2778 curando,
1591 2749 1703 2782 neque

31 2798 111 2823 εσσι
135 2787 240 2832 χάριν
263 2790 325 2825 καὶ
347 2793 464 2831 κῦδος
487 2790 609 2835 ἄροιο,
634 2792 668 2824 h.
688 2803 716 2824 e.
740 2803 843 2834 παρα
890 2791 994 2824 ullius
1017 2790 1068 2823 rei
1091 2795 1151 2824 aut
1175 2799 1342 2834 personae
1373 2790 1536 2829 respectu
1571 2784 1703 2825 habito,

31 2832 206 2876 πάντων,
239 2835 277 2871 ἐκ
307 2837 481 2879 πάντων,
517 2844 556 2872 ut
591 2837 845 2871 animadverte·
891 2837 923 2870 h.
949 2849 979 2871 e
1005 2836 1128 2881 plane,
1153 2840 1284 2880 aperte.
1343 2831 1556 2876 ἀπηλεγεῖν,
1588 2830 1704 2874 negli-

30 2885 114 2914 runt
138 2881 266 2915 Scholl.
269 2881 386 2937 Lips.
412 2889 447 2918 et
471 2863 564 2919 ’Vict.
589 2882 666 2926 ,,’,π
691 2882 769 2918 84.
795 2880 846 2922 ὠς
889 2893 987 2926 gere,
1011 2882 1099 2915 dixit
1118 2861 1234 2938 Apoll.
1258 2879 1370 2913 Rhod.
1395 2881 1430 2920 2,
1451 2878 1507 2911 17.
1540 2887 1608 2910 vox
1622 2887 1704 2909 con-

32 2939 82 2960 ⁰²²³
105 2939 169 2968 μοι
193 2925 303 2982 τιμὴν
327 2930 486 2975 μεγάλην
511 2931 571 2965 καὶ
596 2931 711 2970 κῦδος
735 2925 843 2973 ὅὲροιο
890 2929 976 2963 flata
1002 2939 1044 2961 ex
1068 2925 1142 2962 ἀπὸ
1170 2926 1331 2970 negativo
1356 2929 1391 2958 et
1416 2921 1566 2967 ἀλέγειν.
1609 2934 1641 2956 v.
1670 2921 1705 2955 H

3 2993 7 3122 ξ
33 2971 137 3017 Πρὸς
159 2972 311 3009 πάντων
324 2979 510 3012 Aoevmfivf
513 2978 568 3010 ‘E
586 2978 629 3010 K.
649 2996 684 3001 —
703 2974 847 3017 ἕλοις,
893 2979 929 3009 et
950 2974 1057 3008 Schn.
1094 2974 1332 3019 supplemento
1364 2970 1468 3004 lexici
1499 2980 1552 3013 gr.
1585 2979 1622 3014 p.
1645 2968 1704 3004 31.

33 3019 257 3064 interfeceris.
280 3039 326 3046 ·—
352 3036 381 3067 φ
393 3036 414 3068 η
429 3035 448 3058 σ
460 3023 472 3059 ὶ
482 3037 526 3065 v,
549 3023 647 3065 dicit,
671 3027 787 3066 putat.
801 3040 846 3046 —
893 3041 939 3046 —
975 3019 1000 3056 ἀ
1010 3031 1037 3054 π
1049 3032 1070 3056 ο
1081 3032 1157 3056 ειπ
1171 3032 1187 3056 ε
1201 3023 1265 3060 ἵν,
1308 3017 1432 3105 εῑοὲιιιὲ-
1492 3015 1619 3060 Odyss-
1655 3027 1680 3049 α
1694 3040 1703 3057 ,
