1811 3269
123 145 188 183 60.

180 255 265 298 350
294 254 393 298 θίν’
422 253 502 312 ἔφ’

769 149 1161 193 ΟΜΗΡΟΥ

491 134 901 328 'hol-2259,
876 257 1025 330 ὁρόων
1052 262 1122 306 ἐπὶ
1152 264 1313 307 οἴνοπα
1340 263 1521 334 πόντον,

293 313 433 355 πολλὰ
463 313 510 356 δὲ
539 313 675 383 μητρὶ
701 314 808 386 φίλῃ
839 312 1056 386 ἠρήσατο,
1072 323 1231 375 χεῖρας
1250 319 1471 376 ὀρεγνύς·

349 372 555 425 ,,Μῆτερ,
585 369 677 412 ε’πεί
703 386 734 424 μ
780 372 918 423 ετεκές
946 390 994 428 γε
1024 376 1324 430 μινυνθάδιόν
1353 393 1433 432 περ
1461 378 1605 431 εόντα,

293 426 424 494 τιμῄν
452 426 534 478 πέρ
563 442 639 480 μοι
669 423 890 480 ὅφελλεν’
901 394 1127 500 Ολύμπιος
1153 433 1402 488 ἐγγυαλίξαι

296 481 407 531 Ζευς
431 481 744 554 vwgfioeufi'we·
767 488 858 530 νῦν
887 484 932 529 δ’
963 485 1043 530 οὐδ
1047 489 1065 531 ε’
1096 503 1148 543 με
1177 490 1340 534 τυτθὸν
1369 490 1519 535 ε’τισεν.

177 543 262 584 355
292 540 319 592 ἡ
349 536 433 592 γάρ
464 537 514 593 μ’
542 537 761 609 Ἀτρείδης
790 539 1060 595 εὐρυκρείων
1087 543 1366 616 Ἀγαμέμνων

291 594 523 665 ἠτίμησεν·
555 594 669 639 ἔλων
696 597 780 652 γὰρ
812 598 895 653 ε’χει
923 597 1066 672 γέρας
1085 601 1214 653 αὐτὸς
1245 601 1482 656 απούρας.
1466 608 1491 630 “

335 650 428 701 “529
457 650 597 723 φάτο
592 655 883 723 δακρυχέων·
911 661 1015 701 τοῦ
1025 656 1066 702 δ’
1088 658 1222 702 ἔκλυε
1251 658 1410 703 πότνια
1435 661 1593 717 μήτηρ,

289 706 428 764 ἡμένη
453 710 505 781 ἐν
535 709 769 780 βένθεσσιν
797 709 902 762 ἁλὸς
931 717 1059 785 παρὰ
1078 716 1210 770 πατρὶ
1230 715 1426 787 γέροντι
1464 766 1466 768 v
1621 734 1625 738 ’

287 766 569 822 καρπαλίμως
599 763 643 810 δ’
678 766 812 851 ανέδυ
845 772 1000 825 πολιῆς
1030 769 1162 825 ἁλὸς,
1191 771 1293 866 ἠΰτ’
1326 771 1494 845 ὀμίχλη,

114 878 311 935 παροιμία
311 878 439 934 φησὶν
479 876 666 924 arcaea}
699 880 740 915 6’
768 880 930 926 6916«—

115 937 137 958 κ
149 937 168 966 ρ
182 937 204 958 ν
215 937 231 959 ε
246 938 262 964 ς
295 923 319 960 ἄ
331 928 382 960 νδ
393 939 413 970 ρ
425 938 440 961 ε
453 939 481 966 9.
519 926 716 969 (Plutonem
741 927 929 967 illacrima-

114 971 217 1004 bitem
243 971 333 1005 dixit
357 973 480 1013 Horat.
509 973 580 1007 Od.
598 973 643 1013 ΙΙ,
667 973 722 1014 14,
739 976 791 1029 6.)
808 971 930 1020 ’.Αχιλλ

113 1011 202 1051 οὖν’
228 1015 398 1054 ἐνταῦθα
434 1020 500 1062 τῆς
534 1019 738 1061 Βρισηΐδος
771 1019 930 1066 ἀφαιρε-

111 1063 207 1103 θεὶς·
220 1063 391 1106 δακρύει,
417 1066 480 1100 καὶ
504 1062 597 1108 μετ’
615 1063 744 1110 ὀλίγα
755 1069 929 1112 δακρυ-

112 1123 134 1154 χ
147 1109 163 1144 ε’
176 1124 236 1144 ων
258 1114 498 1153 προκαλεῖται
523 1112 590 1156 τήν
597 1114 747 1170 μητέρα
765 1116 823 1149 καὶ
852 1118 928 1172 βα-

115 1157 455 1201 ρυστενόχων·
488 1159 550 1193 καὶ
588 1164 627 1193 ἐν
650 1164 737 1200 τοῖς
770 1161 852 1205 ἑξῆς
886 1160 926 1196 δὲ

113 1201 170 1247 (ι’,
196 1201 306 1248 14.“)
291 1218 310 1239 o
332 1202 447 1264 Ἀζαμ
475 1203 554 1239 οἶα
577 1203 728 1250 κρήνη
753 1206 937 1250 paldw-

112 1251 234 1293 v69o
251 1265 268 1308 ς
292 1251 427 1307 προρρε
424 1252 462 1286 ἐι
496 1250 542 1285 τοὶ
567 1252 731 1295 δάκρυα·
771 1255 842 1307 (cf.
874 1253 924 1295 π’,

112 1296 167 1349 3)
203 1298 265 1331 καὶ
293 1296 313 1332 6
341 1297 556 1341 Πάτροκλος
590 1299 629 1332 δέ
660 1312 733 1334 που
768 1298 837 1342 (π’,
869 1302 922 1344 7.)

109 1355 187 1382 ως
197 1342 330 1388 κόρη
346 1346 499 1399 νηπία
521 1343 670 1399 δακρίε
673 1360 705 1386 ι,
732 1354 792 1380 και
818 1344 923 1381 ἄλλοι

113 1386 156 1423 δὲ
181 1391 309 1425 πολλοὶ
343 1391 416 1424 τῶν
450 1388 585 1433 ἡρώων
609 1390 722 1432 ὅμοιά
744 1405 828 1426 τινα
852 1391 922 1427 πά-

113 1446 254 1478 σχουσι.
278 1437 349 1480 (cf.
374 1435 419 1482 η’,
439 1438 528 1477 426,
552 1435 595 1477 κ’,
615 1438 698 1478 377,
725 1438 849 1487 Odjss.
876 1438 923 1480 6¹,

113 1483 194 1517 195.
213 1484 391 1527 sequ.)———
417 1481 463 1517 οὐ
488 1482 556 1525 γάρ
581 1482 736 1528 ἀπαθὴς
761 1490 780 1519 6
808 1496 922 1519 σπου-

111 1529 222 1567 δαῖος
241 1554 250 1570 ,
292 1528 383 1564 ἄλλα
427 1530 694 1573 μετριοπαθής.
738 1529 843 1574 ἀρκεῖ
882 1530 922 1566 δὲ

110 1572 217 1620 αὐτῷ
240 1575 442 1618 (Achilli)
424 1575 492 1633 ότι
519 1589 588 1611 ουκ
611 1575 831 1632 αντελαβετο
857 1579 924 1621 τῆς

112 1610 337 1678 Βρισηίδος,
372 1622 435 1657 καὶ
472 1618 527 1658 ότι
563 1621 675 1657 οὐδὲν
710 1627 787 1657 εἰπε
824 1624 921 1669 βαρύ

108 1667 206 1710 ’πρὸς
237 1665 346 1707 τοὺς
343 1667 515 1725 κήρυκας
539 1668 629 1716 (qui
655 1676 755 1702 erant
779 1665 922 1724 ἄσυλρι,

108 1715 345 1755 inviolabiles,
369 1716 429 1750 καὶ
454 1715 538 1759 ἐξῆν
563 1718 692 1754 αὐτοῖς
715 1715 923 1760 πανταχόσε

109 1758 233 1800 αδεώς
267 1761 386 1804 ἰέναι,
423 1769 460 1795 ut
495 1762 543 1794 ait
576 1762 622 1794 Ρ
620 1763 699 1795 ›llux
728 1763 760 1795 8.
786 1774 819 1807 p.
844 1765 920 1798 159.

160 1807 361 1841 ·Animadv.
401 1807 437 1840 in
470 1807 585 1841 Feith.
621 1819 653 1851 p.
687 1808 742 1842 84.
754 1808 788 1851 )‚
829 1807 920 1844 ουδὲ

107 1852 276 1896 ἔπραξεν.
305 1855 340 1888 εἰ
363 1852 404 1888 δε
432 1854 606 1897 δακρύει,
631 1853 780 1896 μέτριον
805 1856 918 1891 τοῦτο

106 1900 235 1940 πάθος
266 1901 326 1935 καὶ
359 1900 404 1934 οὔ
429 1900 528 1935 πάνυ
562 1899 799 1944 ἐπίμομφον·
834 1898 853 1937 ὁ
879 1900 920 1936 δὲ

106 1947 171 1982 καὶ
194 1948 306 1981 τοῦτο
332 1948 493 1981 αἰδεῖται
514 1949 654 1990 ποιῶν·
682 1947 741 1981 διὸ
764 1947 826 1982 καὶ
850 1946 921 1982 νό-

108 2005 195 2036 σφι
227 1995 317 2028 τῶν
334 1993 560 2045 ἑταίρων
593 1991 828 2036 ἑζόμενος
854 1996 920 2028 ὀα-

106 2040 211 2082 κρύει
235 2037 294 2075 ὅτι
321 2038 511 2082 ἠτίμωται.
544 2038 590 2074 ον’
622 2039 691 2084 γὰρ
718 2040 920 2084 φιλογύνης

107 2099 131 2122 ο
153 2089 302 2127 νεανίας
336 2087 432 2130 (etsi
466 2086 652 2120 Briseidem
686 2084 820 2140 ἄλοχον
844 2089 917 2121 θυ-

107 2132 226 2189 μαρέα
251 2140 352 2166 vocat
378 2147 414 2176 ι,
438 2134 516 2168 336.
528 2133 566 2175 ),
594 2130 683 2167 cmo}
711 2132 916 2182 φιλότιμος.

108 2186 129 2214 6
155 2180 281 2223 μέντοι
305 2180 407 2222 παρὰ
433 2180 482 2224 τῷ
498 2181 687 2221 Σοφοκλεῖ
710 2180 801 2217 Αἶας
827 2177 915 2214 ουδὲ

107 2226 168 2262 ἐπὶ
193 2231 271 2266 τοῖς
295 2238 475 2270 μεγιστοις
509 2227 581 2259 τῶν
613 2227 734 2260 κακῶν
762 2224 916 2267 ἕδακρυ-

107 2284 192 2308 σεν·
230 2272 392 2315 (videtur
425 2273 542 2306 dicere
565 2272 681 2315 Ajacis
704 2273 810 2317 Soph.
835 2274 915 2308 304.

107 2320 236 2364 seqq.)
269 2317 448 2364 ἐμβριθὴς
479 2317 549 2362 γαρ
576 2317 730 2358 ἐκεῖνος,
766 2318 828 2353 καὶ
852 2331 916 2361 με·-

107 2368 345 2410 γαλόθυμος,
389 2366 451 2400 καὶ
483 2366 618 2406 μανίας
652 2364 764 2408 ἐγγύς.
797 2366 836 2398 E.
871 2365 916 2398 cf.

107 2413 218 2457 Soph.
253 2412 398 2445 Philoct.
423 2413 505 2451 258,
531 2411 618 2443 Oed.
645 2411 689 2444 R.
717 2412 818 2462 1393.
843 2412 916 2444 Xe-

106 2459 210 2503 noph.
229 2459 359 2502 Cyrop.
380 2461 410 2498 1,
435 2459 488 2492 7.:
516 2455 736 2499 ἕδάκρυσεν,
761 2453 914 2500 ὥσπερ

107 2506 244 2544 εἰκός.
270 2516 302 2537 v.
322 2503 464 2547 Lessing
446 2503 492 2536 nii
512 2503 670 2537 Laocoon
691 2515 722 2548 p.
733 2505 764 2541 6,
787 2503 830 2543 K,
843 2505 915 2544 W„

105 2551 165 2595 qui
206 2551 336 2585 refutat
388 2549 696 2593 reprehendentem
741 2549 915 2590 στωικως,

104 2608 199 2632 more
229 2595 478 2636 recentiorum,
512 2597 614 2629 hasce
647 2595 788 2629 Achillis
812 2595 915 2628 lacri-

104 2654 175 2677 mas
200 2643 417 2676 Plutarchum
443 2641 486 2675 de
510 2642 587 2674 aud.
615 2644 722 2696 poett.
749 2653 777 2674 c.
804 2643 836 2676 8.

148 2690 229 2724 350.
263 2691 365 2723 πολ.
402 2688 530 2731 λευκῆς
570 2687 635 2722 διὰ
669 2685 734 2721 τὸν
778 2684 915 2730 αφρόν.

103 2734 184 2769 Sch.
212 2739 352 2779 propter
377 2733 582 2767 albicantem
606 2745 760 2778 spumam
785 2733 912 2766 littori-

103 2783 168 2816 bus
201 2780 283 2814 illisi
314 2778 425 2813 maris.
460 2780 504 2813 cf.
539 2780 584 2813 K
619 2785 740 2813 contra
764 2778 912 2820 πόντος,

102 2827 136 2861 11.
152 2839 183 2861 e.
209 2827 336 2866 altum,
361 2824 490 2858 dicitur
516 2825 652 2867 οινοψ,
677 2825 798 2869 μέλας,
822 2824 913 2860 κυά-

103 2886 208 2914 νεος,
249 2869 484 2915 πορφύρεος,
519 2870 603 2912 ,,ὅτι
635 2870 729 2906 εόικε
763 2870 805 2906 τό
841 2884 912 2905 πα-

102 2920 213 2955 λαιόν
237 2916 257 2954 6
284 2917 387 2957 οἶνος
396 2916 520 2972 μέλας
545 2915 641 2951 εἶναι
664 2916 733 2962 τήν
756 2916 910 2962 χρόαν,“

103 2965 215 3011 inquit
238 2965 290 3006 E,
327 2960 465 3019 ,,μη’πω
490 2964 824 3019 περιεργασαμένης
847 2965 913 3007 τῆς

103 3013 248 3058 τρυφῆς
271 3009 361 3052 τούς
384 3022 421 3046 τε
445 3007 610 3051 λευκοὺς,
635 3010 697 3046 καὶ
714 3023 812 3054 τους
833 3009 910 3055 2416-

978 887 1090 932 ῥρυς,
1115 889 1175 925 καὶ
1190 888 1287 931 τούς
1303 886 1542 932 ἀνθοσμίας.
1549 886 1612 930 καὶ
1631 885 1784 932 βότρυες

979 936 1019 971 δὲ
1039 934 1262 970 oewtmoh'·
1298 936 1483 970 τοιοῦτοι·
1528 931 1610 981 οἷον
1651 933 1783 975 μέλα-

972 994 1050 1023 νες
1076 981 1114 1017 δ’
1138 996 1226 1030 ανα
1253 980 1451 1025 βότρυες
1475 976 1592 1026 ἧσαι
1611 978 1672 1022 (σ’,
1681 980 1782 1024 562.)

977 1034 1043 1062 etc.
1064 1026 1124 1061 de
1130 1028 1210 1062 vino
1228 1030 1327 1072 nigro
1350 1029 1472 1062 Athen.
1485 1039 1520 1071 p.
1539 1029 1595 1062 26.
1617 1027 1657 1068 Β,
1683 1038 1781 1071 quem

975 1075 1106 1109 citavit
1127 1074 1241 1109 Feith.
1280 1087 1314 1128 p.
1339 1076 1441 1110 279³
1481 1070 1783 1117 δυναμικώτατος

972 1121 1045 1166 γαρ
1079 1119 1152 1156 ἔστι
1185 1121 1246 1156 καὶ
1270 1119 1389 1163 μένων
1413 1119 1452 1155 ἐν
1477 1124 1560 1160 ταῖς
1589 1118 1683 1159 ἕξεσι
1708 1120 1782 1154 τῶν

971 1167 1156 1203 πινόντων
1180 1170 1348 1202 πλεῖστον
1369 1167 1509 1211 χρόνον
1534 1167 1578 1200 cf.
1599 1167 1727 1210 Odyss.
1743 1163 1779 1208 ι’,

974 1218 1052 1252 196.
1064 1226 1182 1269 seqq„
1207 1213 1306 1247 Iliad.
1324 1212 1366 1254 7‘,
1390 1215 1468 1249 638.
1494 1218 1560 1247 etc.
1602 1235 1606 1240 .

1017 1257 1097 1296 351.
1139 1262 1203 1302 ὀρ.
1241 1259 1411 1299 ἐκτείνας.
1447 1260 1529 1293 Sch.
1561 1250 1606 1293 cf.
1630 1257 1717 1298 450,
1741 1258 1779 1300 ι’,

971 1308 1038 1342 568
1064 1322 1102 1331 —·—
1126 1308 1206 1342 570.
1233 1306 1456 1350 porriguntur
1488 1315 1606 1338 manus
1638 1315 1781 1349 precan-

969 1353 1050 1385 tium
1078 1353 1121 1385 ad
1149 1352 1291 1392 coelum,
1317 1363 1421 1391 mare,
1444 1356 1585 1389 terram.
1613 1350 1777 1395 locosque

969 1410 1029 1431 eos
1043 1425 1051 1439 ,
1068 1398 1111 1431 <in
1136 1397 1258 1443 quibus
1279 1397 1414 1431 versari
1438 1396 1624 1431 creduntur
1647 1396 1780 1431 numina

968 1444 1139 1479 invocata.
1165 1444 1196 1477 E
1221 1444 1256 1477 K
1281 1449 1316 1477 et
1342 1444 1399 1477 W.

1013 1492 1093 1525 352.
1118 1502 1199 1533 μιν
1222 1502 1305 1533 περ
1332 1488 1490 1524 ἐόντα.
1515 1487 1780 1532 ᾳιιαπιυίεῆατιά

970 1538 1133 1575 vitalem,
1172 1548 1243 1569 cum
1280 1542 1392 1569 tamen
1426 1547 1446 1569 a
1480 1535 1543 1568 dea
1577 1540 1674 1567 ortus
1703 1534 1776 1568 sim.

971 1584 1073 1616 Sch.:
1100 1595 1194 1624 μιν.
1221 1579 1479 1625 ὀλιγοχρόνιον.
1505 1580 1630 1623 duplex
1654 1581 1776 1622 fatum,

970 1629 1063 1673 quod
1088 1628 1213 1662 Achilli
1238 1628 1440 1662 destinatum
1467 1630 1553 1667 erat,
1577 1626 1655 1671 ipse
1679 1637 1777 1660 enar-

970 1682 1025 1709 rat
1051 1674 1084 1712 ι’.
1110 1674 1179 1709 410
1199 1687 1294 1719 seqq.

1015 1723 1094 1756 353.
1127 1722 1233 1764 περ,
1267 1723 1401 1754 saltem.
1431 1720 1487 1752 W.
1514 1718 1559 1752 cf.
1581 1719 1661 1753 508.
1683 1718 1775 1752 Vra—

969 1765 1190 1810 1131.·τιμήν
1214 1765 1293 1809 μέν.
1316 1766 1463 1800 vindob.
1477 1778 1549 1807 τιμ.
1561 1764 1628 1806 πέρ
1644 1777 1718 1806 μιν.
1732 1783 1774 1788 --

969 1813 1070 1850 Scb:
1106 1813 1288 1856 ἐγγυαλ.
1315 1812 1527 1867 ἐγχειρίσαι,
1561 1813 1775 1853 παρασχεῖν.

1012 1859 1092 1895 354.
1128 1857 1206 1903 υψ.
1243 1857 1261 1894 ὁ
1300 1866 1338 1894 εν
1369 1857 1460 1899 ὕψει
1495 1859 1616 1901 ηχῶν,
1655 1854 1675 1891 ὅ
1702 1856 1775 1891 ἐστι

967 1907 1149 1960 βρονπων.
1180 1904 1317 1963 βρόμος
1349 1905 1390 1940 δε
1419 1905 1556 1946 κυρίως
1590 1903 1657 1945 (2)
1692 1900 1711 1937 6
1737 1902 1775 1938 ἐκ

966 1953 1034 1987 τοῦ
1053 1949 1171 1995 πυρός
1192 1949 1290 1997 ἦχος.
1301 1947 1475 1986 -ουδέ
1504 1962 1555 1993 με
1579 1947 1774 1984 τυτθόν.
1810 1980 1811 1991 ,

967 1997 1053 2033 οὐδ’
1083 1998 1207 2042 ὀλίγον
1230 2012 1286 2043 με.
1311 1999 1457 2032 5011.-
1482 2009 1571 2037 ευρ.
1597 1996 1774 2039 epitheton

967 2046 1224 2089 Agamemnonis
1259 2050 1500 2096 praeterquam
1524 2042 1565 2083 7¹,
1590 2043 1690 2081 750,
1715 2041 1774 2074 ubi

966 2092 1129 2136 Neptuno
1155 2091 1329 2124 tribuitur.
1355 2089 1495 2133 saepius
1520 2088 1554 2122 in
1573 2087 1681 2121 Iliade
1705 2087 1773 2131 legi

966 2143 1226 2171 consentaneum
1268 2141 1349 2168 est·
1341 2160 1350 2176 ,
1393 2135 1426 2168 iu
1471 2134 1632 2179 Odyssea
1670 2133 1773 2167 semel

966 2190 1162 2233 usuipatur,
1188 2181 1230 2227 γ’.
1248 2182 1327 2216 248.

1009 2231 1088 2264 356.
1115 2235 1186 2263 απ.
1212 2226 1408 2270 αφορίσας,
1434 2222 1671 2270 ἀφελόμενος.
1690 2225 1771 2258 Sch.

964 2276 1098 2309 dehoc
1123 2276 1228 2308 verbo
1254 2287 1287 2307 v.
1310 2275 1436 2307 Buttm.
1470 2273 1575 2305 Leaen.
1596 2272 1631 2310 Ι,
1659 2283 1693 2315 p.
1713 2272 1771 2306 75.

963 2333 1062 2365 seqq.
1087 2327 1122 2354 et
1145 2322 1180 2354 in
1205 2332 1257 2364 gr.
1292 2331 1344 2361 gr.
1377 2319 1503 2353 Wlatth.
1530 2320 1562 2359 §
1590 2297 1682 2357 223,
1703 2317 1770 2351 Τ11.

963 2380 997 2411 p.
1016 2369 1092 2407 171,
1112 2367 1144 2400 O
1164 2374 1199 2401 et
1218 2379 1251 2412 p.
1267 2367 1348 2406 332,
1368 2367 1423 2400 23.
1437 2385 1474 2389 -
1490 2362 1605 2404 αὐτὸς
1621 2363 1770 2408 pertinet

962 2414 1006 2447 ad
1034 2413 1115 2456 ε’χει

1008 2461 1087 2495 358.
1111 2458 1259 2500 πατρι
1294 2456 1381 2501 γέρ.
1413 2457 1466 2502 τῷ
1494 2458 1627 2498 Νηρεῖ.
1651 2455 1769 2500 (Virg.

964 2506 1117 2562 Georg
1119 2506 1153 2546 4,
1172 2506 1272 2562 392..
1305 2503 1531 2548 grandaevus
1556 2503 1702 2536 Nereus.
1725 2521 1769 2526 -—

963 2549 1033 2595 αφ’
1072 2546 1117 2585 οὗ
1149 2550 1211 2585 καὶ
1244 2551 1439 2592 Δωρίδος,
1481 2550 1548 2591 τῆς
1578 2544 1770 2588 Ὠκεανοῦ,

963 2611 1002 2632 αι
1106 2597 1241 2641 ρηΐδες.
1277 2597 1358 2630 Sch.
1383 2596 1426 2629 cf.
1455 2593 1598 2628 Hesiod.
1632 2593 1767 2637 Theog-

960 2646 1054 2685 233,
1046 2599 1237 2686 VAeipollod.
1264 2646 1286 2681 l,
1313 2643 1347 2683 7,
1366 2641 1398 2696 4.
1424 2646 1460 2674 et
1484 2640 1531 2673 ibi
1558 2640 1603 2673 H.
1625 2651 1767 2672 —ver-

960 2702 1019 2724 sus
1043 2689 1211 2734 repetitus
1239 2688 1330 2721 infra
1348 2685 1394 2726 6‘,
1414 2688 1470 2722 36.
1497 2685 1632 2719 habitat
1654 2690 1767 2719 autem

961 2738 1097 2770 Nereus
1121 2747 1196 2768 cum
1221 2734 1299 2767 aliis
1333 2733 1399 2766 diis
1431 2731 1570 2765 marinis
1603 2731 1637 2764 in
1662 2731 1767 2764 fundo
1800 2761 1802 2765 .

959 2782 1064 2816 maris
1096 2779 1225 2824 Aegaei
1252 2779 1438 2825 (Apollon.
1456 2776 1498 2817 4,
1518 2778 1598 2812 771.
1627 2788 1723 2820 sequ.
1736 2777 1767 2820 ),

958 2828 1017 2861 ubi
1050 2831 1085 2861 et
1128 2825 1237 2869 regia.
1279 2837 1313 2858 v.
1344 2825 1495 2858 Excurs.
1520 2825 1557 2857 2.
1588 2822 1632 2857 ad
1669 2822 1765 2867 Virg.
1798 2810 1802 2880 1

958 2875 1092 2917 Geor-g.
1110 2871 1144 2907 4.
1166 2872 1211 2905 H.

1004 2921 1084 2956 359.
1109 2929 1244 2959 καρπ.
1281 2912 1427 2958 ταχέως.
1463 2911 1628 2949 ἀνέδυ.
1653 2911 1799 2957 ἀνῆλ-

958 2967 1039 3000 θεν.
1069 2965 1131 3009 (cf.
1148 2964 1249 3006 496.)
1281 2959 1388 3006 ἧντ’
1425 2958 1495 3005 ὀμ.
1520 2957 1593 3018 (ὥς
1617 2959 1676 3003 ὀμ.
1700 2960 1766 2994 1100
1796 2959 1799 2998 ἓ

959 3012 1098 3046 videtur
1132 3009 1312 3045 excidisse.
1343 3008 1387 3043 de
1413 3008 1518 3043 verbo
1541 3004 1632 3052 ἦυτε
1657 3017 1688 3039 v.
1714 3005 1766 3040 in·
1796 3000 1807 3035 1
