1811 3269
601 159 1030 201 ΙΛΙΛΔΟΣ
1092 160 1126 199 1.

1644 159 1699 199 31

204 272 253 343 ὃς
282 271 363 329 μέν
389 268 432 314 τ’
463 267 682 313 αἰδέσεται
709 267 889 343 κούρας
908 267 1022 320 Διός
1051 262 1189 312 ασσον
1220 264 1387 318 ἰούσας,

201 329 279 373 τὸν
309 330 356 373 δὲ
384 325 480 398 μέγ’
512 325 713 396 ω’νησαν,
744 327 820 370 καί
847 323 889 369 τ’
921 326 1080 369 ἔκλυον
1085 323 1384 395 εὐξαμένοιο·

90 391 171 432 510
202 386 250 436 ὃς
280 385 325 429 δέ
356 401 382 427 κ
436 382 652 454 ἀνήνηται
679 383 755 426 καί
783 397 827 426 τε
857 386 1040 434 στερεῶς
1070 379 1275 437 ἀποείπῃ,

200 445 424 486 λίσσονται
452 440 498 509 δ’
531 439 618 492 α’ρα
647 441 765 496 ταίγε
799 441 889 482 Δία
917 439 1162 509 Κρονίωνα
1187 441 1365 481 κιοῦσαι

201 503 263 554 τῷ
285 497 416 569 ’Ἀτην
447 495 522 552 ἅμ’
555 496 758 546 ἕπεσθαι,
789 498 862 539 ἵνα
891 495 1107 566 βλαφθεὶς
1137 493 1335 550 ἀποτίσῃ.

196 544 311 604 ἀλλ’,
337 552 525 625 Ἀχιλεῦ,
554 552 660 606 πόρε
691 554 765 596 καὶ
796 552 851 596 σύ
880 552 992 603 Διὸς
1021 550 1239 607 κούρῃσιν
1269 551 1452 594 ἕπεσθαι

199 611 350 667 τιμὴν,
380 611 451 680 ἥτ’
482 609 628 654 ἄλλων
660 627 738 664 περ
772 609 1053 680 έπιγναμπτει
1083 608 1192 651 νόον
1223 608 1409 651 ἐσθλῶν.

88 671 170 713 515
203 670 238 711 εἰ
268 684 347 724 μεν
375 666 460 723 γάρ
493 666 552 722 μή
583 669 706 721 δῶρα
736 665 972 721 φέροι,τά
1003 662 1045 709 δ’
1078 663 1231 708 omo&
1260 664 1489 720 ὀνομάζοι,

195 724 431 795 Ἀτρείδης,
463 723 558 767 ἀλλ’
590 724 682 767 αἰὲν
715 723 983 778 ἐπιζαφελως
1011 723 1276 779 χαλεπαίνοι,

201 780 284 826 οὐκ
315 782 371 823 ἂν
402 781 531 836 ἔγωγέ
562 792 608 824 σε
640 784 772 836 μῆνιν
802 779 1113 835 ἀπορρίψαντα
1141 780 1347 834 κελοίμην

194 838 453 910 Ἀργείοισιν
481 836 771 892 ἀμυνέμεναι,
802 838 1005 907 χατέουσί
1034 852 1116 890 περ
1148 836 1307 906 ἔμπης·

200 900 285 938 νῦν
315 894 361 938 δ’
392 894 482 948 ἅμα
509 893 552 937 τ’
582 893 738 938 αὐτίκα
765 893 906 938 πολλὰ
937 895 1076 944 διδοῖ,
1107 893 1160 935 τὰ
1192 891 1236 934 δ’
1270 889 1455 935 ὄπισθεν
1484 888 1664 946 ὑπέστη,

85 955 168 995 520
199 952 362 1005 ἀνδρας
393 951 437 994 δὲ
467 952 693 994 λίσσεσθαι
724 951 1006 1022 ἐπιπροέηκεν
1038 948 1257 1021 ἀρίστους,

197 1008 458 1078 κρινάμενος
492 1007 601 1051 κατά
633 1007 742 1051 λαὸν
769 1007 1004 1077 Ἀχαιϊκόν,
1036 1009 1123 1050 οῑτε
1156 1006 1226 1049 σοὶ
1257 1002 1376 1062 αὐτῷ

199 1067 401 1134 φίλτατοι
427 1063 646 1119 Ἀργειων

706 1081 795 1107 των
824 1063 882 1120 μή
914 1063 1018 1120 σύγε
1046 1067 1197 1119 μῦθον
1225 1063 1407 1117 ἐλέγξῃς,

199 1122 308 1192 μηδε
336 1121 497 1172 πόδας·
528 1122 651 1190 πρὶν
666 1119 709 1164 δ’
741 1120 840 1164 οὔτι
870 1120 1135 1188 νεμεσσητὸν
1163 1123 1451 1190 κεχολῶσθαι.

198 1178 313 1223 οὕτω
345 1179 418 1221 καὶ
447 1195 535 1220 των
565 1175 762 1231 πρόσθεν
793 1176 1075 1246 ἐπευθόμεθα
1105 1176 1209 1219 κλέα
1239 1175 1418 1232 ἀνδρων

82 1236 166 1280 525
195 1234 376 1290 ἡριόων,
410 1235 479 1278 ὅτε
507 1235 583 1278 κέν
614 1233 701 1277 τιν’
731 1234 1006 1307 ἐπιζάφελος
1020 1233 1149 1305 χόλος
1179 1235 1295 1276 ἵκοι·

200 1293 387 1348 δωρητοί
416 1308 460 1334 τε
490 1291 699 1342 πέλοντο,
729 1289 1006 1346 παράῤῥητοί
1034 1289 1073 1334 τ’
1107 1288 1314 1333 ἐπέεσσιν

197 1349 418 1419 μέμνημαι
450 1347 550 1391 τόδε
581 1349 713 1403 ἔργον
742 1348 848 1402 ἐγώ,
878 1348 1038 1400 πάλαι,
1071 1346 1169 1391 οὔτι
1198 1347 1303 1390 νέον
1330 1361 1391 1402 γε,

200 1405 260 1457 ὥς
294 1408 370 1462 ἠν·
401 1405 448 1448 ἐν
478 1404 519 1448 δ’
556 1405 664 1474 ὑμῖν
694 1405 800 1458 ἐρέω
830 1405 1038 1448 πάντεσσι
1068 1406 1249 1473 φίλοισι

198 1461 418 1519 Κουρῆτές
448 1460 488 1505 τ’
520 1461 733 1519 ἐμάχοντο
764 1462 837 1505 καὶ
864 1463 1054 1506 Αἰτωλοὶ
1084 1459 1350 1518 μενεχάρμαι

29 1587 112 1621 sch.
125 1599 134 1609 ·
167 1584 474 1631 ἐξακέονται.
511 1588 665 1628 ἰῶνται,
701 1586 844 1623 α’ποθε-

27 1632 244 1677 ραπεύουσι.
272 1653 313 1659 ——
340 1634 601 1670 αἰδέσεται.
622 1635 843 1690 αἰδέσηται,

27 1685 66 1714 ut
91 1679 293 1738 ἀνήνηται,
319 1679 492 1739 ἀποείπῃ.
511 1700 556 1705 -
580 1679 663 1716 τὸν
690 1681 749 1716 δέ.
777 1680 843 1715 τὸν

29 1723 89 1770 δή.
122 1747 165 1752 -
213 1725 426 1770 ὤνησαν,
472 1726 657 1763 ἔκλυον.
697 1728 841 1771 juvare,

28 1774 214 1814 exaudire,
238 1775 358 1809 solent.

73 1820 142 1855 510
155 1839 196 1844 —-
204 1800 287 1855 ⁹526.
335 1817 360 1853 οἷ
369 1833 391 1854 ν
402 1816 425 1864 ή
435 1832 456 1853 ν
466 1832 488 1863 η
500 1833 520 1853 τ
533 1831 556 1852 α
566 1832 590 1853 ι.
630 1814 842 1864 ἀποτρέψη-

27 1878 108 1906 ται,
135 1864 401 1910 ἀπαρνὴσηται.
436 1866 587 1910 Hesych.
610 1864 701 1898 idem
726 1871 780 1899 est
801 1879 842 1900 α-

27 1913 175 1967 ποείπῃ.
199 1924 233 1948 v.
252 1923 329 1946 ann.
343 1913 387 1946 ad
406 1913 486 1946 309.
511 1912 605 1944 Sch.:
629 1913 839 1955 στερεῶς.

29 1955 96 2002 (ψ’
100 1983 109 1999 ‚
144 1959 190 1994 42
221 1963 288 1992 etc.
299 1958 317 2002 )
355 1959 533 2002 ἰσχυρῶς,
575 1957 749 2012 σκληρῶς.
795 1978 842 1983 --

28 2016 90 2046 ,,π
102 2004 120 2040 ό
134 2017 182 2061 ρε
197 2025 243 2030 -
258 2003 373 2062 τιμη
380 2018 412 2039 ν.
443 2006 548 2038 ordo:
573 2002 666 2046 πόρε
692 2004 841 2047 (δίδου)

27 2051 90 2086 καὶ
116 2050 183 2093 σύ,
200 2048 338 2108 τιμὴν
353 2050 510 2086 ἕπεσθαι
546 2050 764 2094 (παρεῖναι,
791 2056 841 2086 εἰ-

27 2097 117 2141 ναι)
150 2101 233 2138 ταῖς
270 2096 362 2138 Διὸς
392 2097 556 2141 κούραις.
606 2100 671 2140 sac
699 2103 842 2132 maneat

30 2143 190 2178 Precibus
214 2145 320 2177 honor
337 2157 419 2178 suns
443 2143 652 2178 admittendo
672 2144 841 2188 supplice,

30 2190 168 2235 quando
194 2190 400 2235 deprecatur
420 2190 576 2234 injuriam
602 2193 731 2223 temere
764 2190 842 2223 illa-

29 2238 138 2270 tam.“
166 2237 219 2269 Ex
240 2237 288 2272 II.
335 2235 419 2282 ἤτ’.
459 2237 518 2281 qui
543 2237 649 2269 honor
678 2237 746 2269 illis
782 2237 844 2270 ‹le-

31 2282 139 2326 bitus,
176 2283 274 2326 cujus
306 2283 444 2317 honoris
474 2282 607 2316 ratione
634 2282 751 2315 habita
775 2283 844 2316 viri

30 2327 112 2362 boni
143 2328 331 2363 flectuntur
363 2329 484 2363 animo.
518 2348 564 2352 —
604 2326 843 2373 ἐπιγνάμ-

30 2383 148 2409 πτει.
191 2373 239 2418 α’,
264 2376 345 2411 569.
377 2395 422 2401 -
455 2374 760 2418 ἐπιζαφελως
795 2376 844 2419 (a

31 2421 141 2455 forma
157 2401 420 2477 ἐπιζαφελήςη)
440 2421 457 2457 5
466 2435 492 2456 π
504 2435 516 2456 ι
527 2423 544 2463 ζ
555 2419 578 2454 οὶ
591 2433 619 2465 φ
632 2424 675 2456 ελ
688 2434 707 2456 ο
718 2434 745 2475 9.
766 2422 843 2466 Ap.

31 2463 53 2502 ὁ
91 2468 173 2501 λίαν
218 2466 437 2525 ηὐξημένος.
494 2467 651 2524 ἔγκειται
687 2468 757 2512 γάρ
799 2467 842 2502 τὸ

32 2509 198 2556 ὀφέλλειν
216 2515 290 2558 (⁴²)·
314 2513 391 2550 ὅτε
415 2513 494 2549 κέν
518 2510 608 2548 τιν’
627 2517 692 2547 etc.
716 2525 748 2546 v.
762 2515 845 2549 525.

32 2559 179 2594 obscura
203 2566 257 2594 est
279 2561 412 2595 notatio
431 2562 529 2605 hujus
546 2559 656 2601 verbi,
682 2571 747 2593 non
760 2559 843 2593 item

31 2606 139 2647 notio,
165 2618 253 2651 quae
272 2607 303 2640 ei
328 2609 485 2651 subjecta
509 2610 573 2646 est,
594 2606 843 2639 vehementiae.

33 2661 66 2684 v.
84 2651 130 2683 H.
145 2677 154 2692 ‚
179 2654 234 2686 cui
255 2654 392 2697 placere
417 2653 522 2687 miror
547 2657 770 2686 commentum
799 2652 844 2685 il—

33 2695 91 2729 lud
115 2698 286 2741 Apollonii
311 2705 348 2734 et
371 2700 524 2734 aliorum.
572 2698 672 2732 nobis
706 2697 843 2742 quidem

33 2742 192 2786 ζαφελής
215 2745 330 2788 potius
353 2757 429 2779 esse
454 2746 592 2778 videtur
617 2743 798 2788 διαφελής
823 2755 844 2777 a

33 2788 167 2832 φελός,
193 2789 334 2833 φελλός.
373 2792 549 2837 Hesycb.=
575 2789 720 2833 φελλὸς,
740 2793 844 2845 632237-

32 2833 99 2878 ρὸς
120 2840 186 2868 etc.
221 2848 255 2870 v.
278 2837 381 2871 Schn.
409 2850 443 2871 v.
471 2836 611 2882 φελλὸς.
647 2836 707 2871 ἐπὶ
729 2835 842 2881 αὐξη-

30 2880 135 2916 τικὸν
160 2881 275 2923 fuerit,
299 2887 338 2916 ut
361 2884 498 2927 passim.
525 2901 571 2908 -
594 2881 842 2928 χατέουσι,

31 2928 266 2972 indigentibus
286 2929 410 2964 auxilio
430 2935 510 2973 tuo,
536 2941 602 2963 non
628 2930 843 2973 cupientibus

32 2974 86 3007 vel
117 2975 394 3018 postulantibus,
436 2988 503 3020 quo
534 2977 592 3010 vix
637 2976 842 3010 commoveri

31 3023 173 3064 poterat
196 3019 367 3063 Achilles,
394 3020 504 3057 iratus
536 3023 596 3057 ille
629 3022 732 3056 etiam
755 3021 842 3066 ipsis

890 1586 1061 1629 Graecis,
1089 1587 1149 1632 qui
1173 1584 1436 1644 Agamemnonis
1457 1583 1617 1639 injuriam
1635 1594 1704 1618 non

891 1635 1161 1688 prohibuissent.
1197 1653 1242 1657 -—
1278 1630 1484 1675 ἐλέγξῃς.
1523 1627 1704 1665 ἀποδοκι-

888 1679 1028 1725 μάσῃς,
1063 1677 1265 1723 ἀτιμασῃς,
1298 1684 1336 1712 ut
1368 1677 1498 1711 Scholl.
1527 1677 1704 1722 interpre-

887 1732 1017 1760 tantur.
1061 1727 1107 1759 cf
1132 1726 1264 1769 Odyss.
1290 1723 1341 1768 φ’,
1366 1723 1446 1758 424.
1475 1728 1511 1756 et
1534 1723 1642 1756 Schn.
1668 1723 1702 1757 ιι.

887 1784 920 1805 v.
954 1792 999 1797 —
1034 1772 1138 1805 Sch.:
1161 1769 1280 1816 μηδε
1305 1768 1472 1810 πόδας.
1514 1768 1610 1823 μηδὲ
1633 1767 1704 1813 τὴν

887 1817 1028 1854 ε’νθαδε
1053 1815 1195 1862 ἄφιξιν.
1220 1819 1495 1860 (instrumentum
1509 1817 1560 1849 rei
1573 1815 1703 1849 dictum

886 1877 950 1910 pro
981 1865 1058 1909 ipsa
1089 1877 1148 1905 re,
1182 1863 1458 1909 quemadmodum
1493 1861 1561 1896 dici
1592 1862 1705 1896 solent

887 1922 1004 1944 manus
1029 1911 1235 1956 scriptorum
1261 1915 1296 1943 et
1320 1909 1489 1943 artificum
1501 1919 1565 1953 pro
1585 1920 1704 1942 eorum

888 1957 1065 2001 operibus,
1100 1968 1133 1991 v.
1159 1957 1316 1990 Schafer-
1337 1967 1393 1999 ap.
1413 1955 1549 1988 Jacobs.
1564 1954 1704 1990 Anthol.

888 2004 963 2036 Pal.
988 2005 1021 2038 3.
1053 2014 1086 2046 p.
1113 2004 1192 2038 871.
1223 2000 1541 2057 epigrammatarius
1574 2000 1704 2035 ibidem

887 2051 920 2083 2.
957 2061 991 2094 p.
1018 2050 1094 2105 87¹.:
1126 2050 1204 2083 ποῦ
1237 2062 1306 2083 νυν
1343 2046 1592 2092 Πραξιτέληςς
1627 2048 1705 2081 ποῦ’

889 2092 928 2129 δ’
955 2095 994 2129 αἱ
1015 2095 1114 2140 χέρες
1135 2095 1173 2129 αἱ
1196 2096 1446 2130 Πολυκλείτου
1466 2113 1506 2117 -
1519 2093 1705 2135 ,·Ονίἀίιι5

888 2144 962 2176 Αιιι.
979 2143 1022 2181 2,
1047 2143 1090 2183 4,
1116 2142 1192 2176 28.;
1217 2148 1291 2176 tam
1312 2143 1432 2175 doctas
1452 2141 1528 2184 quis
1543 2152 1611 2173 non
1625 2151 1706 2194 pos-

889 2189 933 2222 sit
952 2199 1072 2221 amare
1091 2188 1243 2221 manus?
1264 2188 1351 2231 etc.)
1386 2188 1610 2243 δωρητοί.
1635 2184 1706 2221 δω

890 2247 975 2289 ροις
992 2234 1228 2278 πειθόμενοι.
1277 2234 1330 2268 E:
1365 2233 1533 2269 τουτέστι
1569 2230 1706 2276 δώροις

889 2294 928 2316 τε
956 2277 1171 2325 νπὴγοντο,
1207 2281 1269 2316 καὶ
1300 2278 1425 2325 λόγοις
1455 2279 1704 2325 ἐμειλίσσονω

888 2326 1243 2371 παρααυθούμενοι.

936 2376 1060 2409 527-
1070 2375 1150 2410 529.
1197 2372 1357 2409 πάλαι.
1388 2370 1461 2416 πρὸ
1487 2372 1639 2407 πολλοῦ.
1659 2390 1707 2398 --

891 2419 1002 2455 οὔτι
1034 2420 1145 2456 νέον
1177 2433 1236 2465 γε.
1286 2416 1333 2455 ου’
1358 2421 1501 2454 νεωστί.
1548 2431 1613 2458 ως
1636 2411 1704 2462 ἦν.

891 2481 942 2508 ως
966 2466 1120 2509 ἐγένετο.
1168 2467 1274 2501 ordo:
1299 2464 1404 2510 μέμν.
1430 2464 1498 2523 ἐγω
1524 2479 1557 2502 τ.
1586 2464 1705 2510 ἔργον,

891 2528 942 2554 ως
965 2512 1013 2558 ἦν
1035 2513 1164 2555 πάλαι,
1190 2526 1223 2548 ο.
1249 2526 1282 2547 ν.
1309 2525 1359 2556 γε.
1408 2513 1596 2557 μέμνημαι
1629 2522 1704 2545 οιιιιι

891 2572 1006 2595 accus
1020 2566 1096 2602 ‚ut
1119 2561 1242 2604 Eurip.
1269 2559 1408 2592 Heracl.
1433 2561 1532 2594 722..
1558 2557 1639 2594 οἷον
1660 2555 1704 2602 ἡ·

888 2605 1057 2653 βήσαντά
1082 2618 1120 2641 σε
1144 2602 1375 2650 Μεμνήμεθ’
1399 2602 1506 2649 ἡμεῖς
1529 2612 1595 2639 etc.

937 2656 1015 2691 529.
1041 2665 1110 2707 quo
1125 2657 1295 2697 temperet
1315 2652 1485 2685 ΑοιιίιΙί5
1477 2663 1572 2694 iram,
1588 2651 1703 2684 Phoe·

889 2700 949 2734 nix
968 2700 1130 2745 proponit
1148 2699 1339 2742 exemplum
1357 2698 1538 2742 Meleagri,
1557 2697 1616 2742 qui
1631 2695 1703 2740 pri-

889 2759 974 2780 mum
1001 2746 1135 2791 sprevit
1159 2755 1300 2778 munera
1335 2748 1370 2777 et
1403 2755 1544 2788 preces,
1577 2742 1701 2776 deinde

891 2804 930 2826 eo
954 2793 1116 2827 redactus
1139 2796 1212 2832 est,
1246 2796 1307 2831 ut,
1340 2790 1432 2834 quod
1457 2794 1600 2833 rogatus
1625 2789 1702 2821 fue-

888 2844 966 2881 rat,
1002 2840 1134 2873 faceret
1163 2836 1284 2881 gratis.
1332 2836 1399 2869 fuit
1424 2843 1535 2869 autem
1562 2836 1702 2869 Aetolo-

889 2896 977 2926 rum,
1001 2885 1038 2919 in
1063 2884 1184 2937 quibus
1204 2882 1328 2923 Oenei,
1355 2881 1545 2925 Meleagri,
1571 2880 1700 2925 Tydei,

887 2930 1078 2971 Diomedis,
1102 2928 1160 2976 qui
1185 2940 1295 2972 genus
1319 2928 1362 2961 ab
1383 2928 1488 2961 Aeolo
1517 2927 1700 2968 ducebant,

888 2977 978 3011 haud
1003 2978 1151 3011 obscura
1176 2976 1254 3008 olim
1278 2975 1386 3015 fama,
1419 2978 1602 3018 postquam
1625 2978 1699 3007 tra-

888 3027 978 3057 ctum
1003 3025 1047 3058 ab
1071 3034 1108 3057 se
1133 3020 1342 3055 nominatum
1361 3023 1611 3064 occupassent,
1637 3030 1698 3053 ex-
