1811 3269
639 131 1072 172 ΙΛΙΑΔΟΣ
1127 133 1179 171 A.

1694 135 1743 173 21

246 242 440 312 Ἀτρείδα
470 241 517 284 δὲ
546 239 733 296 μάλιστα
763 238 879 294 δυω,
908 235 1156 312 κοσμήτορε
1184 241 1326 283 λαῶν·

329 297 569 353 ,,Ἀτρεῖδαί
598 314 642 341 τε
671 297 746 341 καὶ
777 296 902 341 ἄλλοι
931 297 1190 368 ἐϋκνήμιδες
1214 294 1391 352 Ἀχαιοὶ,

71 343 100 380 .
245 353 355 411 ὑμῖν
382 355 462 410 μὲν
491 355 590 397 θεοὶ
619 357 740 398 δοῖεν
767 352 1007 423 Ὀλύμπια
1019 351 1185 425 δώματ’
1215 353 1387 425 ἔχοντες

247 412 464 482 ἐκπέρσαι
482 410 709 467 Πριάμοιο
741 410 891 458 πόλιν,
923 413 973 454 εὐ
1003 409 1051 454 δ’
1077 408 1226 455 οἴκαδ’
1258 410 1453 454 ἱκέσθαι·

162 475 217 514 20
250 471 388 536 παῖδα
424 466 464 512 δ’
499 468 594 524 ἐμοὶ
620 470 753 513 λῦσαί
779 485 824 529 τε
853 469 1011 525 φίλην,
1041 466 1095 511 τὰ
1126 466 1171 512 δ’
1201 465 1384 512 α’ποινοι
1393 464 1619 522 δέχεσθαι,

77 583 130 617 vel
156 583 269 616 aureis
293 561 400 617 clavis
424 581 601 624 distincto,
628 584 728 627 quale
753 582 884 617 descri-

75 629 168 663 bitur
199 629 341 663 Achillis
362 633 543 673 sceptrum
580 629 659 664 246.
697 630 743 666 cf.
768 629 883 663 Feith.

75 687 110 731 p.
136 677 216 710 161.
248 687 344 720 sequ.
369 682 406 709 et
435 675 495 708 illo
519 682 730 710 monstrante
755 675 883 731 Odyss.

74 719 118 762 λ’,
144 723 202 762 91,
227 722 307 757 568.
332 721 383 756 sic
406 721 509 755 etiam
531 722 696 775 Apollinis
720 719 803 767 βιὸς
819 719 883 765 029-

71 767 205 812 γύρεος
227 766 283 802 49.
315 773 458 811 argento
482 771 612 801 tantum
645 767 805 802 inductus
827 768 884 801 vel

72 814 182 848 clavis
205 814 383 857 argenteis
407 813 580 857 praefixus
611 814 719 848 fuerit
741 825 883 848 necesse

72 864 146 894 est·
181 859 309 904 alioqui
342 859 473 893 inutilis
509 859 645 894 fuisset.
689 860 720 894 Ε
750 861 808 893 W.
838 861 882 894 cf.

70 908 152 942 219
177 904 464 960 pronuntiandum
489 906 651 951 χρυσέῳ,
687 912 725 940 ut
748 908 882 952 χρυσῷ,

69 964 134 997 per
157 951 350 996 synizesin,
376 957 416 985 ut
440 963 564 985 versus
584 957 654 986 stet
681 958 778 987 recto
798 953 878 986 talo.

64 1000 124 1040 E,
159 1000 208 1032 Cl.
239 999 374 1032 etalii
408 997 595 1037 πάντας
633 997 729 1042 Ἀχ.,
765 1010 881 1033 omnes

53 1046 249 1085 ‚Graecos‚
289 1049 329 1077 ut
359 1055 528 1089 quemque
561 1045 757 1079 offenderat
787 1045 880 1079 inter

68 1090 311 1125 transeundum
344 1101 408 1134 per
440 1091 552 1126 media
576 1097 693 1126 castra
717 1091 761 1125 ad
786 1092 881 1126 Atri-

69 1137 186 1172 darum
211 1135 374 1170 tentoria.
406 1148 517 1180 neque
561 1137 649 1172 enim
684 1138 880 1172 concionem

60 1193 142 1219 ,ιιιιιι
174 1182 281 1216 fuisse
315 1181 402 1216 dixit
444 1183 561 1223 Hom.,
597 1196 660 1217 uec
692 1183 779 1217 tanti
812 1184 881 1217 fuit

67 1231 220 1274 Chryses
256 1233 316 1262 aut
350 1229 425 1273 ejus
447 1229 541 1271 filia,
576 1236 612 1263 ut
637 1241 752 1263 eorum
776 1241 880 1265 causa

67 1277 307 1310 advocaretur.

116 1324 169 1357 16.
203 1322 414 1364 Ἀτρείδα
440 1319 558 1364 δυ’ω,
584 1326 622 1355 ut
645 1321 777 1360 Αἴαντε
801 1319 879 1375 δύο)

66 1366 112 1414 β’,
137 1368 217 1407 406,
242 1366 299 1402 υἷε
325 1365 404 1402 δύω
423 1368 470 1403 ib.
492 1346 572 1408 843
597 1367 719 1404 λέοντε
741 1366 820 1402 δύω
842 1364 880 1409 ε’,

65 1393 160 1454 554,
196 1411 266 1448 δύο
301 1414 416 1456 δοῦρε
452 1418 488 1447 et
521 1414 588 1448 alia
624 1414 811 1470 ejusmodi,
843 1414 879 1448 in

66 1460 189 1504 quibus
220 1459 394 1504 sapientes
428 1459 546 1503 (τούς
581 1458 753 1503 σοφούς)
787 1458 879 1494 ‹1²60-

63 1507 207 1550 λεσχίαν
219 1511 338 1538 notare
357 1505 443 1538 dicit
461 1507 744 1562 archiepiscopus
763 1507 877 1540 Thes-

56 1550 295 1587 -salonicensis.
330 1549 454 1606 ἔχουσι
490 1550 531 1586 δὲ
568 1553 798 1607 ἀπολογίαν,
822 1552 876 1586 ἱιι-

63 1597 153 1654 quit,
176 1598 334 1633 τοιαῦτα
351 1596 397 1633 ου’
421 1597 540 1654 μόνον
565 1597 631 1633 τὸν
657 1597 821 1654 συνήθη
824 1611 875 1644 τη

61 1643 211 1691 ποιήσει
233 1644 490 1699 πλεονασμόν,
506 1643 611 1679 ἀλλὰ
629 1645 691 1680 καὶ
715 1643 782 1688 τήν
800 1643 874 1680 ἀπὸ

62 1693 129 1737 τῆς
165 1688 343 1734 τοιαύτης
384 1690 611 1746 προσθήκης
654 1692 874 1734 σαφήνειαν.

60 1736 230 1774 καθόλου
254 1737 323 1781 ’γὰρ
349 1735 437 1773 οὐδὲ
463 1741 554 1781 μίαν
577 1736 797 1782 προσθήκην
816 1751 875 1774 κε-

62 1799 136 1826 νως
159 1779 383 1830 ἀπορριπτε
368 1799 381 1819 ι
406 1783 426 1821 ὁ
451 1798 488 1818 π.
512 1791 663 1820 ceterum
693 1785 791 1830 parvi
816 1797 872 1820 re-

58 1833 150 1875 fert,
175 1836 286 1866 utrum
323 1831 391 1865 dici
417 1838 575 1876 putemus
597 1830 755 1875 Ἀτρείδα
779 1831 870 1873 δύω,

62 1890 105 1914 an
140 1876 220 1914 δύω
252 1877 478 1922 κοσμήτορε,
524 1890 612 1922 quae
645 1884 745 1912 vetus
779 1879 869 1912 ratio

60 1928 136 1965 est,
163 1936 236 1959 cum
262 1936 283 1958 a
315 1925 490 1967 Bentlejo,
522 1931 592 1958 tum
617 1936 638 1958 a
662 1924 788 1958 Wolfio
814 1936 871 1959 re-

61 1970 224 2017 pudiata,
259 1970 357 2015 quasi
393 1972 582 2004 abhorrens
612 1983 632 2004 a
657 1971 870 2004 Graecorum

62 2016 308 2073 cqnsuetudine
321 2017 495 2073 loquendi.
515 2022 681 2050 memorat
695 2021 806 2050 tamen
818 2017 868 2050 E:

61 2061 131 2099 οῦκ
156 2060 295 2108 ἄδηλον
321 2062 360 2098 δὲ
386 2060 475 2098 οὐδ’
501 2060 559 2097 ὅτι
582 2062 625 2098 τὸ
646 2062 755 2122 δύο)τ
774 2061 871 2103 τινὲς

55 2111 114 2150 εἰς
139 2109 182 2145 τό
218 2121 350 2153 κοσμ.
384 2108 609 2151 συνέταξαν,
645 2111 707 2144 ἵνα
731 2110 753 2154 ᾐ
779 2107 868 2150 τούς

59 2156 130 2192 δύο
155 2158 338 2211 βασιλεῖς,
360 2156 453 2201 quod
478 2156 613 2200 quidem
637 2156 868 2200 significatum

60 2214 136 2237 esse
171 2203 346 2237 existimes
382 2214 402 2236 a
437 2206 564 2247 poeta,
599 2209 760 2247 tanquam
796 2214 867 2237 rem

58 2249 150 2283 haud
185 2250 411 2294 vulgarem„
426 2257 614 2294 propterea
655 2249 745 2294 quod
792 2250 868 2284 fere

59 2307 159 2330 unum
183 2296 326 2336 ducem,
353 2307 420 2330 non
447 2296 582 2339 plures,
613 2297 741 2329 habent
765 2307 864 2330 exer-

54 2342 158 2376 eitus.
191 2362 236 2367 -—
274 2353 406 2385 κοσμ.
445 2343 510 2376 Ε.
555 2341 865 2399 κοσμήτορας

54 2389 243 2432 πολλαχοῦ
280 2388 369 2429 τούς
415 2385 603 2432 ἡγεμόμας
643 2388 734 2432 λέγει
753 2415 764 2431 ,
814 2402 865 2430 ως

55 2437 288 2478 κοσμοῦντας
297 2434 380 2491 ἤτοι
397 2436 667 2475 εὐτακτοῦντας
684 2435 748 2471 τὸν
762 2433 864 2474 λαόν.

55 2479 192 2525 κόσμος
223 2481 293 2526 γὰρ
325 2479 357 2536 ἡ
384 2482 490 2540 τάξις
521 2481 560 2518 ἐκ
594 2483 664 2517 τοῦ
695 2485 797 2526 κομῶ
822 2480 863 2518 τὸ

53 2525 309 2573 ἐπιμελοῦμαι,
334 2525 409 2572 ἀφ’
435 2524 480 2565 οὗ
504 2528 568 2564 καὶ
586 2525 605 2564 ὁ
629 2527 782 2565 πάντων
801 2542 865 2565 πε-

52 2574 234 2618 ριεκτικός
255 2574 390 2618 κόσμος
414 2582 481 2609 etc.

103 2623 158 2657 17.
191 2621 506 2666 ἐϋκνήμιδες,
537 2622 622 2655 bene
655 2623 807 2663 versati,
841 2633 862 2656 a

53 2668 185 2712 κνημὶς
208 2680 320 2710 ocrea,
344 2669 435 2712 quod
453 2679 562 2713 genus
586 2679 755 2704 armorum
782 2680 863 2712 pro—

55 2713 162 2759 prium
184 2715 295 2749 fuisse
317 2714 458 2748 videtur
483 2715 633 2748 Graecis
657 2714 863 2756 Homericis,

53 2761 149 2805 quia
159 2761 224 2795 soli
246 2761 311 2795 hoc
335 2760 490 2805 epitheto
515 2766 689 2795 ornantur.
717 2772 751 2794 v.
776 2760 861 2795 Pot-

54 2812 121 2841 ter.
145 2806 324 2841 Archaeol.
355 2818 410 2852 gr.
434 2809 468 2842 2.
504 2818 537 2851 p.
565 2808 624 2843 27.
648 2812 684 2840 et
707 2807 774 2845 K.
801 2818 861 2852 (ιιιι

53 2853 255 2894 annotavit,
284 2853 319 2886 in
343 2852 433 2887 bello
459 2859 624 2907 gestasse
640 2853 717 2887 illos
741 2864 861 2887 ocreas

53 2911 97 2933 ex
121 2899 256 2933 metallo
293 2899 362 2943 (Il.
387 2899 439 2943 φ’,
463 2901 565 2935 592.
601 2913 699 2943 αμφι
733 2898 774 2935 δέ
796 2908 862 2943 μιν

51 2958 184 2988 κνημις
215 2944 434 2981 νεοτεύκτου
475 2946 708 2988 κασσιτέροιο
745 2948 862 2990 Σμερ-

53 2991 186 3029 δαλέον
217 2990 413 3039 κονάβησε.
446 2992 591 3028 Hesiod.
625 2993 722 3030 Scut.
756 2993 851 3028 Herc

934 582 1034 617 122.;
1068 583 1251 626 κνημῖδας
1285 578 1516 625 ὀρειχάλκοιο
1552 580 1744 634 φαεινοῦ),

931 640 1014 662 rure
1039 635 1150 661 autem
1172 628 1346 673 pelliceas,
1383 626 1529 671 (odyss.
1555 621 1608 665 ω’,
1641 625 1741 660 228.;

931 687 1015 717 περι
1039 674 1080 709 δε
1104 676 1265 720 κνήμῃσι
1292 675 1417 720 βοείας
1451 674 1646 715 Κνημῖδας
1678 670 1743 715 ῥα-

930 721 1026 759 πτὰς
1052 720 1204 763 δέδετο,
1229 721 1394 765 γραπτῦς
1418 717 1619 759 αλεείνων.)
1647 717 1743 774 Pari-

931 768 984 801 dis
1008 767 1064 801 hic
1096 774 1212 801 noster
1245 778 1366 801 ocreas
1392 765 1478 799 dicit
1501 762 1640 805 καλὰς,
1661 761 1741 817 οἷρ-

929 813 1116 872 γυρέοισιν
1124 813 1381 905 γἐπισφυρίοις
1393 812 1616 854 (Schnallen)
1646 805 1737 853 οἶρα-

930 863 1038 903 ρυίᾱς
1062 861 1100 893 ll-
1157 862 1272 901 ..331
1297 879 1344 884 —
1370 858 1520 903 ἐύκνημ.
1543 857 1660 891 soluta
1683 856 1737 889 di-

928 874 1144 951 phthongQy
1148 913 1187 940 ut
1208 905 1285 940 fleri
1310 905 1410 946 solet,
1436 905 1494 938 ub1
1505 917 1545 939 εν
1572 902 1738 957 composi-

927 960 999 988 tum
1031 960 1085 987 est
1115 965 1191 987 cum
1227 951 1365 992 verbis,
1398 962 1494 1004 quae
1521 948 1689 993 incipiunt
1720 960 1741 982 a

926 1003 987 1041 κλ,
1023 1013 1091 1040 κν,
1123 1013 1191 1044 τμ,
1224 1012 1279 1044 τρ.
1333 996 1515 1032 annotavit
1555 995 1739 1030 Thiersch.

927 1058 962 1092 Ρ
977 1094 1031 1128 18.
1054 1091 1168 1127 θεοὶ
1193 1089 1460 1145 monosyllabum
1486 1093 1557 1130 est,
1583 1085 1736 1131 synizesi

927 1139 1121 1184 frequente.
1146 1137 1258 1172 oratio
1283 1136 1449 1181 simplex.
1476 1145 1552 1168 nam
1573 1139 1608 1168 et
1626 1134 1739 1167 Grae-

927 1197 1043 1218 corum
1067 1192 1183 1219 votum
1208 1182 1345 1229 impleri
1381 1185 1481 1235 optat
1499 1180 1688 1221 sacerdos,
1703 1183 1740 1214 et

926 1243 1033 1265 suum.
1067 1231 1239 1265 recentior
1273 1231 1385 1282 poeta
1400 1226 1563 1261 dixisset:
1601 1226 1653 1259 sic
1678 1236 1739 1259 vos

926 1278 1067 1321 Trojam
1093 1277 1261 1322 capiatis,
1282 1281 1323 1310 ut
1343 1274 1425 1308 mihi
1447 1271 1603 1308 reddetis
1622 1271 1737 1305 filiam.

927 1329 1110 1369 poteratne
1141 1324 1262 1364 aliter,
1305 1321 1365 1367 qui
1398 1320 1527 1354 amicus
1560 1317 1738 1352 venissest

926 1381 1107 1414 perperam
1141 1371 1250 1426 igitur
1282 1369 1349 1402 Ε.;
1390 1363 1451 1402 ὅτι
1482 1362 1502 1402 6
1532 1363 1681 1410 Χρύσης
1714 1361 1737 1408 ἢ

925 1415 1139 1451 κολακεύων
1163 1428 1252 1455 τους
1267 1410 1465 1467 Έλληνας
1466 1410 1617 1469 εὔχεται
1639 1411 1737 1446 κατὰ

925 1476 1000 1496 των
1021 1460 1219 1506 ὁμοεθνῶν
1257 1459 1416 1503 Τρώων,
1452 1456 1497 1514 ἢ
1519 1458 1582 1493 καὶ
1614 1456 1736 1493 ἐνδια-

923 1509 1045 1549 θέτως
1088 1510 1217 1552 (v‚ere
1251 1506 1438 1550 sincere),
1471 1501 1521 1544 ὥς
1553 1503 1609 1540 δι’
1632 1503 1736 1540 ἐκεί-

920 1568 1013 1596 νους
1037 1553 1307 1608 ἀποστερηθεις
1341 1553 1407 1596 τῆς
1429 1549 1584 1591 παιδός·
1610 1551 1645 1587 εἰ
1665 1564 1736 1596 γαρ

920 1602 972 1646 μή
998 1601 1225 1645 Ἀλέξανδρος
1244 1596 1420 1652 ἥρπασεν,
1446 1596 1516 1633 οὐκ
1537 1596 1583 1632 ἂν
1599 1596 1621 1641 ἡ
1643 1601 1733 1639 παῖς

921 1647 1187 1703 ηχμαλιότιιστο.
1219 1646 1287 1681 fuit
1318 1645 1448 1680 Eetion
1479 1656 1541 1679 rex
1577 1644 1733 1686 Cilicum,

921 1695 980 1740 qui
1007 1707 1050 1728 ne
1084 1696 1175 1729 inter
1198 1693 1311 1727 socios
1335 1691 1473 1746 quidem
1504 1691 1733 1735 Trojanorum

921 1742 1166 1782 nominantur,
1202 1741 1326 1774 nedum
1358 1735 1556 1782 ὁμοεθνεῖς
1588 1737 1730 1779 fuerint,

920 1788 987 1822 etsi
1020 1766 1166 1821 Hectori
1201 1790 1311 1831 nupta
1351 1790 1428 1818 erat
1460 1784 1619 1819 Eetionis
1660 1784 1733 1818 filia

920 1834 1172 1868 Andromache.
1198 1844 1231 1866 v.
1259 1833 1297 1866 Il.
1320 1830 1366 1873 ζ’,
1386 1831 1468 1866 395.
1503 1842 1624 1875 seqq„
1649 1829 1730 1865 415.

915 1892 1027 1925 seqq„
1052 1881 1169 1914 strab.
1196 1880 1260 1920 13,
1289 1881 1319 1913 1.
1347 1890 1382 1923 p.
1409 1878 1501 1919 128.
1526 1882 1562 1910 et
1585 1888 1664 1910 ann.
1682 1876 1726 1910 ad

919 1929 975 1962 11.
985 1947 1032 1951 —
1050 1927 1093 1961 de
1109 1925 1235 1971 oppido
1249 1924 1384 1968 Chryse
1404 1924 1475 1968 He>
1474 1934 1516 1956 n.
1544 1923 1614 1958 vol.
1631 1921 1665 1959 4.
1691 1934 1729 1968 p.

920 1975 1017 2008 119.
1044 1973 1136 2014 „fuit
1159 1971 1343 2006 Homerica
1368 1970 1504 2013 Chasa
1527 1969 1666 2003 diversa
1685 1970 1729 2003 ab

917 2020 986 2053 alia
1012 2019 1217 2058 recentiore,
1243 2017 1386 2062 propius
1411 2016 1454 2049 ad
1486 2016 1646 2060 Trojam,
1669 2015 1725 2049 in-

917 2071 974 2099 ter
999 2066 1142 2110 Trojam
1166 2065 1285 2098 urbem
1310 2069 1346 2096 et
1371 2067 1538 2115 promont.
1572 2062 1726 2104 Lectum,

915 2112 949 2146 in
975 2112 1060 2146 colle
1086 2112 1165 2145 sita.
1193 2115 1230 2144 at
1250 2115 1350 2144 vetus
1371 2109 1534 2142 remotior
1553 2114 1630 2142 erat
1647 2120 1727 2143 ver—

915 2169 973 2193 sus
997 2164 1170 2198 austrum,
1199 2156 1290 2191 haud
1316 2156 1418 2199 longe
1444 2155 1486 2189 ab
1510 2154 1726 2209 Adnramyttio

915 2205 959 2239 ad
984 2203 1079 2238 littus
1110 2203 1177 2238 sita
1209 2214 1284 2237 cum
1319 2203 1456 2236 navium
1489 2201 1658 2255 statione3
1681 2201 1726 2235 ad

915 2263 1016 2297 quam
1065 2251 1211 2295 Ulysses
1258 2248 1358 2282 unius
1400 2246 1468 2281 diei
1503 2247 1725 2291 navigatione

916 2297 1094 2343 pervenit:
1136 2308 1169 2330 v.
1214 2296 1333 2330 Strab
1371 2295 1424 2330 13.
1462 2304 1494 2338 p.
1529 2295 1610 2329 901.
1643 2296 1724 2330 910.

911 2346 1013 2380 911.ι
1060 2349 1126 2377 etc.
1166 2361 1207 2366 —
1241 2338 1380 2385 Ὀλυμ
1391 2354 1429 2375 π.
1463 2341 1495 2374 δ.
1529 2352 1587 2383 εχ.
1633 2341 1665 2373 h.
1691 2353 1723 2374 e.

911 2387 1117 2435 OlJmpum
1131 2393 1300 2429 montem,
1327 2388 1362 2421 in
1355 2354 1543 2422 “confiniis
1568 2386 1719 2420 Thessa-

909 2437 978 2471 liae
1010 2441 1045 2470 et
1086 2434 1314 2469 Macedoniae
1359 2433 1478 2473 situm,
1520 2432 1723 2475 incolentes,

910 2481 1138 2536 θελήσαντος
1165 2479 1375 2536 (Ομήρου)
1400 2476 1448 2519 ὡς
1469 2476 1722 2522 ἅνθρωποπα-

909 2528 1018 2565 θέσιν
1043 2526 1174 2567 αὐτοῖς
1197 2528 1258 2563 καὶ
1281 2526 1400 2564 τόπον
1423 2525 1507 2560 two}
1534 2524 1721 2569 ἐξαίρετον

910 2578 1044 2612 δοῦναι
1072 2576 1124 2616 εἰς
1155 2572 1496 2616 ανθρωπικωτέραν
1521 2571 1720 2617 διαγωγὴν,

910 2631 950 2658 ut
974 2622 1024 2657 ait
1047 2622 1092 2658 E.
1119 2622 1164 2657 cf.
1193 2622 1268 2657 195.
1293 2627 1329 2655 et
1346 2620 1381 2654 H
1405 2630 1550 2653 excursu
1573 2619 1616 2653 ad
1638 2618 1718 2655 494

959 2672 1013 2707 19.
1041 2671 1121 2711 Πρ-
1147 2666 1300 2709 πόλιν,
1325 2667 1436 2707 Ilium,
1464 2668 1614 2711 Τροιης,
1628 2665 1719 2710 quod

909 2717 986 2751 fere
1029 2726 1150 2749 nomen
1195 2713 1347 2760 regionis
1380 2718 1435 2746 est
1470 2711 1577 2756 (raro
1609 2711 1717 2751 urbis,

907 2763 1005 2797 velut
1017 2763 1095 2797 129.
1116 2773 1148 2794 v.
1162 2761 1241 2804 U),
1265 2760 1492 2802 πτολίεθρον
1514 2770 1573 2792 seu
1597 2755 1718 2793 πόλιν.

952 2810 1009 2844 20.
1044 2807 1237 2851 vulgabant
1269 2806 1349 2840 olim
1381 2807 1502 2840 παῖδα
1545 2803 1587 2840 δέ
1633 2816 1716 2848 μοις

907 2854 969 2888 sed
993 2859 1213 2912 opponuntur
1236 2852 1327 2887 inter
1351 2863 1390 2885 se
1407 2849 1717 2895 ὄρθοτονούμενα

906 2896 997 2945 ύμῖν
1020 2907 1056 2934 et
1080 2898 1183 2943 ἐμοί·
1206 2910 1241 2933 v.
1261 2899 1418 2943 Apollon.
1443 2898 1487 2932 de
1511 2898 1608 2943 Synt.
1629 2899 1660 2932 1.
1681 2898 1715 2952 3.

908 2958 942 2992 p·
960 2949 1017 2983 20
1042 2947 1096 2981 ed.
1116 2946 1214 2991 Sylb.
1262 2949 1359 2980 recte
1384 2945 1469 2979 Ven.
1496 2949 1532 2977 et
1557 2944 1617 2978 alii
1637 2943 1715 2988 qui-

910 2993 988 3028 dam
1011 2992 1111 3028 codd.
1105 3017 1126 3034 .‚
1152 3000 1240 3038 quos
1256 2991 1466 3027 recentiores
1486 2989 1638 3025 editores
1659 3001 1715 3024 se-
