1811 3269
84 171 168 210 292

717 169 1117 213 ΟΜΗΡΟΥ

252 280 483 350 χρυσείην,
514 278 671 322 έκατὸν
699 279 868 323 πολίων
896 280 1131 334 πρυλέεσσ’
1165 282 1407 336 ἀραρυῖαν

143 338 226 381 745
258 336 301 387 ές
332 335 379 379 δ’
411 336 511 405 ὄχεα
541 336 706 390 φλόγεα
734 336 835 378 ποσὶ
866 335 1045 392 βήσετο·
1077 337 1226 391 λαζετο
1259 338 1301 382 6'
1330 340 1451 395 ἔγχος

253 392 414 461 βριθύ,
445 392 574 448 μέγα,
606 391 833 447 στιβαρὸν,
865 397 926 451 τῷ
957 394 1143 464 δάμνησι
1169 397 1317 465 στίχας
1350 396 1528 450 ἀνδρῶν

251 447 434 502 ἡρώων,
463 449 650 491 τοῖσίντε
679 438 927 492 κοτέσσεται
956 448 1272 521 ὀβριμοπάτρη.

217 511 235 531 ’‘
240 505 373 574 Ἥρη
388 504 434 548 δὲ
460 502 635 573 μάστιγι
664 509 784 556 θοῶς
815 504 1029 576 ἐπεμαίετ’
1063 506 1118 560 ἄρ
1169 509 1354 559 ι’ππους·
1400 558 1415 578 ἲ

251 560 494 614 αὐτόμαται
524 560 571 604 δὲ
602 560 737 605 πύλαι
765 562 909 632 μύκον
939 561 1164 632 ούρανοῦ,
1198 564 1249 614 ἃς
1278 565 1378 633 ἔχον
1401 565 1545 620 Ὡραι,

136 622 221 664 750
249 621 326 688 τῇς
355 616 658 671 ἐπιτέτραπται
687 617 818 674 μέγας
849 616 1042 672 οὐρανὸς
1067 618 1311 691 Οὔλυμπός
1345 637 1403 674 τε,

248 673 356 729 ἠμὲν
387 672 619 717 ἀνακλῖναι
646 691 835 718 πυκινον
864 675 1018 730 νέφος,
1051 674 1122 730 ἠδ’
1155 676 1386 720 ἐπιθεῖναι.

248 734 303 783 τῇ
334 730 390 785 ῥα
420 729 478 774 δι’
510 730 686 774 αὐταων
714 733 1025 786 κεντρηνεκέας
1054 733 1154 787 ἕχον
1187 734 1371 783 ι’ππους·

247 786 384 856 ειὶρον
413 787 460 831 δὲ
490 790 726 841 Κρονίωνα
755 793 874 831 θεῶν
905 788 1005 843 ἄτερ
1035 789 1198 859 ήμενον
1228 789 1385 840 ἄλλων,

249 841 467 915 ἀκρρτατῃ
497 861 675 901 κορυφη
706 846 1024 899 πολυδειράδος
1056 844 1327 899 Οὐλύμποιο.

133 902 215 945 755
245 897 342 943 ἔνθ’
375 902 537 952 ἵππους
567 901 761 955 στήσασα
789 901 872 944 θεα
903 902 1170 953 λευκώλενος
1188 902 1304 972 Ἥρη

249 955 359 1014 Ζῆν’
390 956 561 1000 ὕπατον
589 960 815 1028 Κρονίδην
846 957 1028 1013 ἐξείρετο
1064 960 1139 1002 καὶ
1167 960 1448 1028 προσέειπεν·

329 1017 447 1065 ,,Ζεῦ
476 1012 635 1067 πάτερ,
668 1013 725 1057 ου’
754 1017 951 1085 νεμεσίζῃ
969 1014 1093 1069 ”Apa
1120 1016 1222 1059 τάδε
1251 1014 1438 1072 καρτεροὶ
1468 1013 1586 1070 ἔργα,

251 1066 457 1114 ὁσσάτιόν
486 1086 530 1113 τε
559 1070 632 1114 καὶ
663 1067 760 1115 οἷον
790 1070 986 1116 απώλεσε
1015 1072 1126 1117 λαὸν
1151 1070 1334 1130 Ἀχαιῶν

75 1204 227 1251 φάλαρα
260 1219 307 1240 τα
340 1218 435 1241 κατα
472 1204 539 1247 τας
572 1206 728 1263 παρειὰς
763 1206 884 1243 ἐπιπί-

71 1266 212 1287 πτοντα
235 1252 348 1296 μέρη,
374 1251 440 1287 δια
464 1251 506 1286 τὸ
534 1252 636 1297 φανοὶ
662 1254 791 1297 (malim
811 1268 884 1298 φα-

73 1298 139 1342 λοὶ)
163 1297 260 1334 εἶναι
283 1313 344 1334 και
367 1296 528 1343 λαμπρά.
566 1300 611 1335 cf.
645 1300 722 1345 ipse
753 1302 882 1336 Buttm.

73 1345 97 1380 1.
120 1356 151 1380 c.
177 1350 212 1379 et
236 1345 341 1378 Schn.
368 1357 402 1379 v.
428 1344 607 1389 φαλαρός

119 1409 197 1447 744
246 1424 307 1447 εκ.
332 1432 377 1437 -
403 1426 491 1457 αρ.,
526 1415 593 1449 100
616 1414 752 1447 urbium
779 1416 884 1458 pedi-

73 1459 164 1492 tibus
188 1463 329 1501 aptam,
354 1460 388 1492 h.
415 1472 445 1494 e.
471 1466 538 1493 tam
559 1471 737 1503 magnam,
764 1467 805 1495 ut
830 1461 885 1494 vel

74 1507 141 1540 100
158 1504 289 1538 urbium
309 1504 472 1539 militibus
492 1511 689 1549 tegumento
708 1518 784 1540 esse
804 1519 885 1551 pos-

72 1550 129 1585 sit.
163 1562 195 1583 v.
219 1549 264 1591 ν’,
292 1553 369 1590 188,
396 1550 438 1593 σ’,
463 1554 542 1587 610.
564 1557 630 1585 etc.
662 1552 783 1586 similia
803 1564 885 1596 por-

72 1600 187 1630 tentos
191 1607 210 1629 a
246 1576 290 1630 de
327 1597 445 1632 Marte
477 1604 594 1631 narlat
624 1598 769 1632 inferius
803 1601 883 1633 860.

72 1648 107 1676 et
133 1639 185 1686 φ’,
211 1642 313 1683 407.;
338 1643 381 1676 de
406 1644 569 1687 Neptuno
594 1641 638 1684 v‘‚
658 1645 739 1684 20.;
765 1644 807 1677 de
822 1645 884 1678 Ju-

71 1699 160 1722 none
189 1695 225 1722 et
251 1688 326 1732 ejus
350 1690 449 1735 equis
473 1691 559 1730 770,
585 1690 675 1730 7853
710 1691 885 1723 novimus-

71 1745 138 1779 que
167 1734 260 1768 hisce
285 1746 350 1767 non
376 1736 585 1769 modestiora
609 1736 770 1769 Indorum
792 1748 884 1770 com-

70 1786 182 1813 menta
207 1785 243 1814 et
265 1780 470 1815 Judaeorum
503 1781 720 1835 gentiumque
745 1789 884 1826 septen-

70 1825 278 1860 trionalium.
330 1828 375 1861 cf.
407 1828 452 1871 K,
480 1827 512 1860 H
538 1833 573 1860 et
606 1829 648 1861 ab
674 1828 715 1861 iis
741 1828 883 1862 citatum

69 1872 284 1916 Lessingium
317 1853 514 1906 Laocoonte
547 1884 581 1918 p.
611 1875 676 1908 135
701 1886 731 1907 c.
777 1874 880 1908 Sch.:

69 1921 200 1962 πρυλ
232 1920 355 1961 πεζοῖς
379 1916 562 1959 ὁπλίταις.
593 1919 624 1952 Ε
649 1919 806 1962 πρυλέας
829 1920 882 1953 (ιί-

71 1970 146 1998 ctos
172 1969 271 2009 putat
295 1965 393 2009 quasi
417 1964 606 2007 περυλέας,
632 1976 652 1998 a
676 1967 802 2011 περᾷν.
833 1966 880 2000 cf.

70 2010 204 2044 Villois.
233 2010 276 2044 ad
298 2013 362 2064 Ap.
389 2016 425 2045 et
449 2012 552 2046 Schn.
578 2012 613 2045 h.
636 2023 671 2044 v.
684 2023 807 2056 ,quae
830 2011 882 2045 le-

69 2057 164 2099 gitur
190 2056 290 2090 etiam
316 2056 358 2097 λ’,
384 2056 453 2099 49,
477 2056 527 2101 μ’,
551 2058 617 2096 77,
643 2055 687 2099 ο’,
712 2059 803 2099 517,

68 2103 126 2137 90.
162 2102 335 2136 Hesiodus
348 2081 453 2137 'fScut
475 2104 522 2137 Η.
548 2082 647 2138 195³
683 2102 722 2139 ἐν
756 2102 796 2139 δὲ
820 2104 882 2139 καὶ

70 2145 185 2189 αντὸς
208 2146 418 2193 ἐναρφόρος
443 2146 587 2190 οὔλιος’
581 2148 707 2206 Ἄρης,
741 2150 881 2196 Αἰχμὴν

71 2193 110 2230 ἐν
134 2196 312 2240 χείρεσσιν
338 2194 449 2241 ε’,χων
473 2194 663 2242 πρυλέεσσι
686 2197 857 2233 κελεύων.

115 2262 239 2299 745-
251 2265 330 2300 747.
379 2262 582 2309 φλόγεα,
616 2266 745 2310 ignea,
771 2266 880 2300 instar

70 2309 162 2354 ignis
185 2310 366 2355 fulgentia.
403 2311 504 2344 Sch.:
538 2292 709 2356 λαμπδρὰ,
745 2310 767 2357 ἢ
793 2311 879 2347 διά-

69 2369 182 2400 πυρα.
216 2356 326 2390 idem:
352 2355 512 2401 βριθύ.
547 2357 657 2404 βαρύ.
682 2377 728 2383 —-
762 2361 878 2404 στιβ.

70 2400 231 2446 ἰσχυρόν.
255 2402 316 2446 (γ,
334 2404 413 2438 335
432 2422 478 2428 -
501 2417 608 2444 κοτ.,
631 2404 879 2450 κοτέσσηται.)

69 2466 116 2473 -
147 2448 245 2494 ὀβρ.
278 2447 434 2504 ὄβριμον
468 2449 532 2485 καὶ
563 2451 714 2496 ἰσχυρὸν
737 2451 880 2496 πατέρα

71 2493 217 2540 ἔχουσα.
241 2494 302 2539 (γ’,
328 2497 427 2539 357.)

116 2563 195 2598 748.
243 2563 354 2597 malim
377 2563 525 2598 firmiore
549 2576 705 2599 numero.
719 2563 817 2613 ’Ἡρη
839 2563 877 2603 δ’

71 2603 133 2642 αν.
164 2608 307 2643 confusa
331 2610 417 2643 haec
440 2609 590 2656 saepius.
615 2631 661 2637 —
684 2613 790 2648 Sch.:
814 2613 878 2649 ἐπ.

69 2652 274 2699 ἐφήπτετο,
300 2652 497 2699 ἐπέψαυεν,
521 2655 711 2703 ἐπεθυμει.
735 2658 797 2704 (κ’,
811 2661 879 2697 401

71 2700 254 2736 etc.'r011.
279 2700 323 2735 ad
348 2704 413 2747 Ap.
439 2703 472 2737 h.
495 2703 546 2748 ν.)

116 2767 239 2805 749-
248 2769 329 2804 752,
366 2768 469 2805 αὐτ,
507 2767 584 2815 ἀφ’
608 2771 764 2808 {auvam-
793 2771 882 2817 μύ-

70 2826 170 2849 κον.
204 2814 245 2858 (a
268 2813 372 2858 μύκω
399 2816 507 2859 prima
531 2818 652 2860 brevi,
686 2830 775 2876 quae
799 2831 881 2865 pro-

71 2859 208 2895 ducitur
236 2859 272 2894 in
311 2863 517 2917 μυκᾶσθαι.
553 2876 585 2898 v.
614 2844 659 2899 Η.
666 2866 683 2909 )
724 2862 880 2910 ἤχησαν.

72 2903 328 2953 ἀνεῴχθησαν,
351 2904 426 2944 ἀπὸ
449 2910 519 2943 τοῦ
542 2913 878 2955 παρακολουθοῦν-

71 2965 145 2994 τος.
169 2972 215 2979 —
248 2951 366 2999 ἔχον.
404 2952 625 3000 ἐφύλασσον.
659 2977 702 2984 -
736 2958 782 2993 de
803 2958 877 2993 Ho-

930 1209 991 1250 ris,
1015 1220 1103 1253 quae
1126 1209 1204 1243 anni
1229 1213 1264 1243 et
1282 1209 1350 1243 diei
1369 1212 1537 1254 tempora,
1554 1205 1740 1241 hominum-

931 1266 997 1298 que
1021 1262 1187 1296 aetatem,
1212 1255 1365 1299 inprimis
1381 1257 1607 1298 juventutem,
1630 1251 1740 1295 signi-

931 1301 1058 1342 ficant,
1083 1313 1117 1337 v.
1141 1303 1174 1335 Κ
1200 1307 1234 1335 et
1255 1300 1432 1335 Mansonis
1456 1299 1607 1333 libellum
1631 1308 1739 1342 germ.

931 1346 975 1379 de
999 1347 1104 1380 Horis
1129 1353 1165 1380 et
1188 1347 1325 1380 Gratiis
1347 1347 1445 1390 [aber
1461 1347 1517 1380 die
1535 1346 1652 1379 Horen
1667 1344 1739 1378 und

933 1393 1376 1447 Grazien,Jena‚1787.]
1407 1412 1453 1418 -
1496 1390 1596 1436 οὐρ.
1631 1387 1737 1425 Ουλ.

931 1451 990 1473 τε.
1029 1437 1075 1480 α’,
1103 1441 1164 1478 18,
1190 1438 1288 1483 494.)
1320 1437 1438 1474 ἐπιτ.
1470 1437 1738 1492 ἐγκεχείρισται,

931 1481 956 1529 ἢ
981 1483 1129 1532 ἐξουσία
1154 1463 1316 1520 δέδοται.
1352 1484 1419 1531 (β’,
1443 1487 1500 1521 25.
1534 1504 1577 1510 -
1614 1480 1738 1519 οἴνα-

930 1534 1110 1572 κλῖναι,
1147 1531 1414 1567 επιθεῖναι.
1463 1530 1636 1566 vocabula
1657 1540 1739 1574 pro-

930 1577 1007 1622 pria
1030 1578 1065 1610 in
1089 1579 1283 1622 aperiendis
1305 1579 1359 1611 vel
1378 1577 1576 1612 claudendis
1594 1577 1724 1610 foribus
1709 1600 1738 1617 ,

931 1624 1207 1668 quemadmodum
1227 1623 1341 1657 Latini
1361 1625 1479 1658 dicunt
1496 1625 1618 1657 obdere
1629 1625 1738 1666 sores.

929 1687 975 1694 —-
1011 1669 1172 1712 νέφος.
1216 1670 1333 1703 Schol.
1359 1673 1387 1705 A
1411 1670 1454 1704 ad
1488 1669 1589 1705 749*
1623 1667 1738 1703 πύλαι
1799 1687 1801 1690 ·

931 1714 1099 1759 οὐρανοῦ
1133 1730 1179 1751 τα
1214 1715 1322 1772 νέφη.
1363 1736 1408 1740 -
1443 1717 1517 1762 τῇ,
1549 1717 1626 1749 hac.
1658 1713 1736 1770 --)

929 1774 1084 1807 κεντρ.
1109 1775 1197 1802 τους
1219 1767 1298 1803 τοὶς
1319 1761 1502 1805 κέντροις,
1530 1760 1551 1796 ὅ
1570 1761 1644 1797 ἐστι
1660 1774 1736 1806 μα·-

930 1810 1043 1850 στιξι,
1069 1808 1347 1850 κειτουμένους.
1369 1809 1531 1853 (proprie
1551 1809 1665 1843 activa
1688 1807 1737 1842 si-
1792 1845 1794 1857 1

929 1855 1150 1898 gnificatione
1169 1857 1345 1889 stimulum
1366 1858 1542 1898 ferentes,
1565 1855 1599 1889 h.
1620 1866 1651 1888 e.
1673 1865 1737 1900 pa-

928 1901 1073 1941 tiente53
1099 1902 1195 1944 Hes)
1199 1902 1271 1935 οιι.·
1296 1921 1340 1926 -
1352 1904 1430 1941 τοῖς
1446 1899 1608 1944 κέντροις
1621 1901 1738 1936 εἴκον-
1792 1903 1794 1929 =

927 1960 993 1987 τας
1015 1947 1075 1982 καὶ
1100 1945 1369 1990 πειθομένουςτ
1389 1952 1579 2004 contraque
1597 1947 1737 1993 passive
1774 1956 1778 1957 ⁷

927 1993 1130 2038 accipienda
1150 2000 1228 2027 suut
1246 1995 1390 2028 vocabb.
1412 1992 1602 2051 διηνεκὴς,
1625 1995 1737 2038 δονρ-
1792 2001 1794 2043 J

927 2039 1078 2083 ηνεκής,
1103 2039 1330 2084 ποδηνεκής,
1354 2041 1479 2085 quibus
1500 2045 1536 2075 et
1553 2039 1595 2075 τὸ
1619 2053 1736 2084 κεντρ.
1791 2045 1793 2073 ἱ

927 2086 962 2119 Η
983 2087 1238 2119 accommodans
1253 2088 1336 2120 dure
1351 2087 1602 2141 interpretatur
1618 2097 1735 2131 equos,
1790 2123 1792 2130 ¹

929 2131 972 2165 ad
997 2143 1082 2176 quos
1103 2127 1247 2176 flagrum
1267 2133 1445 2188 pertingit.
1478 2132 1635 2166 simiiiter
1652 2133 1736 2167 Pin-

928 2178 1032 2211 darus
1050 2180 1084 2213 2.
1111 2177 1279 2223 Pythiaca
1298 2176 1428 2212 dixit
1403 2191 1552 2221 αρματα
1572 2176 1743 2227 πεισιχά-
1806 2200 1807 2203 =

926 2225 1026 2263 λινα,
1067 2223 1162 2267 Virg.
1187 2236 1253 2257 ποη
1282 2225 1382 2258 audit
1417 2236 1536 2258 currus
1569 2226 1735 2269 habenas,
1789 2250 1792 2258 .

927 2274 965 2327 ut
997 2269 1128 2304 Villois.
1160 2270 1341 2304 annotavit
1374 2271 1416 2304 ad
1453 2271 1519 2316 Ap.
1544 2271 1577 2305 h.
1606 2272 1666 2316 v.)
1691 2291 1737 2298 —
1788 2301 1790 2320 :

927 2315 946 2350 ε’
953 2329 974 2361 χ
986 2328 1004 2350 o
1016 2328 1049 2350 ν.
1084 2313 1258 2360 ἤλαυνον.
1286 2317 1401 2360 (240.)
1424 2317 1506 2351 Sch.

973 2371 1051 2409 754.
1099 2386 1125 2407 π
1138 2386 1157 2408 ο
1169 2376 1198 2407 λ.
1232 2371 1279 2416 α’,
1303 2373 1383 2409 499.

971 2432 1050 2466 757.
1099 2444 1125 2466 π
1137 2430 1160 2465 02
1173 2443 1217 2466 τε
1228 2445 1260 2474 ρ.
1293 2443 1480 2476 cognomen
1502 2432 1654 2474 deorum,
1677 2431 1736 2466 in-

926 2476 1043 2531 primis
1066 2477 1163 2511 Jovis
1187 2478 1386 2523 (Spanhem.
1415 2478 1457 2512 ad
1480 2478 1678 2512 Callimach.
1701 2478 1735 2512 h.
1787 2495 1789 2498 ·

1169 2535 1234 2568 quo
1268 2535 1356 2557 nunc
1388 2524 1446 2558 ille
1470 2525 1667 2569 appellatur
1690 2525 1735 2558 ab

926 2523 958 2556 in
975 2523 1113 2571 Jovem)
1124 2548 1133 2564 ‚

925 2568 1002 2614 ipsa
1028 2580 1145 2604 sorore
1173 2575 1208 2604 et
1234 2570 1389 2624 conjuge.
1416 2572 1448 2604 E
1466 2571 1511 2603 K.
1542 2590 1587 2596 —
1621 2582 1735 2614 καρ-

926 2612 1094 2696 ἒξιῗιὲιιέ
1103 2628 1247 2706 ofigrlej.
1269 2665 1305 2695 et
1322 2665 1389 2708 Ap.
1410 2674 1443 2696 v.
1460 2659 1550 2706 ἀΐδη
1552 2664 1639 2697 lov:
1663 2660 1723 2707 ἔργ

927 2703 1076 2753 αΐδηλα,
1102 2707 1192 2761 quod
1220 2719 1282 2742 nec
1296 2708 1439 2754 Heyneo
1462 2675 1723 2753 “ispucebat'm·
1698 2711 1735 2742 et

927 2754 1090 2798 vulgatae
1118 2753 1314 2798 scripturae
1347 2755 1544 2799 praefertur
1581 2765 1602 2788 a
1629 2755 1734 2790 Butt-
1784 2742 1786 2773 3

925 2810 1046 2834 manno
1071 2800 1180 2833 Lea-il.
1198 2799 1226 2832 Ι.

1253 2800 1385 2844 p..247
1418 2800 1496 2847 ipse
1512 2799 1609 2835 Mars
1628 2811 1733 2836 voca·

925 2849 982 2880 tur
1006 2843 1161 2892 ἀΐδηλος
1185 2811 1274 2881 880p

971 2914 1049 2951 758.
1097 2910 1195 2950 ὁσσ,
1225 2911 1327 2950 ὅσον.
1350 2914 1432 2951 Sch.
1467 2912 1567 2959 ἅπαξ
1588 2914 1732 2960 εἰρημέ-

922 2972 1002 2996 νον.
1039 2960 1178 2996 formam
1203 2956 1337 3002 ὅσατος
1358 2961 1633 2998 commemoravit
1649 2961 1696 2996 E.

1235 2615 1286 2649 sic
1316 2616 1556 2656 Aristarchus,
1590 2620 1630 2650 ut
1653 2617 1735 2673 8723
1786 2623 1787 2627 ’
