1811 3269
305 703 621 789 [AI

200 938 927 976 ΑΓΑΜΕΜΝΟΝΟΣ

720 738 1221 786 ΑΔΟΣ

1351 739 1409 784 Λ.

1028 937 1506 973 ΑΡΙΣΤΕΙΑ.

234 1132 434 1177 Splendidis
467 1133 659 1167 instructus
693 1132 797 1167 armis
832 1133 1064 1178 Agamemnon
1105 1143 1204 1167 mane
1239 1131 1358 1178 copias
1392 1141 1472 1166 suas
1511 1129 1548 1164 in
1582 1129 1692 1164 aciem

152 1178 271 1213 educit
282 1191 292 1221 ς

183 1247 317 1309 Ήως
347 1256 393 1302 6’
425 1256 472 1301 ἐκ
501 1255 657 1313 λεχέων
686 1256 794 1311 παρ’
824 1256 1000 1312 οἷγαυοῦ
1035 1261 1258 1301 Τιθωνοῖο

189 1313 382 1370 ωρνυθζ
413 1314 476 1358 ἴ’ν
508 1314 770 1358 ἀθανάτοισι
800 1315 923 1370 φόως
953 1315 1084 1387 φέροι
1112 1313 1206 1386 ἠδὲ
1220 1317 1440 1370 βροτοῖσι·

186 1372 298 1424 Ζεύς
327 1371 369 1415 δ’
389 1371 545 1427 ’Ἐριδα
574 1374 785 1426 προΐαλλε
815 1371 930 1423 θοας
961 1373 1030 1416 ἐπὶ
1059 1375 1171 1427 νῆας
1195 1369 1380 1426 Ἀχαιῶν

188 1427 429 1486 ἀργαλέην,
457 1427 669 1486 πολέμοιο
702 1428 829 1484 τέρας
857 1429 963 1485 μετὰ
993 1430 1143 1485 χερσὶν
1175 1428 1374 1484 ἔχουσαν.

64 1545 326 1579 Annotationes.
377 1544 558 1578 dedicatus
583 1546 637 1577 est
665 1542 721 1576 hic
745 1542 832 1576 liber

17 1592 280 1636 Agamemnonis
322 1591 505 1631 laudibus,
558 1590 650 1623 sicut
693 1589 832 1633 quintus

16 1637 215 1678 Diomedis,
251 1639 305 1673 17.
331 1637 504 1678 Menelai,
524 1642 559 1670 et
587 1638 641 1670 16.
666 1635 831 1676 Patrocli,

16 1684 81 1739 qui
102 1683 239 1728 quidem
272 1683 360 1717 liber
394 1683 499 1726 vulgo
524 1682 726 1716 inscribitur
751 1684 831 1716 Πα-

15 1729 197 1775 τρόκλεια,
223 1730 285 1763 sed
309 1728 377 1772 τὴν
393 1727 615 1772 Πατρόκλου
642 1726 832 1771 α’ριστειάν

17 1777 109 1810 haud
134 1776 222 1810 male
246 1776 400 1821 appellat
423 1777 453 1809 A
475 1775 590 1808 Schol.
606 1786 682 1808 ann.
697 1774 738 1807 ad
753 1776 830 1810 179.

17 1823 117 1866 hujus
142 1822 241 1862 libri,
278 1833 379 1867 quem
410 1827 611 1857 tractamus.
670 1821 717 1854 cf.
753 1831 831 1855 ann.

19 1835 74 1902 adJ
88 1870 169 1904 312.
220 1868 322 1902 Vers.
354 1867 473 1902 1—4.
515 1864 743 1921 μυθεύεται,
774 1864 832 1902 ὅτι

23 1911 204 1950 Τιθωνὸν
235 1913 302 1949 τὸν
341 1913 622 1954 Λαομέδοντος,
656 1909 835 1956 εὐπρεπέ-

18 1973 153 1997 στατον
176 1961 251 1995 τῶν
279 1957 365 1995 κατ’
389 1958 529 2002 αὐτὸν,
556 1958 595 1994 ἐν
617 1956 708 2003 Ἰλίῳ
733 1957 835 2003 γενό-

16 2020 149 2052 μενον,
176 2007 378 2052 ἐρασθεῖσα
402 2005 617 2051 ανήρπασεν
640 2004 663 2051 ἡ
685 2005 834 2050 Ημέρα,

16 2054 82 2090 καὶ
109 2056 174 2099 τῆς
199 2053 337 2089 τούτου
363 2054 535 2099 μετέλαβε
555 2054 700 2096 κοίτης·
727 2054 835 2097 αἰτη-

18 2100 170 2159 σαμένῳ
200 2099 240 2136 δὲ
269 2098 372 2144 αὐτῷ
401 2101 579 2145 παρέσχεν
604 2099 833 2134 αθανασίαν.

20 2145 41 2185 ὁ
67 2147 107 2183 δὲ
122 2147 247 2203 γέρων
270 2146 468 2192 γενόμενος
488 2147 571 2190 (διὰ
590 2160 659 2191 γαρ
679 2146 835 2191 ἄγνοιαν

19 2192 90 2230 οὐκ
107 2191 270 2241 ᾐτήσατο
291 2194 508 2229 ἀθανασίαν
531 2193 600 2229 σύν
617 2192 833 2238 αγηρασία),

19 2240 252 2286 ἀχθόμενος,
277 2238 327 2280 ιὸς
351 2243 426 2275 τῶν
450 2240 488 2276 ἐν
507 2242 576 2296 βίῳ
597 2239 833 2298 μεταλαμβά·

19 2300 98 2323 νειν
122 2287 168 2323 οὗ
194 2286 423 2331 δυνάμενος,
462 2286 607 2323 ἐκάλεσε
624 2286 699 2343 τήν
722 2285 833 2328 θεὸν,

20 2333 122 2375 ὅπως
148 2332 264 2370 αυτὸν
288 2337 357 2370 τοῦ
389 2337 454 2380 ζῇν
490 2332 700 2389 απαλλαξῃ·
735 2331 758 2378 ἡ
792 2333 832 2368 δε

20 2379 132 2426 (οὐδὲ
164 2395 234 2426 γαρ
269 2377 315 2426 ἦν
340 2380 503 2416 δυνατόν
526 2379 739 2416 οἷποθανεῖν
766 2393 835 2414 αυ-

19 2427 104 2485 τὸν)
130 2428 324 2475 μετέβαλεν
348 2429 400 2469 εἰς
422 2428 588 2473 τέττιγα,
613 2427 680 2464 τὸν
703 2438 833 2470 μουσι-

20 2473 189 2510 κώτατον
222 2476 297 2509 τῶν
312 2476 501 2530 πτηνῶν,
536 2474 639 2516 ὅπως
674 2474 738 2508 καὶ
771 2471 834 2508 διὰ

19 2523 86 2565 τῆς
115 2521 243 2565 φωνῆς
273 2519 392 2557 αὐτοῦ
423 2521 612 2566 τέρπηται.
673 2522 836 2566 γίγνεται

22 2566 64 2603 δὲ
86 2567 122 2611 ἐξ
147 2566 272 2604 αὐτων
295 2571 384 2610 παῖς
408 2568 591 2625 Μέμνων,
617 2565 637 2602 ὁ
665 2569 741 2602 τῶν
766 2568 832 2601 Αἰ-

21 2615 173 2649 θιόπων
205 2613 387 2662 βασιλεύς.
419 2634 465 2639 -
503 2613 701 2658 ἀγαυοῦ.
738 2610 834 2658 ἄγαν

23 2659 201 2704 ἐνδόξου,
233 2663 362 2697 καλοῦ.
395 2660 456 2705 (γ’,
480 2662 582 2705 268.)
614 2681 655 2686 -
693 2660 835 2704 προΐ-

23 2709 144 2742 αλλε.
171 2707 234 2751 (cf.
259 2709 356 2753 628.)
383 2707 632 2750 προέπεμπεν,
659 2705 835 2742 απέστελ-

23 2755 104 2795 λεν,
128 2751 335 2809 ἐξέπεμπεν.
384 2751 481 2798 ἀργ.
515 2752 581 2797 (α’,
604 2755 692 2795 589,
729 2754 834 2787 Schn.

24 2799 60 2834 h.
84 2799 138 2843 v.)
174 2796 264 2844 ἄλγη
289 2799 554 2845 ἐπιφέρουσαν.
590 2800 664 2843 (cf.
691 2797 742 2841 φ,
767 2800 837 2834 386

27 2850 92 2878 etc.
135 2845 308 2880 Hesiodus
342 2848 387 2883 Ο.
415 2851 449 2882 et
474 2847 516 2881 D.
546 2848 620 2881 11.=
657 2844 725 2880 οὐκ
764 2857 837 2888 αρα

23 2891 169 2936 μοῦνον
209 2890 274 2936 ἔην
298 2891 458 2937 Ἐρίδων
489 2892 616 2950 γένος,
658 2888 738 2926 ἀλλ’
777 2889 837 2926 ἐπὶ

22 2941 135 2983 γαῖαν
161 2938 246 2973 Εἰσὶ
273 2938 371 2973 δυω·
402 2939 474 2997 τὴν
506 2938 573 2984 μέν
597 2950 660 2973 κεν
683 2935 837 2980 ἐπαινή-

23 2995 97 3020 σειε
121 2983 278 3030 νοήσας,
300 2982 350 3020 ‘H
370 2983 412 3020 δ’
439 2984 668 3044 ἐπιμωμητή.
717 2982 780 3020 δια
802 2982 836 3018 δ’

20 3027 157 3075 ἄνδιχα
187 3029 314 3075 θυμὸν
346 3029 508 3078 έχουσιν·
545 3031 595 3067 Η
627 3032 712 3076 μὲν
747 3029 837 3076 γὰρ

66 3088 210 3123 Henna.
235 3088 280 3123 ΙΙ.

879 1541 1100 1587 πόλεμόν
1139 1554 1187 1577 τε
1224 1539 1379 1577 κακὸν
1425 1540 1510 1576 καὶ
1546 1541 1692 1587 δῆριν

880 1589 1098 1634 ὀφέλλει,
1123 1592 1178 1634 Σχ
1182 1590 1282 1633 ετλίη
1298 1600 1305 1607 ·
1334 1585 1438 1628 οὔτις
1463 1585 1570 1632 τήνγε
1594 1590 1696 1631 φιλεῖ

879 1636 1013 1693 βροτὸς
1031 1644 1097 1670 etc.
1126 1603 1178 1670 οἰχ
1194 1636 1330 1679 Theog.
1353 1635 1569 1669 225-232.
1585 1635 1617 1666 E
1627 1635 1691 1678 K.)

878 1683 1114 1726 πολέμοιο
1141 1681 1293 1725 τέρας.
1318 1679 1693 1725 περιφραστικῶςτὸν

877 1729 1052 1772 πόλεμον.
1084 1729 1270 1772 (similiter
1302 1727 1418 1761 Schol.
1445 1729 1494 1767 A,
1525 1727 1693 1773 quemad-

878 1776 1013 1810 modum
1046 1775 1146 1819 Enyo
1180 1773 1375 1817 Κυδοιμὸν
1409 1785 1509 1808 manu
1542 1775 1694 1819 prehen-

878 1834 951 1856 sum
976 1823 1104 1856 ducere
1128 1821 1268 1855 videtur
1282 1820 1410 1854 homini
1430 1819 1468 1861 ε’,
1483 1821 1562 1855 593.
1590 1820 1694 1854 etiam

880 1869 1030 1902 Suidas:
1066 1869 1243 1909 πολέμοιο
1269 1867 1386 1910 τέρας.
1443 1865 1511 1902 τὸν
1543 1867 1694 1902 εἰδωλο-

878 1913 1106 1958 ποιούμενον
1123 1913 1306 1957 Πόλεμον,
1325 1913 1392 1948 τόν
1410 1911 1610 1959 ποιητικὸν
1626 1913 1697 1949 τοῦ

881 1960 1118 2006 ἐνεργητικοῦ
1139 1961 1316 2003 πολέμου.
1348 1971 1461 2003 neque
1480 1961 1517 1993 id
1540 1960 1695 2005 ineptum

881 2014 954 2049 est,
980 2007 1181 2053 praesertim
1205 2007 1235 2041 si
1252 2012 1394 2040 matrem
1411 2006 1499 2039 Belli
1516 2018 1593 2040 esse
1614 2006 1696 2039 Eri-

881 2055 992 2088 dems
976 2065 1169 2097 sumamus,
1205 2065 1304 2097 quam
1326 2050 1522 2096 Tavaooe
1549 2051 1696 2093 Φόνους

879 2114 929 2141 τε,
951 2099 1087 2144 ΛῙαχας
1107 2099 1143 2134 τ’
1150 2126 1160 2140 ,
1180 2098 1460 2141 Ἀνδροκτασιας
1479 2111 1518 2134 τε
1536 2098 1696 2144 peperis-

881 2159 919 2181 se
955 2147 1044 2181 dixit
1067 2147 1243 2181 Hesiodus
1269 2147 1404 2190 Theog.
1431 2145 1453 2178 l.
1479 2158 1508 2179 c.
1554 2146 1616 2179 sed
1640 2146 1695 2179 in-

881 2194 1011 2228 usitate
1040 2194 1118 2238 ipse
1142 2191 1311 2236 Πόλεμος
1344 2197 1551 2237 personatus
1583 2191 1695 2225 dictus

881 2246 935 2273 est
960 2240 1072 2297 τέρας
1089 2239 1277 2283 πολέμου,
1298 2244 1499 2282 portentum
1526 2239 1616 2273 belli.
1649 2252 1693 2281 ρ,

880 2286 984 2322 547.τ
1028 2284 1115 2330 η’ὕτε
1146 2285 1367 2330 πορφυρέην
1409 2298 1484 2328 ιριν
1518 2287 1696 2328 θνητοῖσι

880 2333 1044 2390 τανύσση
1081 2332 1173 2373 Ζευς
1204 2334 1241 2377 ἐξ
1280 2331 1522 2389 οὐρανόθεν,
1555 2331 1696 2375 τέρας

882 2379 1035 2424 ἔμμεναι
1062 2395 1082 2424 η
1108 2380 1370 2422 πολέμοιο,
1399 2376 1447 2413 Ἡ
1467 2377 1529 2412 καὶ
1560 2379 1696 2422 χειμώ-

879 2440 955 2468 νος.
1004 2439 1112 2472 quare
1136 2439 1211 2460 cum
1237 2425 1421 2480 K6ppenio
1446 2425 1593 2468 aliisque
1618 2436 1696 2458 sen-

880 2474 953 2516 tio,
977 2474 1113 2518 signum
1139 2473 1279 2518 aliquod
1306 2471 1386 2506 belli
1410 2471 1446 2504 in
1463 2472 1617 2504 manibus
1634 2483 1695 2514 ge-

880 2500 992 2554 stas⁷se
1006 2520 1169 2560 Eridem3
1194 2519 1285 2564 quod
1304 2518 1440 2562 signum
1453 2517 1555 2562 quale
1575 2518 1696 2558 fuerit,

881 2578 949 2600 non
974 2566 1083 2610 magis
1102 2566 1192 2599 dixit
1212 2568 1316 2622 poeta
1339 2565 1405 2598 hoc
1428 2563 1464 2596 in
1489 2564 1565 2597 loco
1594 2574 1695 2608 quam

882 2613 1011 2658 Odyss.
1036 2611 1081 2657 γ’,
1104 2613 1206 2648 173.:
1239 2609 1394 2669 ᾐτέομεν
1424 2607 1464 2645 δε
1501 2608 1597 2645 θεὸν
1622 2610 1696 2653 φῆ-

880 2673 944 2695 ναι
968 2659 1093 2703 τέρας·
1120 2656 1241 2702 αὐτάρ
1267 2657 1308 2702 ὅγ
1335 2654 1422 2702 ἡμῖν
1438 2658 1554 2698 Δεῖξε.
1581 2667 1694 2689 ensem

881 2706 938 2740 vel
962 2707 1073 2740 facem
1099 2705 1180 2747 (Sil.
1205 2705 1285 2738 Ital.
1311 2705 1346 2745 5,
1366 2705 1447 2744 220,
1474 2704 1563 2736 Stat.
1580 2702 1695 2735 Theb.

880 2751 925 2793 4,
950 2754 984 2788 5.
1009 2764 1046 2785 se
1049 2751 1125 2797 qu.)
1147 2730 1364 2807 intelligunt'3
1388 2749 1521 2782 hastam
1547 2747 1696 2789 Quintus

883 2801 947 2839 10,
984 2799 1065 2839 53.;
1096 2796 1237 2851 (πάλλε
1273 2794 1314 2831 δε
1350 2798 1408 2852 ²3⁰
1397 2807 1490 2838 γιον
1525 2793 1628 2838 ἔγχος
1659 2792 1697 2834 ἐς

881 2842 974 2888 ἠέρα
999 2864 1042 2868 -
1069 2839 1246 2887 *δεϊζην*
1271 2841 1342 2886 γάρ
1361 2839 1447 2885 ἄγεν
1465 2839 1556 2881 θεὸς
1579 2840 1615 2881 ἐς
1634 2839 1696 2883 μέ-

881 2904 929 2934 γα
953 2889 1086 2934 ε’ργον,
1112 2889 1203 2947 quod
1229 2889 1316 2930 fuit,
1348 2888 1416 2921 nisi
1441 2886 1562 2927 fallor,
1597 2888 1696 2928 δίζεν

880 2935 952 2982 γὰρ
978 2936 1073 2980 ἄγαν
1096 2938 1137 2971 θ.
1164 2934 1201 2975 ἐς
1223 2947 1261 2978 μ.
1288 2933 1316 2968 έ.
1327 2958 1338 2975 ,
1362 2934 1583 2967 vehementer
1607 2933 1697 2966 enim

882 2985 950 3018 dea
968 2983 1150 3027 expetebat
1173 2991 1344 3026 magnum
1372 2979 1488 3024 opus.)
1522 2978 1697 3023 flagellum

879 3030 934 3074 K,
967 3029 1061 3076 quod
1097 3028 1240 3062 Bellona
1264 3026 1381 3071 quatit
1405 3037 1462 3071 ap.
1488 3024 1587 3070 Virg.
1612 3026 1696 3060 Aen.

1404 3076 1434 3114 6
