1811 3269
152 293 232 336 150
261 293 579 363 Καρδαμύλην,
605 289 795 362 Ἐνόπην
823 308 891 346 τε,
924 293 997 336 καὶ
1024 291 1139 348 Ἰρην
1168 292 1421 362 ποιήεσσαν,

269 349 420 418 Φηράς
449 366 492 393 τε
524 348 699 403 ζαθέας,
731 349 807 405 ἠδ’
824 348 1033 393 ’Ἄνθειαν
1062 347 1345 417 βαθύλειμον,

1803 0 1811 67 Ι

94 184 149 223 12
735 182 1135 225 OMHPOT
1803 99 1808 398 ξ

1802 411 1807 502 1

260 404 398 462 καλήν
426 405 469 449 τ’
500 407 710 456 Αἴπειαν,
742 407 814 450 καὶ
846 407 1070 473 Πήδασον
1090 403 1401 476 αμπελόεσσαν.

261 474 400 506 πασαι.
429 461 469 506 δ’
503 461 630 518 ἐγγὺς
660 438 786 514 ἁλὸς,
816 463 965 506 νέαται
997 461 1155 505 Πύλου
1185 460 1480 518 ἠμαθόεντος·

261 518 310 562 ἐν
340 518 380 563 δ’
411 517 570 573 ἄνδρες
598 520 776 563 ναίουσι
804 519 1098 574 πολύρρηνες,
1127 523 1413 576 πολυβοῦται,

151 578 231 621 155
263 577 312 619 οι’
336 576 385 619 κέ
415 592 434 619 ε
453 577 674 646 δωτίνῃσι
701 576 808 620 θεὸν
837 575 897 627 ὡς
924 575 1172 645 τιμήσουσι,

260 633 335 675 καί
365 633 410 675 οἱ
438 631 524 676 ὑπὸ
541 631 757 704 σκήπτρῳ
787 632 974 687 λιπαράς
1002 631 1198 675 τελέουσι
1224 632 1444 686 θέμιστας.

262 689 401 732 ταῦτα
432 689 480 732 κέ
509 691 554 732 οῖ
582 690 799 746 τελέσαιμι
815 687 1138 759 μεταλλήξαντι
1159 687 1330 759 χόλοιο.
1802 636 1808 751 l

261 745 472 815 δμηθήτω
504 744 671 802 (Ἀΐδης
699 762 768 789 τοι
799 745 1015 802 αμείλιχος
1043 743 1113 800 ἠδ’
1145 744 1410 800 ἀδάμαστος,

259 802 450 846 τοῦνεκα
479 805 554 847 καί
581 819 626 847 τε
655 806 852 873 βροτοῖσι
881 806 1000 847 θεῶν
1031 802 1227 873 ἔχθιστος
1256 801 1497 856 ἁπάντων),

150 865 231 905 160
259 861 335 903 καί
363 876 440 915 μοι
469 859 723 916 υποστὴτω,
763 859 900 903 ὅσσον
929 858 1235 914 βασιλεύτερός
1264 861 1362 912 εἰμι,

259 915 336 973 ἠδ’
367 917 503 960 ὅσσον
531 932 658 974 γενεῃ
687 916 1024 973 προγενέστερος
1053 916 1234 972 εὔχομαι
1266 920 1409 959 εἰναιέ

310 996 373 1030 has
402 997 616 1031 conditiones
640 997 756 1030 ferunt
780 996 870 1037 viri,
897 1007 916 1030 a
936 997 1085 1030 Nestore
1111 995 1261 1036 delecti,
1302 994 1478 1039 Phoenix,
1510 994 1650 1030 Achillis
1677 995 1754 1030 olim

227 1042 411 1087 magister,
433 1046 522 1088 Ajax
545 1043 652 1086 major
675 1049 711 1076 et
735 1042 881 1086 Ulysses
905 1054 979 1076 cum
1007 1043 1140 1077 duobus
1165 1041 1462 1077 caduceatoribus.

343 1109 431 1154 T6v
460 1110 506 1153 6’
535 1107 725 1166 ἠμείβετ’
758 1110 903 1153 ἔπειτα
932 1109 1143 1166 Γερήνιος
1173 1110 1333 1155 ἷππότα
1362 1109 1573 1165 Νέστωρ·

259 1165 473 1222 ,,Ἀτρει’δη
503 1169 719 1239 κύδιστε,
733 1166 843 1219 ἄναξ
871 1165 1050 1222 ανδρων
1077 1166 1356 1237 Ἀγάμεμνον,

258 1226 382 1279 δωρα
412 1224 491 1280 μὲν
521 1223 665 1268 οὐκέτ’
696 1222 859 1268 ὀνοστὰ
889 1226 1028 1276 διδοῖς
1055 1223 1213 1281 Ἀχιλῆι
1240 1223 1407 1269 ἄνακτι.

89 1328 134 1362 de
167 1328 374 1371 Cardamyle
400 1327 547 1361 Strabo:
574 1326 632 1362 ἐπὶ
656 1325 790 1371 πέτρας
815 1324 900 1371 ἕρν-

85 1375 181 1420 μνῆς
206 1375 356 1420 ἵδρυται
374 1371 632 1430 Καρδαμύλη·
671 1379 750 1409 εἰτα
774 1373 900 1430 Φηραὶ

86 1426 155 1454 etc.
198 1418 453 1464 Καρδαμύλην
487 1419 553 1465 τήν
587 1419 807 1464 Λακωνικὴν
836 1432 899 1454 vo-

87 1471 145 1501 cat
168 1468 300 1501 Herod
326 1470 360 1511 8,
386 1469 442 1503 73.
477 1468 656 1501 annotavit
676 1469 848 1502 Mannert.
863 1469 897 1508 8,

86 1525 124 1557 p.
147 1513 229 1549 557.
260 1524 379 1558 sequ„
414 1513 586 1558 hodieque
618 1513 668 1546 ibi
707 1513 898 1557 Cardamy-

87 1559 177 1601 lam,
215 1559 404 1604 emporium
435 1559 527 1593 haud
561 1559 737 1604 ignobile,
780 1565 899 1593 extare

87 1616 198 1650 prope
231 1606 428 1640 Zarnatam.
489 1606 661 1639 Pedasum
697 1616 782 1639 cave
817 1617 899 1638 con-

86 1652 211 1685 fundas
244 1664 319 1685 cum
354 1650 491 1696 Μ)5ἰειο
527 1652 654 1697 oppido
693 1650 896 1696 cognomini,

87 1698 179 1743 quod
203 1696 244 1740 ζ’,
264 1699 321 1733 35.
345 1704 634 1738 commemoratur,
659 1698 716 1732 vel
733 1709 807 1731 cum
820 1698 898 1731 Me—

85 1745 194 1778 thone
220 1745 325 1780 urbe.
349 1744 535 1778 secundum
560 1744 738 1777 nonnullos
763 1755 817 1787 ap.
853 1743 896 1785 Ε,

86 1801 177 1843 quae
201 1790 284 1823 urbs
309 1789 493 1824 Messeniis
518 1790 648 1823 demum
674 1789 773 1822 bellis
798 1789 896 1822 inno-

86 1835 165 1870 tuit.
215 1849 249 1870 v.
276 1836 448 1870 Mannert.
473 1837 494 1869 l.
523 1848 552 1869 c.
578 1848 616 1889 p.
638 1835 719 1870 543.

134 1883 364 1917 153—160.
419 1879 561 1927 ἐγγυς
593 1877 718 1920 ἁλός.
763 1879 896 1913 mariti-

84 1939 172 1970 mae,
198 1927 465 1981 commercioque
476 1934 614 1986 aptae,
641 1939 707 1982 quo
732 1926 895 1960 ditentur.

85 1973 268 2010 νέαται.
303 1971 325 2008 o'
352 1973 448 2009 ἐστιν
473 1973 631 2018 ἔσχαται,
659 1987 708 2013 ως
733 1971 897 2016 ὁμοροῦ-

86 2032 148 2056 σαι
172 2023 217 2065 τῆ
241 2019 365 2065 Πύλῳ.
401 2020 456 2053 Ειι
485 2021 527 2054 Ε.
562 2021 615 2054 H.
651 2038 694 2045 ——
721 2030 836 2063 „quae
860 2019 896 2052 in

86 2067 248 2101 extremis
265 2072 381 2100 terrae
406 2068 562 2111 partibus
586 2067 674 2100 sitae
698 2068 801 2098 sunt}
852 2066 895 2099 de

83 2113 170 2158 Pylo
204 2113 399 2147 Messeniae
433 2124 467 2146 v.
493 2124 571 2147 ann.
597 2112 640 2146 ad
667 2110 713 2151 α’,
735 2112 814 2145 247.
850 2129 895 2135 ·-

83 2159 167 2193 Sch.
181 2172 190 2193 ι
215 2157 410 2217 πολύῤῥ.
432 2159 552 2202 (296.)
572 2157 741 2215 πρλυθρ’
727 2170 895 2202 μματοι,

83 2205 278 2241 πλούσιοι·
304 2204 411 2249 ὁῆνες
434 2203 504 2250 γάρ
530 2204 566 2239 οὶ
591 2202 710 2247 α’ρνες.
745 2204 895 2248 (Odyss.

83 2251 127 2294 λ’,
150 2254 250 2288 256.ι
277 2253 412 2294 Πελίης
436 2271 481 2276 ———
506 2250 771 2296 πολύρρηνος.)
809 2262 896 2283 πο-

83 2300 182 2344 λυβ.
206 2298 344 2338 πολλαὶς
368 2297 488 2352 βοῦςέ
474 2297 627 2341 ε’]χοιτες.
665 2299 767 2332 δωτ.
794 2296 894 2340 (297,

85 2344 215 2390 OdySS.
237 2343 272 2385 ι’,
297 2345 388 2385 268,
413 2342 454 2385 λ,
479 2345 577 2388 352.)
604 2346 771 2388 δωρεαῖς.
806 2343 894 2386 (ᾱο-

84 2392 159 2433 nis,
192 2389 345 2436 inprimis
378 2392 431 2435 τῷ
461 2389 611 2431 τεμένει.
667 2403 699 2424 v.
727 2388 766 2433 ζ,
804 2388 896 2429 194,

85 2437 196 2471 locum
230 2437 412 2492 geminum.
455 2437 582 2491 Οό)55.
608 2436 649 2478 λ,
677 2438 755 2471 184.
786 2439 895 2468 mater

85 2482 246 2527 Ulyssis·
281 2481 350 2517 σὸν
383 2479 423 2516 δ’
461 2481 564 2518 οὔπω
597 2496 653 2522 τις
685 2481 757 2526 ε’χει
781 2479 896 2515 καλὸν

85 2528 214 2574 γέρας,
251 2525 342 2564 ἀλλά
378 2527 504 2573 ιἕκηλος
533 2529 742 2573 Τηλέμαχος
766 2527 897 2572 τεμένη

87 2575 254 2631 νέμεται,
298 2574 360 2609 καὶ
392 2577 524 2616 δαῖτας
561 2576 663 2615 ἐΐσας
698 2576 896 2615 Δαίνυται,

89 2618 134 2661 ἃς
156 2620 296 2657 ἐπέοικε
321 2622 544 2658 δικασπόλον
561 2619 667 2665 ἄνδρ’
693 2620 895 2664 ἀλεγύνειν·

90 2667 234 2708 Πάντες
256 2667 325 2712 γάρ
347 2667 529 2704 καλέουσι.
564 2670 607 2704 cf.
633 2667 675 2712 ρ,
700 2669 779 2702 225
808 2668 898 2711 ejus-

89 2715 181 2749 modi
213 2715 311 2748 donis
349 2720 570 2760 opponuntur
608 2714 760 2755 λιπαραὶ
791 2714 898 2757 θέμι-

87 2772 188 2801 στες,
222 2761 374 2805 pinguia
412 2761 486 2795 sive
519 2761 631 2806 opima
658 2762 767 2803 iura,
805 2761 837 2793 h.
863 2771 895 2793 e.

87 2808 237 2848 tributa,
261 2818 350 2860 quae
367 2807 508 2851 regibus
522 2808 793 2853 proceribusque
812 2817 897 2851 pen-

87 2854 279 2893 debantur,
304 2852 463 2897 imposita
487 2853 523 2886 in
548 2854 665 2899 capita
688 2852 822 2897 singula
846 2852 896 2884 ci-

88 2899 191 2933 vium.
238 2877 418 2940 Alcinous,
455 2900 646 2933 Phaeacum
680 2910 760 2939 rex,
796 2908 896 2932 sena-

88 2950 183 2979 tores
206 2944 334 3001 genmtis
344 2955 428 2979 suae
452 2946 680 2989 compellans,
706 2943 833 2988 Odyss.
854 2942 897 2983 ν’,

91 2992 165 3026 13.:
189 3011 234 3016 —
254 2987 334 3026 αλλ’
358 3003 382 3024 α
384 3004 422 3036 γε
448 2991 485 3025 οἱ
511 2992 632 3048 δῶμεν
655 2991 814 3047 τρίποδα
835 2989 898 3047 μέ·

86 3050 156 3082 γαν
180 3035 248 3083 ἥδε
271 3004 406 3083 λέβητα
435 3035 652 3083 Ἆνδρακιίς·
691 3035 830 3082 ἡμεῖς
855 3033 896 3073 δ’

946 1325 1064 1363 αὖτε
1089 1325 1408 1384 ἀγειρόμενοι
1443 1324 1564 1362 κατὰ
1595 1325 1754 1370 δῆμον

951 1373 1205 1419 Τισόμεθ’·
1241 1373 1423 1419 ἀργαλέον
1454 1372 1525 1418 γάρ
1550 1371 1616 1407 ἕνα
1646 1385 1755 1417 προι-

945 1421 1011 1462 κός
1028 1422 1265 1477 χαρίσασθαι.
1292 1422 1336 1456 cf.
1362 1422 1422 1462 H.‚
1442 1420 1603 1454 Nitzsch.
1620 1430 1696 1452 ann.
1709 1419 1753 1452 ad

946 1469 1016 1501 Od.
1037 1466 1084 1511 α’,
1104 1469 1300 1508 225-229,
1323 1467 1448 1512 K6pke
1471 1466 1752 1510 UeberGesetzg.

946 1515 980 1547 d.
1006 1514 1066 1548 Gr.
1093 1526 1126 1559 p.
1154 1515 1251 1549 13—
1264 1517 1317 1550 16.
1353 1513 1396 1547 de
1418 1514 1558 1546 urbibus
1581 1512 1754 1545 donandis

944 1561 980 1594 H
1013 1560 1204 1616 comparari
1229 1560 1335 1604 jussit
1369 1559 1461 1593 infra
1482 1559 1562 1594 479
1588 1569 1685 1604 seqq.
1719 1563 1756 1592 et

947 1606 1086 1699 Οόγεεγ
1100 1606 1142 1650 λ’,
1173 1607 1303 1641 174-
1325 1606 1402 1640 177.
1444 1626 1491 1631 -
1533 1607 1651 1640 θεόν
1683 1600 1753 1643 ἆίς.

944 1654 1034 1693 302,
1100 1655 1177 1697 ,,2
1208 1653 1276 1693 35,
1302 1653 1388 1693 172,
1416 1650 1464 1695 δ’,
1497 1652 1588 1691 482,
1621 1649 1660 1692 ε’,
1685 1651 1753 1685 371

945 1700 1101 1743 (ιιο.)μ
1113 1697 1442 1742 εταλλήξαντι.
1477 1697 1553 1741 (ita
1577 1675 1666 1730 'Ven.
1691 1707 1754 1730 au-

945 1748 1042 1778 ctore
1066 1746 1287 1787 Aristarcho,
1322 1749 1363 1777 ut
1386 1745 1495 1777 refert
1518 1743 1634 1777 Schol.
1656 1744 1684 1775 A
1709 1742 1752 1775 ad

942 1792 1023 1831 299,
1050 1796 1173 1834 estque
1199 1770 1287 1824 hae6
1308 1790 1450 1833 vulgata
1474 1789 1657 1834 scriptura.
1693 1787 1753 1822 sed

943 1836 1060 1882 Lips„
1095 1837 1258 1877 Τ·.οιιιι1,
1296 1847 1380 1869 unus
1411 1836 1562 1870 Vindob.
1595 1839 1630 1868 et
1654 1834 1754 1868 Vrat.

942 1882 987 1924 b,
1014 1894 1099 1926 quos
1123 1884 1159 1916 H
1183 1886 1324 1916 secutus
1346 1887 1418 1923 est,
1445 1882 1537 1915 haud
1559 1880 1664 1914 male.
1689 1894 1753 1926 με-

941 1928 1152 1972 ταλήξαντι.
1163 1929 1180 1972 )
1225 1927 1397 1973 λήξαντι,
1430 1927 1673 1983 παυσαμένῳ.
1708 1946 1752 1952 -—

943 1977 965 2011 6
977 1988 1001 2018 μ
1016 1989 1037 2019 η
1051 1978 1079 2010 θ·
1091 1974 1114 2020 η’
1127 1989 1146 2009 τ
1160 1989 1199 2010 ω.
1260 1972 1505 2031 δαμασθήτω.
1573 1972 1753 2016 τουτέστι,

945 2024 1065 2068 πρᾷος
1089 2022 1151 2057 καὶ
1183 2020 1344 2066 ἐπιεικής
1367 2033 1445 2065 γεεν
1441 2020 1541 2056 ’σθω.
1589 2017 1755 2064 (ausl-

942 2072 1089 2113 λιχος.
1141 2080 1174 2102 v.
1206 2068 1295 2102 infra
1321 2067 1428 2110 572.)
1484 2064 1752 2112 υποστήτω.

940 2113 1265 2159 παραχωρησάτω,
1286 2112 1357 2148 ύπε
1352 2113 1484 2156 ιξοὶτω.

990 2162 1110 2197 164—
1125 2163 1199 2197 171.
1248 2160 1347 2193 Sclr:
1374 2158 1536 2195 οὐκέτ’
1558 2155 1752 2194 ὀνοστοῖ.

942 2205 987 2242 οὔ
1012 2206 1171 2251 μεμπτά.
1220 2206 1343 2249 (etiam
1368 2206 1540 2250 interpres
1563 2205 1751 2249 vzulgatus

941 2255 1033 2287 dona
1058 2255 1194 2298 quidem
1218 2253 1418 2295 neutiquam
1443 2252 1664 2293 aspernanda
1687 2252 1752 2285 das

941 2301 1070 2333 Achilli
1085 2301 1183 2344 regi,
1211 2303 1246 2332 et
1265 2298 1424 2331 similiter
1449 2299 1581 2332 Hessus
1605 2297 1752 2353 aliique;

941 2347 976 2380 H
1001 2350 1112 2379 autem
1137 2356 1213 2379 ann.
1240 2344 1283 2377 ad
1311 2341 1355 2385 δ’,
1380 2345 1460 2379 539.
1490 2355 1596 2401 saepe
1628 2342 1752 2379 οὐκέτι

942 2392 1027 2426 nihil
1053 2392 1144 2426 aliud
1169 2402 1245 2425 esse
1270 2390 1357 2424 dicit
1388 2402 1487 2434 quam
1513 2388 1592 2425 οὐκ.
1618 2390 1750 2424 adscri-

942 2439 1069 2483 psisset
1092 2437 1213 2471 vellem
1232 2436 1286 2469 vir
1311 2436 1562 2470 eruditissimus
1585 2438 1752 2482 probato-

943 2496 1016 2518 rum
1042 2484 1247 2529 scriptorum
1271 2482 1366 2523 loca,
1391 2483 1514 2527 quibus
1542 2482 1577 2515 id
1600 2483 1650 2516 ita
1677 2493 1752 2516 esse

944 2531 1215 2574 intelligeretur.
1249 2540 1325 2562 nam
1357 2529 1423 2562 hoc
1449 2528 1584 2573 quidem
1609 2527 1751 2562 Homeri

942 2577 1018 2610 loco
1054 2582 1090 2610 et
1119 2576 1177 2609 illo
1201 2574 1280 2608 libri
1305 2573 1339 2608 4.
1373 2574 1457 2607 nihil
1481 2574 1653 2615 efficitur,
1687 2573 1749 2607 sed

943 2627 1091 2667 utroque
1109 2620 1232 2656 οὐκέτι
1250 2620 1472 2664 interpretari
1489 2631 1668 2674 possumus
1683 2632 1751 2654 uon
1789 2624 1792 2665 ξ

945 2670 1092 2713 amplius
1116 2668 1171 2701 vel
1186 2669 1266 2711 jam
1292 2678 1382 2708 non,
1415 2670 1536 2710 estque
1567 2665 1596 2699 is
1629 2677 1750 2699 sensus
1789 2675 1792 2688 ’

944 2714 1101 2748 vocabuli
1121 2714 1236 2759 aptior
1262 2712 1362 2746 etiam
1380 2711 1460 2745 huic
1479 2712 1553 2745 loco
1579 2723 1678 2756 quam
1699 2712 1751 2745 al-
1788 2707 1791 2746 l

943 2761 1033 2802 teri,
1059 2760 1157 2794 modo
1182 2758 1390 2803 cogitemus,
1419 2769 1486 2791 non
1504 2757 1616 2792 omnia
1635 2769 1750 2792 senem

943 2807 1033 2840 dona
1056 2806 1114 2840 illa
1139 2809 1175 2840 et
1198 2804 1351 2850 praemia
1369 2803 1498 2845 dicere,
1523 2815 1611 2848 quae
1629 2802 1751 2838 Achilli
1788 2810 1791 2838 ἕ

943 2852 1098 2897 promisit
1121 2853 1240 2896 Agam.
1254 2875 1265 2892 ‚
1289 2849 1350 2883 sed
1375 2849 1492 2883 ultimo
1516 2852 1647 2883 tantum
1665 2860 1750 2883 nun-

942 2903 1088 2944 cupata,
1114 2907 1220 2931 naves
1244 2896 1320 2929 auri
1343 2896 1502 2940 aerisque
1520 2896 1652 2949 plenaS,
1674 2905 1751 2929 ser-
1786 2856 1790 2941 l

942 2955 1005 2978 vas
1029 2944 1201 2997 Trojanas
1227 2941 1353 2985 viginti
1383 2941 1653 2987 pulcherrimas,
1686 2941 1751 2975 do-
1786 2942 1789 2978 Ι

943 2991 1061 3045 mique
1081 2988 1255 3035 propriam
1279 2988 1383 3021 filiam
1407 2999 1546 3022 uxorem
1570 2998 1643 3020 cum
1668 2987 1750 3020 dote
1785 3000 1789 3028 l

944 3036 1101 3072 inaudita
1129 3039 1261 3081 septem
1285 3034 1432 3069 urbium.
1481 3045 1570 3081 quae
1592 3037 1673 3068 ante
1696 3031 1748 3066 di·
1785 3039 1788 3077 ‚¹
