1811 3269
75 155 159 197 112

248 264 364 309 αἴτ’
397 261 477 308 ἀπ’
512 263 805 319 ἐπισσώτρων.

710 156 1118 198 ΟΜΗΡΟΥ

867 265 890 310 ὁ
923 266 1019 310 δὲ’*
999 283 1086 310 ιετο
1119 268 1250 310 δῦναι
1278 265 1434 321 ὅμιλον

246 321 517 381 ανδρόμεον,
549 322 676 378 ῥῆξαί
703 339 771 372 τε,
801 322 1086 378 μετάλμενος,
1125 323 1173 366 ἐν
1203 324 1250 366 δὲ
1281 322 1501 379 κυδοιμὸν

246 395 324 435 ηκε
353 378 492 422 κακὸν
517 384 758 430 Δαναοῖσι,
791 383 988 435 μίνυνθα
1019 381 1064 424 δὲ
1093 379 1243 435 χάζετο
1275 381 1452 434 δουρός.

132 440 216 483 540

249 435 388 491 αὐτάρ
426 434 449 479 6
480 439 569 478 τῶν
602 435 745 479 ἄλλων
775 437 1033 481 ἐπεπωλεῖτο
1065 439 1210 492 στίχας
1239 434 1420 491 ἀνδρῶν

248 494 365 549 ε’γχεί
390 491 433 535 τ’
467 491 570 547 αόρί
600 509 670 543 τε,
702 494 932 549 μεγάλοισί
961 510 1005 537 τε
1035 495 1363 561 χερμαδίοισιν·

246 552 441 600 Αἴαντος
472 548 515 592 δ’
549 548 710 593 ἀλέεινε
741 551 884 620 μάχην
921 549 1277 605 Τελαμωνιάδαο.

246 606 372 661 [Ζεὺς
403 605 487 662 γάρ
523 608 568 650 οἱ
596 609 810 663 νεμεσαθ’
812 641 824 661 ,
857 607 929 651 ο’τ’
962 607 1162 663 ἀμείνονι
1194 606 1309 662 φωτὶ
1340 605 1552 662 μάχοιτο.]

296 687 458 731 ceditque
482 687 620 722 tandem
646 689 732 733 Ajax
758 688 987 733 pedetentim,
1013 687 1135 722 castris
1159 692 1327 720 metuens.

323 755 436 806 Ζεύς
468 755 514 799 δὲ
543 756 683 811 πατὴρ
718 753 882 799 Αἴανθ’
910 754 1129 824 ὑψίζυγος
1152 770 1199 797 εν
1229 754 1376 810 φόβον
1404 758 1563 810 ὦρσεν

130 815 214 858 545
247 816 325 867 στῆ
358 814 403 855 δὲ
433 813 611 868 ταφών,
644 813 800 856 ὄπιθεν
831 813 877 856 δὲ
909 814 1043 864 σάκος
1072 811 1204 884 βάλεν
1215 811 1510 882 επταβόειον·

212 870 394 924 *τρέσσε
424 869 470 913 δὲ
500 869 727 925 παπτῄνας
758 868 833 924 ἐφ’
862 868 1042 924 ὁμίλου,
1073 868 1180 924 θηρὶ
1210 868 1376 919 εοικώς,

246 926 685 998 ἐντροπαλιζόμενος,
718 926 870 982 ὀλίγον
899 926 1013 997 γόνυ
1042 925 1208 982 γουνὸς
1232 924 1446 996 άμείβων.

245 983 304 1036 ὥς
335 982 380 1027 6’
414 985 587 1027 αἴθωνα
617 983 775 1027 λέοντα
805 987 928 1040 βοῶν
957 981 1044 1027 άπὸ
1075 981 1340 1039 μεσσαύλοιο

73 1109 130 1154 git
144 1110 273 1154 rapida
289 1111 423 1155 ungula
447 1121 539 1144 rores
557 1110 790 1155 Sanguineas,
806 1111 892 1144 mix-

75 1161 179 1200 taque
202 1169 302 1190 cruor
324 1159 479 1190 calcatur
503 1160 637 1190 arenaf
642 1157 806 1190 Eichh.

121 1204 201 1237 537.
251 1201 270 1238 6
298 1203 354 1238 δε
380 1203 482 1237 ἱέτο
509 1203 582 1236 sine
608 1202 760 1244 elisione,
786 1209 827 1237 ut
845 1201 892 1259 β’,

75 1249 177 1283 589.·
207 1248 366 1292 μάλιστα
399 1250 445 1286 ὸέ
478 1250 571 1291 ιἐτο,
587 1251 714 1296 θυμῷ.
767 1251 812 1283 cf.
847 1248 890 1291 ν’,

75 1296 167 1336 336,
192 1295 239 1338 v',
266 1298 345 1332 502.

121 1342 190 1376 538
215 1353 311 1387 sequ.
360 1338 654 1385 ἀνδρόμεον.
701 1340 776 1385 (ρ’,
809 1343 891 1383 571,

74 1385 123 1428 v',
149 1390 237 1429 100,
262 1389 331 1425 Od.
357 1386 392 1429 ι’,
415 1387 485 1424 374
508 1389 594 1431 etc.)
628 1386 695 1423 τόν
722 1389 796 1422 ταῖν
821 1385 888 1422 άν-

75 1435 187 1478 δρῶν.
213 1435 294 1468 Sch.
338 1455 381 1460 —
423 1436 643 1477 μίνυνθα
669 1454 711 1458 -
738 1433 888 1477 δουρός.

74 1492 141 1514 non
173 1482 320 1515 multum
349 1481 492 1515 cedebat
524 1482 646 1519 hasta,
683 1481 717 1515 h.
745 1494 774 1517 e.
808 1493 888 1515 raro

75 1528 238 1560 cessabat
271 1539 291 1561 a
323 1527 530 1561 dimicando.
572 1527 687 1560 Schol.
712 1529 764 1561 A:
800 1526 890 1563 οὐδε

74 1570 136 1608 ἐπ’
170 1571 316 1618 ὀλίγον,
349 1570 433 1609 ἀλλ’
468 1571 528 1608 οἷεὶ
562 1572 730 1617 ἐμάχετο

73 1620 204 1655 Matth.
229 1623 262 1663 ς.
289 1622 378 1661 331,
404 1633 444 1662 c,
471 1632 547 1653 ann.
597 1619 634 1661 ε’,
664 1620 739 1655 187.

120 1667 200 1701 541.
250 1667 294 1700 cf.
319 1668 400 1702 265.
433 1646 506 1700 ictu
545 1666 686 1699 metrico
722 1665 831 1711 prima
855 1666 891 1700 in

77 1726 101 1747 α
113 1725 131 1747 ο
144 1725 163 1754 ρ
175 1726 188 1746 ι
209 1713 340 1757 ubique
353 1713 566 1767 producitur
575 1713 667 1758 apud
682 1712 795 1753 Hom„
816 1724 893 1746 cor

74 1759 201 1803 ripitur
228 1765 343 1792 autem
362 1760 396 1792 in
419 1759 509 1792 thesi
529 1756 579 1799 π’,
608 1760 695 1800 115,
734 1764 773 1792 ut
810 1770 892 1792 con-

75 1811 279 1839 sentaneum
301 1810 354 1838 est
371 1804 571 1847 fieri,cu1n
596 1810 718 1838 natura
741 1803 786 1837 sit
812 1805 892 1838 bre-

73 1851 139 1885 vis.
170 1863 201 1884 v.
227 1851 270 1894 ξ’,
295 1853 430 1895 385,φ
402 1864 454 1895 φ,
474 1852 552 1891 173,
581 1851 652 1884 Od.
669 1849 713 1890 κ’,
739 1851 808 1885 333
825 1856 891 1883 etc.

121 1895 210 1938 542,
235 1900 270 1932 3.
318 1896 517 1951 ἀλέεινε.
552 1895 622 1940 (γ’,
647 1898 692 1931 32
714 1897 806 1940 etc.)
834 1895 892 1930 ἔκ-

73 1946 183 1979 κλινε.
208 1943 290 1977 Sch.
312 1963 358 1967 —
383 1943 443 1988 qui
468 1943 624 1987 sequitur
648 1954 792 1984 versus,
831 1955 893 1976 ne-

75 2002 142 2036 que
178 1989 214 2023 in
246 1989 389 2034 scriptis
421 1989 592 2034 editisque
625 1988 766 2022 Homeri
791 1989 893 2022 codd.

74 2037 269 2076 invenitur,
304 2042 340 2070 et
377 2037 507 2070 alienus
541 2039 594 2068 est
630 2036 673 2068 ab
708 2034 892 2075 hocloco,

76 2083 235 2128 quamvis
259 2082 417 2116 laudatus
450 2081 629 2117 Aristoteli
659 2081 764 2116 Rhet.
789 2082 830 2124 2,
859 2083 893 2116 9.

76 2136 112 2163 et
138 2130 190 2162 bis
216 2128 423 2169 Plutarcho,
458 2128 544 2162 libro
570 2127 613 2160 de
639 2127 715 2161 aud.
740 2131 832 2172 poet.
860 2139 893 2172 p.

75 2176 122 2210 24
142 2175 171 2208 C
197 2181 233 2209 et
256 2177 301 2210 36
320 2178 359 2208 A.
391 2173 446 2216 „si
472 2174 559 2208 enim
590 2174 724 2207 Hector
749 2175 895 2207 evitavit

76 2222 194 2266 Ajacis
221 2233 418 2261 occursum,
456 2220 625 2265 quomodo
660 2221 724 2252 hoc
750 2220 893 2263 subjun-

77 2279 164 2313 gas,
199 2268 320 2301 Jovem
356 2267 507 2301 noluisse
540 2267 726 2299 Hectorem
751 2266 786 2299 in
811 2267 894 2309 Aja-

78 2326 151 2347 cem
174 2314 343 2354 incidere,
368 2326 410 2347 ne
431 2325 506 2346 cum
530 2312 676 2346 fortiore
696 2312 895 2365 pugnaret?

76 2360 132 2394 Ita
159 2359 366 2394 contrarium
387 2359 514 2392 dictum
546 2358 702 2403 oportuit
726 2358 761 2391 in
790 2370 896 2402 supe-

77 2406 247 2447 rioribus,
274 2407 458 2439 Hectorem
478 2405 699 2440 tetendisse·
691 2416 725 2437 m
743 2405 894 2458 Ajacem,

76 2453 139 2486 sed
158 2454 201 2486 ab
221 2453 310 2486 Jove
331 2452 440 2485 fuisse
466 2451 713 2496 prohibitum.“
749 2451 800 2484 sic
822 2452 896 2484 sere

76 2499 133 2540 H,
159 2499 257 2542 cujus
275 2498 486 2539 sententiae,
513 2497 547 2531 in
569 2508 669 2542 quam
688 2497 736 2530 W
758 2508 896 2542 quoque

77 2545 270 2586 concessit,
297 2545 486 2578 subscribo.

122 2601 247 2638 544-
258 2603 340 2637 547.
379 2597 568 2641 Αἴανθ’,
594 2600 736 2634 Αἴαντι.
760 2612 794 2633 v.
813 2602 895 2642 589,

117 2651 242 2692 ,599
278 2655 313 2682 et
337 2648 380 2682 de
407 2661 418 2682 ι
447 2647 564 2681 littera
590 2647 676 2680 elisa
712 2644 750 2687 ε’,
778 2649 820 2688 5,

77 2697 146 2731 272
170 2701 237 2729 etc.
272 2715 318 2720 —
357 2692 618 2739 ὑψίζυγος.
665 2691 710 2733 δ’,
739 2674 814 2727 166.
851 2712 895 2718 —-

77 2740 255 2798 ταφών.
285 2739 321 2782 ι’,
336 2743 412 2776 193.
435 2741 601 2775 —Sch.:
627 2739 804 2783 τρέσσε.
831 2738 894 2782 (ν’,

79 2789 166 2829 515,
192 2786 234 2831 ξ’,
258 2767 327 2822 522
345 2788 431 2830 etc)
466 2785 530 2820 διά
564 2785 647 2825 δέος
671 2786 895 2829 ὑπεχώρησε.

78 2848 104 2869 π
119 2848 142 2868 α
155 2848 223 2870 πτ.
258 2832 324 2876 (6'‚
353 2835 439 2875 200,
461 2834 529 2867 497
548 2833 635 2876 etc.)
670 2832 895 2877 περιβλεψά-

78 2894 200 2926 μενος.
224 2860 328 2924 (anag
351 2860 493 2913 verb’um
513 2880 737 2914 παπταίνειν
757 2880 811 2912 vel
833 2889 896 2923 per

79 2940 117 2962 se
139 2929 267 2962 dicitur
288 2926 347 2970 [v',
366 2928 430 2962 551
451 2925 637 2968 etc.].ve1
659 2937 732 2959 cum
753 2936 896 2958 accusa—

81 2975 153 3008 tivo
173 2973 386 3008 construitur
413 2970 482 3015 [6',
506 2973 594 3012 200,
621 2985 664 3015 ρ,
695 2973 771 3007 115.
772 2972 817 3025 ],
842 2971 897 3004 vel

83 3021 231 3066 denique
249 3018 525 3066 praepositiones
540 3015 613 3053 οἷνα
634 3024 671 3052 et
688 3014 781 3053 κατὰ
798 3028 898 3051 usur-

782 1575 890 1616 v.H,

939 1109 1015 1156 pari
1037 1109 1150 1144 sdlent
1172 1108 1220 1153 [μ’
1225 1136 1234 1152 ,
1256 1110 1345 1150 333,
1375 1106 1407 1153 ρ’
1409 1135 1419 1151 ,
1444 1106 1498 1144 84.
1502 1109 1515 1153 ]
1530 1133 1541 1149 ,
1565 1112 1604 1142 ut
1629 1108 1663 1141 H
1687 1119 1750 1141 an·-

938 1158 1083 1190 notavit.
1140 1157 1217 1190 fieri
1252 1156 1388 1201 quidem
1416 1160 1552 1200 potest,
1586 1159 1625 1187 ut
1647 1155 1751 1188 etiam

938 1205 1160 1238 παπταινειν
1193 1202 1254 1238 ἐπί
1284 1214 1387 1241 τινος
1419 1201 1571 1234 dixerint
1597 1200 1752 1242 Graeci,

938 1251 999 1283 sed
1029 1250 1208 1293 eleganter
1238 1249 1328 1282 Plut.
1356 1248 1520 1291 Pompejo
1545 1259 1579 1292 p.
1604 1248 1671 1281 657
1698 1247 1750 1280 D.

938 1309 992 1339 τρ.
1020 1295 1059 1331 δε
1085 1309 1198 1331 παπτ.
1223 1293 1297 1339 (iq)
1322 1291 1475 1338 ὁμίλου,
1498 1294 1571 1327 h.e
1552 1306 1582 1327 e.
1607 1292 1753 1336 τρέσσεν

940 1340 1012 1386 (ἐφ’
1038 1340 1086 1386 ὀμ
1110 1367 1120 1383 ,
1146 1354 1245 1387 quam
1263 1341 1467 1393 scripturam
1487 1351 1611 1373 vereor
1628 1351 1673 1373 ne
1691 1339 1753 1374 de-

935 1389 1043 1423 terior
1069 1389 1177 1422 altera
1211 1388 1278 1421 ista
1307 1386 1499 1441 expulerit,
1533 1386 1752 1430 quemadmo—

937 1437 1016 1469 dum
1044 1437 1108 1468 hae
1130 1434 1406 1479 praepositiones
1422 1444 1477 1477 ap.
1498 1432 1584 1466 aiios
1602 1433 1754 1477 scripto-

936 1494 992 1516 res
1015 1492 1252 1525 nonnunquam
1275 1480 1339 1513 sibi
1358 1479 1472 1513 fraudi
1490 1479 1586 1512 fuere
1606 1485 1752 1523 propter

937 1528 1203 1563 similitudinem.
1263 1527 1314 1559 sic
1353 1538 1408 1570 ap.
1453 1524 1626 1558 comicum
1657 1526 1750 1559 Nub.

939 1574 1040 1610 1064.
1073 1574 1235 1617 vulgares
1265 1572 1347 1605 libri
1380 1573 1509 1605 habent
1533 1569 1752 1614 ἐπάγεσθαι,

939 1622 1029 1666 quod
1053 1621 1235 1664 perspicue
1259 1619 1305 1651 fa}
1310 1630 1382 1651 sum
1405 1623 1474 1658 est,
1502 1618 1671 1652 emendati
1688 1631 1752 1653 au-

938 1674 1006 1700 tem
1041 1665 1267 1708 αἠάγεσθαι.
1328 1665 1371 1697 cf.
1412 1663 1529 1709 Eurip.
1572 1663 1629 1697 El.
1674 1666 1753 1708 139,

939 1714 1100 1747 Schssifer.
1124 1712 1260 1746 Melett.
1291 1710 1368 1743 crit.
1396 1722 1429 1754 p.
1456 1711 1512 1744 93.
1544 1715 1579 1743 et
1609 1710 1652 1744 de
1672 1722 1753 1744 sen-

938 1759 1047 1792 tentia
1082 1760 1161 1794 556.
1203 1777 1245 1782 —
1288 1754 1537 1798 ἐντροπαλ.
1578 1754 1619 1798 ζ,
1651 1757 1753 1812 496.)

939 1803 1121 1860 ὀλίγον.
1170 1800 1257 1838 κατ’
1296 1800 1444 1847 ὀλίγον,
1479 1801 1574 1837 κατὰ
1605 1805 1751 1860 μικρόν.

940 1848 1173 1896 άμείβων.
1218 1847 1421 1885 άλλάσσων.
1479 1849 1532 1882 E:
1577 1847 1676 1885 οὕτω
1711 1848 1754 1885 δέ

940 1909 1034 1942 φασι
1058 1899 1119 1932 καὶ
1143 1895 1209 1930 τὸν
1227 1895 1357 1931 λέοντα
1378 1893 1472 1939 φεύ)
1476 1908 1529 1930 ειν
1545 1908 1638 1950 μετα
1657 1911 1752 1942 φρο-

939 1944 1125 1988 νήματος,
1158 1940 1198 1982 ὃς
1223 1957 1254 1978 κ.
1282 1940 1397 1983 αὐτὸς
1424 1940 1483 1976 ὀλ.
1506 1942 1621 1987 γόνυ
1645 1957 1754 1987 γου-

941 1991 1021 2032 νὸς
1047 1989 1200 2036 ἀμείβει,
1226 1986 1294 2024 ου’-,ι
1308 1987 1511 2032 ἐπιτρέπων
1529 1988 1662 2026 ἑαυτὸν
1675 1995 1754 2034 τοῖς

940 2039 1063 2073 ποσίν.
1091 2050 1165 2072 εστι
1184 2035 1223 2071 δὲ
1251 2034 1480 2082 ἀμείβειν
1503 2035 1620 2081 γόνυ
1646 2052 1754 2082 γου-

941 2086 1024 2125 νὰς
1057 2083 1098 2118 τὸ
1132 2082 1248 2130 βραχύ
1281 2083 1522 2140 προποδίζειν
1545 2084 1654 2128 κ.μή
1679 2099 1754 2130 μα-

940 2145 1011 2175 κροι
1038 2129 1203 2187 βιβάςειν
1226 2130 1322 2164 κατοὶ
1347 2126 1436 2169 τούς
1460 2126 1484 2172 ἢ
1505 2131 1675 2173 θρασέως
1699 2134 1758 2168 δι-

942 2179 1125 2217 ω’κοντας,
1169 2173 1208 2232 ἢ
1233 2174 1500 2231 ἀμεταστρεπτὶ
1535 2178 1755 2222 φεύγοντας..

942 2224 1054 2269 φύσει
1079 2222 1119 2259 ὁε
1144 2221 1325 2276 στάσιμος
1342 2219 1361 2257 ὁ
1390 2222 1498 2262 Αἴας,
1531 2237 1565 2258 κ.
1590 2223 1635 2260 ov'
1660 2227 1755 2262 ποδ-

943 2271 1062 2316 ώκης,
1103 2269 1167 2305 διά
1199 2268 1241 2304 τὸ
1274 2266 1374 2304 πάνυ
1414 2268 1508 2303 πολύ
1547 2273 1617 2306 τοῦ
1652 2273 1756 2317 μεγέ-

941 2321 1049 2357 θους.
1101 2314 1160 2352 διὸ
1184 2329 1247 2351 και
1273 2313 1346 2359 ὄνῳ
1373 2315 1558 2358 εἴκασται,
1584 2318 1647 2353 και
1665 2321 1756 2366 βου-

941 2364 1048 2419 γάιός
1070 2377 1144 2399 που
1177 2362 1250 2407 (ν’,
1279 2350 1357 2396 824.
1371 2387 1381 2403 ,
1414 2362 1474 2395 sed
1509 2374 1542 2397 v.
1574 2364 1624 2398 ibi
1647 2367 1754 2410 ann.)

942 2411 1160 2447 σκώπτεται.
1212 2409 1255 2442 de
1289 2409 1386 2442 leone
1420 2407 1564 2443 Aristot.
1598 2411 1621 2444 l.
1658 2424 1688 2446 c.
1719 2415 1755 2455 9,

943 2461 1087 2501 31,1.:
1125 2456 1165 2492 ἐν
1202 2454 1242 2489 δὲ
1275 2458 1357 2493 ταῖς
1391 2453 1543 2512 θήραις
1563 2454 1755 2502 ὁρώμενος

942 2518 1032 2562 μεν
1048 2503 1229 2539 ουδέποτε
1266 2499 1416 2558 φεύγει,
1459 2499 1548 2536 ουδὲ
1589 2504 1754 2549 πτήσσει,

944 2549 1032 2587 ἀλλ’
1058 2547 1123 2586 ἕαν
1153 2562 1218 2584 και
1253 2546 1318 2583 διὰ
1344 2548 1499 2602 πλῆθος
1532 2547 1756 2606 ἀναγκασθῇ

943 2612 1018 2634 των
1051 2595 1296 2641 θηρευόντων
1332 2590 1571 2652 ὑπαγαγεῖν,
1598 2597 1755 2644 βάδην

848 2646 895 2691 η’,
943 2643 1189 2688 ὑποχωρεῖ
1213 2642 1290 2676 καὶ
1315 2639 1437 2675 κατὰ
1471 2641 1635 2684 σκέλος
1665 2645 1755 2689 (pe-

944 2690 1162 2734 cuneatim),
1195 2687 1278 2723 καὶ
1308 2686 1425 2721 κατά
1461 2688 1614 2744 βραχύ
1647 2689 1751 2726 ἐπι-

943 2751 1022 2780 στρ
1037 2751 1051 2772 ε
1065 2751 1092 2781 φ
1105 2737 1123 2772 6
1136 2750 1160 2780 μ
1175 2748 1190 2770 ε
1204 2748 1224 2769 ν
1237 2748 1255 2769 o
1270 2745 1311 2772 ς·
1338 2731 1406 2767 ἐάν
1429 2733 1557 2776 μέντοι
1579 2735 1754 2783 ἐπιλάβη-

942 2799 1004 2819 ται
1031 2784 1175 2823 δασέος,
1200 2778 1330 2825 φεύγει
1346 2779 1482 2823 ταχέως
1500 2787 1567 2815 etc.
1591 2802 1638 2808 —
1661 2795 1753 2818 com-

943 2838 1087 2877 paratur
1113 2829 1212 2871 Virg.
1238 2830 1321 2861 Aen.
1345 2828 1389 2867 9,
1415 2827 1482 2861 789
1507 2838 1604 2885 seqq.

988 2878 1120 2913 548-
1140 2877 1220 2910 557.
1268 2871 1468 2907 αἴθωνα.
1515 2874 1561 2920 β’,
1594 2876 1674 2911 839.
1709 2895 1752 2900 -

943 2920 1251 2972 μεσσαύλοιο.
1270 2916 1333 2960 (ρ’,
1352 2920 1431 2959 112,
1451 2919 1519 2952 Od-
1533 2919 1754 2965 n'‚435etc)

945 2970 1061 3003 Schol.
1083 2964 1258 3024 Apollonii
1282 2965 1396 3000 Rhod.
1416 2966 1451 3019 3,
1476 2967 1575 3002 234:
1599 2967 1756 3011 μέσσαν-

944 3020 1017 3057 λος.
1065 3013 1107 3050 τὸ
1132 3013 1244 3059 μέσον
1278 3012 1346 3056 τῆς
1377 3009 1513 3056 αὐλῆς,
1547 3010 1647 3050 ὅπου
1680 3015 1755 3049 τῶν
