<?xml version="1.0" encoding="UTF-8"?>
<!DOCTYPE html PUBLIC "-//W3C//DTD XHTML 1.0 Transitional//EN"
    "http://www.w3.org/TR/xhtml1/DTD/xhtml1-transitional.dtd">
<html xmlns="http://www.w3.org/1999/xhtml" xml:lang="en" lang="en">
 <head>
  <title>
</title>
<meta http-equiv="Content-Type" content="text/html;charset=utf-8" />
  <meta name='ocr-system' content='tesseract 3.04.00' />
  <meta name='ocr-capabilities' content='ocr_page ocr_carea ocr_par ocr_line ocrx_word'/>
</head>
<body>
  <div class='ocr_page' id='page_1' title='image "./carmina01home_0284.png"; bbox 0 0 1811 3269; ppageno 0'>
   <div class='ocr_carea' id='block_1_1' title="bbox 121 156 204 196">
    <p class='ocr_par' dir='ltr' id='par_1_1' title="bbox 121 156 204 196">
     <span class='ocr_line' id='line_1_1' title="bbox 121 156 204 196; baseline -0.012 0"><span class='ocrx_word' id='word_1_1' title='bbox 121 156 204 196; x_wconf 85' lang='lat'><strong><em>268</em></strong></span> 
     </span>
    </p>
   </div>
   <div class='ocr_carea' id='block_1_2' title="bbox 754 155 1158 200">
    <p class='ocr_par' dir='ltr' id='par_1_2' title="bbox 754 155 1158 200">
     <span class='ocr_line' id='line_1_2' title="bbox 754 155 1158 200; baseline 0.005 -4"><span class='ocrx_word' id='word_1_2' title='bbox 754 155 1158 200; x_wconf 73' lang='grc' dir='ltr'><em>ΟΜΗΡΟΥ</em></span> 
     </span>
    </p>
   </div>
   <div class='ocr_carea' id='block_1_3' title="bbox 261 262 1614 396">
    <p class='ocr_par' dir='ltr' id='par_1_3' title="bbox 261 262 1614 380">
     <span class='ocr_line' id='line_1_3' title="bbox 261 262 1614 323; baseline 0.005 -17.186"><span class='ocrx_word' id='word_1_3' title='bbox 261 264 400 317; x_wconf 84' lang='grc' dir='ltr'><strong><em>*πρίν</em></strong></span> <span class='ocrx_word' id='word_1_4' title='bbox 429 262 472 320; x_wconf 80' lang='grc' dir='ltr'><strong><em>γ’</em></strong></span> <span class='ocrx_word' id='word_1_5' title='bbox 505 263 867 323; x_wconf 75' lang='grc' dir='ltr'><strong><em>ἀποπαύσεσθαι,</em></strong></span> <span class='ocrx_word' id='word_1_6' title='bbox 897 267 1002 320; x_wconf 90' lang='grc' dir='ltr'><strong><em>πρίν</em></strong></span> <span class='ocrx_word' id='word_1_7' title='bbox 1031 266 1077 321; x_wconf 78' lang='grc' dir='ltr'><strong><em>γ’</em></strong></span> <span class='ocrx_word' id='word_1_8' title='bbox 1107 265 1135 323; x_wconf 80' lang='grc' dir='ltr'><em>ἢ</em></span> <span class='ocrx_word' id='word_1_9' title='bbox 1170 265 1319 321; x_wconf 77' lang='grc' dir='ltr'><strong><em>ἕτερόν</em></strong></span> <span class='ocrx_word' id='word_1_10' title='bbox 1348 283 1395 322; x_wconf 74' lang='grc' dir='ltr'><strong><em>γε</em></strong></span> <span class='ocrx_word' id='word_1_11' title='bbox 1426 268 1614 314; x_wconf 80' lang='grc' dir='ltr'><strong><em>πεσόντα</em></strong></span> 
     </span>
     <span class='ocr_line' id='line_1_4' title="bbox 296 317 1419 396; baseline 0.003 -32"><span class='ocrx_word' id='word_1_12' title='bbox 296 323 477 375; x_wconf 81' lang='grc' dir='ltr'><strong><em>αἵματος</em></strong></span> <span class='ocrx_word' id='word_1_13' title='bbox 507 317 609 363; x_wconf 79' lang='grc' dir='ltr'><strong><em>ἆσαι</em></strong></span> <span class='ocrx_word' id='word_1_14' title='bbox 630 320 792 376; x_wconf 66' lang='grc' dir='ltr'><strong><em>Ἄρηα,</em></strong></span> <span class='ocrx_word' id='word_1_15' title='bbox 824 322 1088 375; x_wconf 80' lang='grc' dir='ltr'><strong><em>ταλαύρινον</em></strong></span> <span class='ocrx_word' id='word_1_16' title='bbox 1117 325 1389 396; x_wconf 57' lang='grc' dir='ltr'><strong><em>πολεμιστήν</em></strong></span> <span class='ocrx_word' id='word_1_17' title='bbox 1395 330 1419 348; x_wconf 87' lang='lat'><strong>“</strong></span> 
     </span>
    </p>
   </div>
   <div class='ocr_carea' id='block_1_4' title="bbox 179 383 262 423">
    <p class='ocr_par' dir='ltr' id='par_1_4' title="bbox 179 383 262 423">
     <span class='ocr_line' id='line_1_5' title="bbox 179 383 262 423; baseline 0.024 -2"><span class='ocrx_word' id='word_1_18' title='bbox 179 383 262 423; x_wconf 81' lang='grc'><strong><em>290</em></strong></span> 
     </span>
    </p>
   </div>
   <div class='ocr_carea' id='block_1_5' title="bbox 366 377 1506 452">
    <p class='ocr_par' dir='ltr' id='par_1_5' title="bbox 366 377 1506 452">
     <span class='ocr_line' id='line_1_6' title="bbox 366 377 1506 452; baseline 0.004 -32.057"><span class='ocrx_word' id='word_1_19' title='bbox 366 377 449 427; x_wconf 69' lang='grc' dir='ltr'><strong><em>’.Ως</em></strong></span> <span class='ocrx_word' id='word_1_20' title='bbox 479 379 675 431; x_wconf 81' lang='grc' dir='ltr'><strong><em>φάμενος</em></strong></span> <span class='ocrx_word' id='word_1_21' title='bbox 704 378 908 447; x_wconf 82' lang='grc' dir='ltr'><strong><em>προέηκε·</em></strong></span> <span class='ocrx_word' id='word_1_22' title='bbox 940 380 1064 448; x_wconf 83' lang='grc' dir='ltr'><strong><em>βέλος</em></strong></span> <span class='ocrx_word' id='word_1_23' title='bbox 1094 377 1135 422; x_wconf 85' lang='grc' dir='ltr'><strong><em>δ’</em></strong></span> <span class='ocrx_word' id='word_1_24' title='bbox 1166 381 1321 423; x_wconf 81' lang='grc' dir='ltr'><strong><em>ἴθυνεν</em></strong></span> <span class='ocrx_word' id='word_1_25' title='bbox 1346 380 1506 452; x_wconf 74' lang='grc' dir='ltr'><strong><em>Ἀθήνη</em></strong></span> 
     </span>
    </p>
   </div>
   <div class='ocr_carea' id='block_1_6' title="bbox 289 432 1681 646">
    <p class='ocr_par' dir='ltr' id='par_1_6' title="bbox 289 432 1681 604">
     <span class='ocr_line' id='line_1_7' title="bbox 291 432 1587 503; baseline 0.005 -28"><span class='ocrx_word' id='word_1_26' title='bbox 291 435 394 489; x_wconf 84' lang='grc' dir='ltr'><strong><em>ῥῖνα</em></strong></span> <span class='ocrx_word' id='word_1_27' title='bbox 424 432 531 485; x_wconf 88' lang='grc' dir='ltr'><strong><em>παρ’</em></strong></span> <span class='ocrx_word' id='word_1_28' title='bbox 551 432 826 503; x_wconf 80' lang='grc' dir='ltr'><strong><em>ὀφθαλμόν,</em></strong></span> <span class='ocrx_word' id='word_1_29' title='bbox 858 435 1043 486; x_wconf 89' lang='grc' dir='ltr'><strong><em>λευκους</em></strong></span> <span class='ocrx_word' id='word_1_30' title='bbox 1075 434 1119 478; x_wconf 87' lang='grc' dir='ltr'><strong><em>δ’</em></strong></span> <span class='ocrx_word' id='word_1_31' title='bbox 1152 435 1359 492; x_wconf 79' lang='grc' dir='ltr'><strong><em>ἐπέρησεν</em></strong></span> <span class='ocrx_word' id='word_1_32' title='bbox 1389 437 1587 489; x_wconf 82' lang='grc' dir='ltr'><strong><em>ὀδόντας.</em></strong></span> 
     </span>
     <span class='ocr_line' id='line_1_8' title="bbox 289 489 1681 552; baseline 0.004 -19"><span class='ocrx_word' id='word_1_33' title='bbox 289 495 371 533; x_wconf 87' lang='grc' dir='ltr'><strong><em>τοῦ</em></strong></span> <span class='ocrx_word' id='word_1_34' title='bbox 402 489 446 532; x_wconf 82' lang='grc' dir='ltr'><strong><em>δ’</em></strong></span> <span class='ocrx_word' id='word_1_35' title='bbox 479 489 564 532; x_wconf 81' lang='grc' dir='ltr'><strong><em>ἀπὸ</em></strong></span> <span class='ocrx_word' id='word_1_36' title='bbox 596 492 675 544; x_wconf 76' lang='grc' dir='ltr'><strong><em>μὲν</em></strong></span> <span class='ocrx_word' id='word_1_37' title='bbox 704 496 906 546; x_wconf 78' lang='grc' dir='ltr'><strong><em>γλῶσσαν</em></strong></span> <span class='ocrx_word' id='word_1_38' title='bbox 938 491 1147 546; x_wconf 79' lang='grc' dir='ltr'><strong><em>πρυμνὴν</em></strong></span> <span class='ocrx_word' id='word_1_39' title='bbox 1178 493 1281 548; x_wconf 80' lang='grc' dir='ltr'><strong><em>τάμε</em></strong></span> <span class='ocrx_word' id='word_1_40' title='bbox 1311 495 1467 549; x_wconf 86' lang='grc' dir='ltr'><strong><em>χαλκὸς</em></strong></span> <span class='ocrx_word' id='word_1_41' title='bbox 1499 493 1681 552; x_wconf 75' lang='grc' dir='ltr'><strong><em>ἀτειρὴς,</em></strong></span> 
     </span>
     <span class='ocr_line' id='line_1_9' title="bbox 291 544 1360 646; baseline 0.002 -56"><span class='ocrx_word' id='word_1_42' title='bbox 291 545 420 602; x_wconf 86' lang='grc' dir='ltr'><strong><em>αἰχμη</em></strong></span> <span class='ocrx_word' id='word_1_43' title='bbox 450 544 492 646; x_wconf 80' lang='grc' dir='ltr'><strong><em>δ’</em></strong></span> <span class='ocrx_word' id='word_1_44' title='bbox 526 546 710 617; x_wconf 76' lang='grc' dir='ltr'><strong><em>ἐξεσύθη</em></strong></span> <span class='ocrx_word' id='word_1_45' title='bbox 741 550 859 601; x_wconf 84' lang='grc' dir='ltr'><strong><em>παρὰ</em></strong></span> <span class='ocrx_word' id='word_1_46' title='bbox 886 551 1060 591; x_wconf 86' lang='grc' dir='ltr'><strong><em>νείατον</em></strong></span> <span class='ocrx_word' id='word_1_47' title='bbox 1091 548 1360 600; x_wconf 76' lang='grc' dir='ltr'><strong><em>ἁνθερεωνα.</em></strong></span> 
     </span>
    </p>
   </div>
   <div class='ocr_carea' id='block_1_7' title="bbox 291 603 472 658">
    <p class='ocr_par' dir='ltr' id='par_1_7' title="bbox 291 603 472 658">
     <span class='ocr_line' id='line_1_10' title="bbox 291 603 472 658; baseline 0.008 -13"><span class='ocrx_word' id='word_1_48' title='bbox 291 603 472 658; x_wconf 81' lang='grc' dir='ltr'><strong><em>ἤριπεὸ</em></strong></span> 
     </span>
    </p>
   </div>
   <div class='ocr_carea' id='block_1_8' title="bbox 483 601 1482 665">
    <p class='ocr_par' dir='ltr' id='par_1_8' title="bbox 483 601 1482 665">
     <span class='ocr_line' id='line_1_11' title="bbox 483 601 1482 665; baseline 0.004 -19.189"><span class='ocrx_word' id='word_1_49' title='bbox 483 601 568 655; x_wconf 82' lang='grc' dir='ltr'><strong><em>ἐξ</em></strong></span> <span class='ocrx_word' id='word_1_50' title='bbox 601 602 758 659; x_wconf 82' lang='grc' dir='ltr'><strong><em>ὀχέων,</em></strong></span> <span class='ocrx_word' id='word_1_51' title='bbox 791 604 982 660; x_wconf 78' lang='grc' dir='ltr'><strong><em>ἀράβησε</em></strong></span> <span class='ocrx_word' id='word_1_52' title='bbox 1015 605 1060 647; x_wconf 79' lang='grc' dir='ltr'><strong><em>δὲ</em></strong></span> <span class='ocrx_word' id='word_1_53' title='bbox 1090 604 1228 660; x_wconf 81' lang='grc' dir='ltr'><strong><em>τεύχε’</em></strong></span> <span class='ocrx_word' id='word_1_54' title='bbox 1261 606 1331 648; x_wconf 81' lang='grc' dir='ltr'><strong><em>ἐπ’</em></strong></span> <span class='ocrx_word' id='word_1_55' title='bbox 1363 607 1482 665; x_wconf 80' lang='grc' dir='ltr'><strong><em>αὐτῷ</em></strong></span> 
     </span>
    </p>
   </div>
   <div class='ocr_carea' id='block_1_9' title="bbox 177 659 1479 774">
    <p class='ocr_par' dir='ltr' id='par_1_9' title="bbox 177 659 1466 774">
     <span class='ocr_line' id='line_1_12' title="bbox 177 659 1463 723; baseline 0 -18"><span class='ocrx_word' id='word_1_56' title='bbox 177 664 259 705; x_wconf 88' lang='grc'><strong><em>295</em></strong></span> <span class='ocrx_word' id='word_1_57' title='bbox 291 659 443 710; x_wconf 82' lang='grc' dir='ltr'><strong><em>αἰόλα,</em></strong></span> <span class='ocrx_word' id='word_1_58' title='bbox 479 660 833 723; x_wconf 83' lang='grc' dir='ltr'><strong><em>παμφανόωντα·</em></strong></span> <span class='ocrx_word' id='word_1_59' title='bbox 866 661 1162 715; x_wconf 82' lang='grc' dir='ltr'><strong><em>παρέτρεσσαν</em></strong></span> <span class='ocrx_word' id='word_1_60' title='bbox 1193 661 1237 704; x_wconf 89' lang='grc' dir='ltr'><strong><em>δέ</em></strong></span> <span class='ocrx_word' id='word_1_61' title='bbox 1268 664 1311 704; x_wconf 81' lang='grc' dir='ltr'><strong><em>οἱ</em></strong></span> <span class='ocrx_word' id='word_1_62' title='bbox 1340 664 1463 706; x_wconf 79' lang='grc' dir='ltr'><strong><em>ἵπποι</em></strong></span> 
     </span>
     <span class='ocr_line' id='line_1_13' title="bbox 293 692 1479 774; baseline 0.003 -15"><span class='ocrx_word' id='word_1_63' title='bbox 293 692 539 768; x_wconf 80' lang='grc' dir='ltr'><strong><em>ὠκύπόδες·</em></strong></span> <span class='ocrx_word' id='word_1_64' title='bbox 572 722 649 761; x_wconf 87' lang='grc' dir='ltr'><strong><em>τοῦ</em></strong></span> <span class='ocrx_word' id='word_1_65' title='bbox 681 718 724 761; x_wconf 85' lang='grc' dir='ltr'><strong><em>δ’</em></strong></span> <span class='ocrx_word' id='word_1_66' title='bbox 757 716 865 761; x_wconf 78' lang='grc' dir='ltr'><strong><em>αὖθι</em></strong></span> <span class='ocrx_word' id='word_1_67' title='bbox 895 717 1012 774; x_wconf 81' lang='grc' dir='ltr'><strong><em>λύθη</em></strong></span> <span class='ocrx_word' id='word_1_68' title='bbox 1042 718 1159 774; x_wconf 81' lang='grc' dir='ltr'><strong><em>ψυχή</em></strong></span> <span class='ocrx_word' id='word_1_69' title='bbox 1189 734 1232 761; x_wconf 85' lang='grc' dir='ltr'><strong><em>τε</em></strong></span> <span class='ocrx_word' id='word_1_70' title='bbox 1262 718 1394 774; x_wconf 83' lang='grc' dir='ltr'><strong><em>μένος</em></strong></span> <span class='ocrx_word' id='word_1_71' title='bbox 1422 736 1479 763; x_wconf 90' lang='grc' dir='ltr'><strong><em>τε.</em></strong></span> 
     </span>
    </p>
   </div>
   <div class='ocr_carea' id='block_1_10' title="bbox 342 797 1297 842">
    <p class='ocr_par' dir='ltr' id='par_1_10' title="bbox 342 797 1297 842">
     <span class='ocr_line' id='line_1_14' title="bbox 342 797 1297 842; baseline 0.002 -12"><span class='ocrx_word' id='word_1_72' title='bbox 342 798 509 840; x_wconf 86' lang='lat' dir='ltr'>Aeneam,</span> <span class='ocrx_word' id='word_1_73' title='bbox 536 797 636 830; x_wconf 88' lang='lat' dir='ltr'><strong>amici</strong></span> <span class='ocrx_word' id='word_1_74' title='bbox 663 809 787 842; x_wconf 87' lang='lat' dir='ltr'><strong>corpus</strong></span> <span class='ocrx_word' id='word_1_75' title='bbox 812 802 1006 841; x_wconf 81' lang='lat' dir='ltr'><strong>tegentem,</strong></span> <span class='ocrx_word' id='word_1_76' title='bbox 1032 809 1114 831; x_wconf 83' lang='lat' dir='ltr'><strong>saxo</strong></span> <span class='ocrx_word' id='word_1_77' title='bbox 1142 798 1297 841; x_wconf 82' lang='lat' dir='ltr'><strong>sauciat3</strong></span> 
     </span>
    </p>
   </div>
   <div class='ocr_carea' id='block_1_11' title="bbox 177 862 1626 1161">
    <p class='ocr_par' dir='ltr' id='par_1_11' title="bbox 177 862 1626 1148">
     <span class='ocr_line' id='line_1_15' title="bbox 368 862 1602 927; baseline 0.004 -20"><span class='ocrx_word' id='word_1_78' title='bbox 368 866 545 915; x_wconf 83' lang='grc' dir='ltr'><strong><em>Αἰνείας</em></strong></span> <span class='ocrx_word' id='word_1_79' title='bbox 575 864 620 908; x_wconf 86' lang='grc' dir='ltr'><strong><em>δ’</em></strong></span> <span class='ocrx_word' id='word_1_80' title='bbox 651 862 872 919; x_wconf 89' lang='grc' dir='ltr'><strong><em>απόρουσε</em></strong></span> <span class='ocrx_word' id='word_1_81' title='bbox 902 864 986 908; x_wconf 79' lang='grc' dir='ltr'><strong><em>σύν</em></strong></span> <span class='ocrx_word' id='word_1_82' title='bbox 1017 863 1166 909; x_wconf 82' lang='grc' dir='ltr'><strong><em>ἀσπίδι</em></strong></span> <span class='ocrx_word' id='word_1_83' title='bbox 1197 868 1329 919; x_wconf 84' lang='grc' dir='ltr'><strong><em>δουρί</em></strong></span> <span class='ocrx_word' id='word_1_84' title='bbox 1359 884 1403 911; x_wconf 89' lang='grc' dir='ltr'><strong><em>τε</em></strong></span> <span class='ocrx_word' id='word_1_85' title='bbox 1434 872 1602 927; x_wconf 76' lang='grc' dir='ltr'><strong><em>μακρῷ,</em></strong></span> 
     </span>
     <span class='ocr_line' id='line_1_16' title="bbox 291 920 1342 995; baseline 0.002 -31"><span class='ocrx_word' id='word_1_86' title='bbox 291 923 434 972; x_wconf 84' lang='grc' dir='ltr'><strong><em>δείσας</em></strong></span> <span class='ocrx_word' id='word_1_87' title='bbox 464 921 617 993; x_wconf 84' lang='grc' dir='ltr'><strong><em>μήπως</em></strong></span> <span class='ocrx_word' id='word_1_88' title='bbox 647 923 690 963; x_wconf 84' lang='grc' dir='ltr'><strong><em>οἵ</em></strong></span> <span class='ocrx_word' id='word_1_89' title='bbox 719 922 954 974; x_wconf 80' lang='grc' dir='ltr'><strong><em>ἐρυσαίατο</em></strong></span> <span class='ocrx_word' id='word_1_90' title='bbox 983 922 1142 976; x_wconf 87' lang='grc' dir='ltr'><strong><em>νεκρὸν</em></strong></span> <span class='ocrx_word' id='word_1_91' title='bbox 1166 920 1342 995; x_wconf 71' lang='grc' dir='ltr'><strong><em>Ἀχαιοί.</em></strong></span> 
     </span>
     <span class='ocr_line' id='line_1_17' title="bbox 290 976 1574 1050; baseline 0.002 -29"><span class='ocrx_word' id='word_1_92' title='bbox 290 977 404 1032; x_wconf 87' lang='grc' dir='ltr'><strong><em>αμφὶ</em></strong></span> <span class='ocrx_word' id='word_1_93' title='bbox 435 978 477 1021; x_wconf 86' lang='grc' dir='ltr'><strong><em>δ’</em></strong></span> <span class='ocrx_word' id='word_1_94' title='bbox 513 977 587 1030; x_wconf 81' lang='grc' dir='ltr'><strong><em>ἄρ’</em></strong></span> <span class='ocrx_word' id='word_1_95' title='bbox 620 976 741 1036; x_wconf 76' lang='grc' dir='ltr'><strong><em>αὐτῷ</em></strong></span> <span class='ocrx_word' id='word_1_96' title='bbox 771 980 918 1050; x_wconf 86' lang='grc' dir='ltr'><strong><em>βαῖνε,</em></strong></span> <span class='ocrx_word' id='word_1_97' title='bbox 951 979 1061 1021; x_wconf 86' lang='grc' dir='ltr'><strong><em>λέων</em></strong></span> <span class='ocrx_word' id='word_1_98' title='bbox 1092 978 1173 1030; x_wconf 86' lang='grc' dir='ltr'><strong><em>ὡς,</em></strong></span> <span class='ocrx_word' id='word_1_99' title='bbox 1209 980 1305 1024; x_wconf 80' lang='grc' dir='ltr'><strong><em>ἀλκὶ</em></strong></span> <span class='ocrx_word' id='word_1_100' title='bbox 1335 979 1574 1034; x_wconf 83' lang='grc' dir='ltr'><strong><em>πεποιθως,</em></strong></span> 
     </span>
     <span class='ocr_line' id='line_1_18' title="bbox 177 1022 1626 1096; baseline 0.003 -20"><span class='ocrx_word' id='word_1_101' title='bbox 177 1040 259 1080; x_wconf 83' lang='grc'><strong><em>300</em></strong></span> <span class='ocrx_word' id='word_1_102' title='bbox 289 1035 458 1087; x_wconf 83' lang='grc' dir='ltr'><strong><em>πρόσθε</em></strong></span> <span class='ocrx_word' id='word_1_103' title='bbox 490 1035 535 1077; x_wconf 89' lang='grc' dir='ltr'><strong><em>δέ</em></strong></span> <span class='ocrx_word' id='word_1_104' title='bbox 567 1051 607 1076; x_wconf 93' lang='grc' dir='ltr'><strong><em>οι</em></strong></span> <span class='ocrx_word' id='word_1_105' title='bbox 638 1022 747 1088; x_wconf 90' lang='grc' dir='ltr'><strong><em>δόρυ</em></strong></span> <span class='ocrx_word' id='word_1_106' title='bbox 777 1033 820 1076; x_wconf 88' lang='grc' dir='ltr'><strong><em>τ’</em></strong></span> <span class='ocrx_word' id='word_1_107' title='bbox 853 1035 945 1090; x_wconf 87' lang='grc' dir='ltr'><strong><em>ε’σχε</em></strong></span> <span class='ocrx_word' id='word_1_108' title='bbox 975 1036 1048 1079; x_wconf 84' lang='grc' dir='ltr'><strong><em>καὶ</em></strong></span> <span class='ocrx_word' id='word_1_109' title='bbox 1080 1035 1241 1079; x_wconf 87' lang='grc' dir='ltr'><strong><em>ασπίδα</em></strong></span> <span class='ocrx_word' id='word_1_110' title='bbox 1271 1053 1360 1080; x_wconf 80' lang='grc' dir='ltr'><strong><em>παι</em></strong></span> <span class='ocrx_word' id='word_1_111' title='bbox 1362 1036 1462 1080; x_wconf 94' lang='grc' dir='ltr'><strong><em>τοσ</em></strong></span> <span class='ocrx_word' id='word_1_112' title='bbox 1492 1037 1626 1096; x_wconf 79' lang='grc' dir='ltr'><strong><em>ἐΐσην,</em></strong></span> 
     </span>
     <span class='ocr_line' id='line_1_19' title="bbox 289 1090 1481 1161; baseline 0.004 -28"><span class='ocrx_word' id='word_1_113' title='bbox 289 1090 366 1134; x_wconf 87' lang='grc' dir='ltr'><strong><em>τὸν</em></strong></span> <span class='ocrx_word' id='word_1_114' title='bbox 396 1091 604 1145; x_wconf 76' lang='grc' dir='ltr'><strong><em>κτάμεναι</em></strong></span> <span class='ocrx_word' id='word_1_115' title='bbox 636 1107 836 1161; x_wconf 86' lang='grc' dir='ltr'><strong><em>μεμαως,</em></strong></span> <span class='ocrx_word' id='word_1_116' title='bbox 869 1091 986 1143; x_wconf 85' lang='grc' dir='ltr'><strong><em>ὅστις</em></strong></span> <span class='ocrx_word' id='word_1_117' title='bbox 1012 1091 1139 1148; x_wconf 80' lang='grc' dir='ltr'><strong><em>τοῦγ’</em></strong></span> <span class='ocrx_word' id='word_1_118' title='bbox 1170 1092 1316 1145; x_wconf 78' lang='grc' dir='ltr'><strong><em>ἀντίος</em></strong></span> <span class='ocrx_word' id='word_1_119' title='bbox 1347 1095 1481 1147; x_wconf 81' lang='grc' dir='ltr'><strong><em>ε’λθοι,</em></strong></span> 
     </span>
    </p>
   </div>
   <div class='ocr_carea' id='block_1_12' title="bbox 290 1147 705 1204">
    <p class='ocr_par' dir='ltr' id='par_1_12' title="bbox 290 1147 705 1204">
     <span class='ocr_line' id='line_1_20' title="bbox 290 1147 705 1204; baseline 0 -13"><span class='ocrx_word' id='word_1_120' title='bbox 290 1148 530 1203; x_wconf 79' lang='grc' dir='ltr'><strong><em>σμερδαλέα</em></strong></span> <span class='ocrx_word' id='word_1_121' title='bbox 559 1147 705 1204; x_wconf 83' lang='grc' dir='ltr'><strong><em>ἰάχων.</em></strong></span> 
     </span>
    </p>
   </div>
   <div class='ocr_carea' id='block_1_13' title="bbox 114 1274 932 2522">
    <p class='ocr_par' dir='ltr' id='par_1_13' title="bbox 114 1274 932 2522">
     <span class='ocr_line' id='line_1_21' title="bbox 118 1274 928 1322; baseline 0.004 -15"><span class='ocrx_word' id='word_1_122' title='bbox 118 1274 273 1308; x_wconf 82' lang='lat' dir='ltr'><strong>referunt</strong></span> <span class='ocrx_word' id='word_1_123' title='bbox 289 1274 334 1309; x_wconf 86' lang='lat' dir='ltr'><strong>ad</strong></span> <span class='ocrx_word' id='word_1_124' title='bbox 352 1274 499 1320; x_wconf 77' lang='grc' dir='ltr'><strong><em>βροτός,</em></strong></span> <span class='ocrx_word' id='word_1_125' title='bbox 521 1276 578 1310; x_wconf 91' lang='lat' dir='ltr'><strong>vel</strong></span> <span class='ocrx_word' id='word_1_126' title='bbox 596 1275 639 1309; x_wconf 82' lang='lat' dir='ltr'><strong>ad</strong></span> <span class='ocrx_word' id='word_1_127' title='bbox 660 1274 814 1322; x_wconf 76' lang='grc' dir='ltr'><strong><em>οἶβρότη,</em></strong></span> <span class='ocrx_word' id='word_1_128' title='bbox 837 1276 928 1320; x_wconf 90' lang='lat' dir='ltr'><strong>quod</strong></span> 
     </span>
     <span class='ocr_line' id='line_1_22' title="bbox 120 1322 930 1367; baseline 0.004 -15"><span class='ocrx_word' id='word_1_129' title='bbox 120 1331 184 1364; x_wconf 84' lang='lat' dir='ltr'><strong><em>per</em></strong></span> <span class='ocrx_word' id='word_1_130' title='bbox 212 1332 250 1353; x_wconf 90' lang='lat' dir='ltr'><strong>se</strong></span> <span class='ocrx_word' id='word_1_131' title='bbox 275 1327 407 1354; x_wconf 78' lang='lat' dir='ltr'><strong>noctem</strong></span> <span class='ocrx_word' id='word_1_132' title='bbox 436 1322 633 1366; x_wconf 79' lang='lat' dir='ltr'><strong>significare</strong></span> <span class='ocrx_word' id='word_1_133' title='bbox 665 1328 808 1367; x_wconf 82' lang='lat' dir='ltr'><strong>putant3</strong></span> <span class='ocrx_word' id='word_1_134' title='bbox 843 1333 930 1366; x_wconf 88' lang='lat' dir='ltr'><strong>quos</strong></span> 
     </span>
     <span class='ocr_line' id='line_1_23' title="bbox 117 1366 929 1421; baseline 0.003 -23"><span class='ocrx_word' id='word_1_135' title='bbox 117 1366 247 1399; x_wconf 83' lang='lat' dir='ltr'><strong>refellit</strong></span> <span class='ocrx_word' id='word_1_136' title='bbox 269 1367 395 1401; x_wconf 82' lang='lat' dir='ltr'><strong>Buttm.</strong></span> <span class='ocrx_word' id='word_1_137' title='bbox 426 1380 459 1421; x_wconf 83' lang='lat' dir='ltr'><strong><em>p.</em></strong></span> <span class='ocrx_word' id='word_1_138' title='bbox 482 1370 559 1403; x_wconf 85' lang='lat'><strong>137.</strong></span> <span class='ocrx_word' id='word_1_139' title='bbox 584 1368 681 1401; x_wconf 89' lang='lat' dir='ltr'><strong>unius</strong></span> <span class='ocrx_word' id='word_1_140' title='bbox 700 1369 843 1402; x_wconf 88' lang='lat' dir='ltr'><strong>istorum</strong></span> <span class='ocrx_word' id='word_1_141' title='bbox 868 1368 929 1401; x_wconf 82' lang='lat' dir='ltr'><strong>ad-</strong></span> 
     </span>
     <span class='ocr_line' id='line_1_24' title="bbox 117 1412 930 1465; baseline 0.005 -21"><span class='ocrx_word' id='word_1_142' title='bbox 117 1412 265 1446; x_wconf 89' lang='lat' dir='ltr'><strong>scribam</strong></span> <span class='ocrx_word' id='word_1_143' title='bbox 293 1414 563 1455; x_wconf 80' lang='lat' dir='ltr'><strong>annotationem,</strong></span> <span class='ocrx_word' id='word_1_144' title='bbox 597 1415 683 1459; x_wconf 89' lang='lat' dir='ltr'><strong>Apo&#39;</strong></span> <span class='ocrx_word' id='word_1_145' title='bbox 688 1415 785 1448; x_wconf 90' lang='lat' dir='ltr'><strong>lonii:</strong></span> <span class='ocrx_word' id='word_1_146' title='bbox 819 1413 930 1465; x_wconf 73' lang='grc' dir='ltr'><strong><em>ἀβρο-</em></strong></span> 
     </span>
     <span class='ocr_line' id='line_1_25' title="bbox 117 1458 929 1517; baseline 0.004 -25"><span class='ocrx_word' id='word_1_147' title='bbox 117 1458 296 1503; x_wconf 78' lang='grc' dir='ltr'><strong><em>τάξωμεν.</em></strong></span> <span class='ocrx_word' id='word_1_148' title='bbox 329 1459 768 1517; x_wconf 65' lang='grc' dir='ltr'><strong><em>(ιιιει1ῑιιι-οὲβροταξομεν.</em></strong></span> <span class='ocrx_word' id='word_1_149' title='bbox 797 1460 929 1517; x_wconf 72' lang='grc' dir='ltr'><strong><em>ἁβρο-</em></strong></span> 
     </span>
     <span class='ocr_line' id='line_1_26' title="bbox 116 1503 931 1562; baseline 0.005 -24"><span class='ocrx_word' id='word_1_150' title='bbox 116 1504 315 1549; x_wconf 83' lang='grc' dir='ltr'><strong><em>τάξωμεν.)</em></strong></span> <span class='ocrx_word' id='word_1_151' title='bbox 334 1503 554 1562; x_wconf 79' lang='grc' dir='ltr'><strong><em>ἁμαρτωμεν</em></strong></span> <span class='ocrx_word' id='word_1_152' title='bbox 575 1505 760 1551; x_wconf 70' lang='grc' dir='ltr'><strong><em>ἀλλήλων·</em></strong></span> <span class='ocrx_word' id='word_1_153' title='bbox 784 1504 807 1541; x_wconf 78' lang='grc' dir='ltr'><strong><em>οῗ</em></strong></span> <span class='ocrx_word' id='word_1_154' title='bbox 819 1509 870 1553; x_wconf 84' lang='grc' dir='ltr'><strong><em>βρ</em></strong></span> <span class='ocrx_word' id='word_1_155' title='bbox 884 1521 931 1542; x_wconf 91' lang='grc' dir='ltr'><strong><em>ο-</em></strong></span> 
     </span>
     <span class='ocr_line' id='line_1_27' title="bbox 117 1550 927 1608; baseline 0.004 -24"><span class='ocrx_word' id='word_1_156' title='bbox 117 1551 333 1607; x_wconf 78' lang='grc' dir='ltr'><strong><em>τάξομεν</em></strong></span> <span class='ocrx_word' id='word_1_157' title='bbox 367 1550 623 1608; x_wconf 83' lang='grc' dir='ltr'><strong><em>αλλήλοιιν</em></strong></span> <span class='ocrx_word' id='word_1_158' title='bbox 654 1553 927 1598; x_wconf 82' lang='grc' dir='ltr'><strong><em>Ερχομένω</em></strong></span> 
     </span>
     <span class='ocr_line' id='line_1_28' title="bbox 118 1595 928 1653; baseline 0.005 -23"><span class='ocrx_word' id='word_1_159' title='bbox 118 1602 184 1630; x_wconf 88' lang='lat' dir='ltr'><strong>etc.</strong></span> <span class='ocrx_word' id='word_1_160' title='bbox 214 1597 276 1642; x_wconf 84' lang='grc' dir='ltr'><strong><em>(κ’,</em></strong></span> <span class='ocrx_word' id='word_1_161' title='bbox 303 1599 402 1653; x_wconf 64' lang='lat'><em>653)·</em></span> <span class='ocrx_word' id='word_1_162' title='bbox 428 1595 450 1634; x_wconf 83' lang='lat'><strong><em>6</em></strong></span> <span class='ocrx_word' id='word_1_163' title='bbox 474 1596 578 1644; x_wconf 82' lang='grc' dir='ltr'><strong><em>ἡμεῖς</em></strong></span> <span class='ocrx_word' id='word_1_164' title='bbox 596 1599 746 1644; x_wconf 75' lang='grc' dir='ltr'><strong><em>λέγομεν</em></strong></span> <span class='ocrx_word' id='word_1_165' title='bbox 764 1602 928 1643; x_wconf 84' lang='grc' dir='ltr'><strong><em>διαμφο-</em></strong></span> 
     </span>
     <span class='ocr_line' id='line_1_29' title="bbox 118 1643 928 1692; baseline 0.005 -14"><span class='ocrx_word' id='word_1_166' title='bbox 118 1643 302 1689; x_wconf 82' lang='grc' dir='ltr'><strong><em>δήσομεν,</em></strong></span> <span class='ocrx_word' id='word_1_167' title='bbox 338 1643 411 1679; x_wconf 72' lang='grc' dir='ltr'><strong><em>ἀπὸ</em></strong></span> <span class='ocrx_word' id='word_1_168' title='bbox 437 1648 506 1680; x_wconf 81' lang='grc' dir='ltr'><strong><em>τοῦ</em></strong></span> <span class='ocrx_word' id='word_1_169' title='bbox 531 1645 728 1690; x_wconf 69' lang='grc' dir='ltr'><strong><em>ἀποτυχεῖν</em></strong></span> <span class='ocrx_word' id='word_1_170' title='bbox 754 1645 819 1682; x_wconf 85' lang='grc' dir='ltr'><strong><em>τὸν</em></strong></span> <span class='ocrx_word' id='word_1_171' title='bbox 842 1649 928 1692; x_wconf 86' lang='grc' dir='ltr'><strong><em>βρο-</em></strong></span> 
     </span>
     <span class='ocr_line' id='line_1_30' title="bbox 116 1690 926 1737; baseline 0.003 -12"><span class='ocrx_word' id='word_1_172' title='bbox 116 1690 182 1725; x_wconf 83' lang='grc' dir='ltr'><strong><em>τὸν</em></strong></span> <span class='ocrx_word' id='word_1_173' title='bbox 209 1693 279 1727; x_wconf 84' lang='grc' dir='ltr'><strong><em>τοῦ</em></strong></span> <span class='ocrx_word' id='word_1_174' title='bbox 311 1692 449 1734; x_wconf 82' lang='grc' dir='ltr'><strong><em>βροτοῦ</em></strong></span> <span class='ocrx_word' id='word_1_175' title='bbox 478 1691 572 1726; x_wconf 73' lang='grc' dir='ltr'><strong><em>κατὰ</em></strong></span> <span class='ocrx_word' id='word_1_176' title='bbox 598 1693 667 1737; x_wconf 77' lang='grc' dir='ltr'><strong><em>τήν</em></strong></span> <span class='ocrx_word' id='word_1_177' title='bbox 692 1692 926 1733; x_wconf 81' lang='grc' dir='ltr'><strong><em>συνάντησιν.</em></strong></span> 
     </span>
     <span class='ocr_line' id='line_1_31' title="bbox 118 1733 930 1794; baseline 0.002 -22"><span class='ocrx_word' id='word_1_178' title='bbox 118 1733 212 1773; x_wconf 76' lang='grc' dir='ltr'><strong><em>ὅθεν</em></strong></span> <span class='ocrx_word' id='word_1_179' title='bbox 243 1738 305 1774; x_wconf 80' lang='grc' dir='ltr'><strong><em>καὶ</em></strong></span> <span class='ocrx_word' id='word_1_180' title='bbox 342 1737 407 1772; x_wconf 84' lang='grc' dir='ltr'><strong><em>τὸν</em></strong></span> <span class='ocrx_word' id='word_1_181' title='bbox 423 1737 666 1794; x_wconf 73' lang='grc' dir='ltr'><strong><em>βουλόμενον</em></strong></span> <span class='ocrx_word' id='word_1_182' title='bbox 703 1741 810 1783; x_wconf 75' lang='lat' dir='ltr'><strong>(imoz</strong></span> <span class='ocrx_word' id='word_1_183' title='bbox 837 1738 930 1775; x_wconf 74' lang='grc' dir='ltr'><strong><em>ὅθεν</em></strong></span> 
     </span>
     <span class='ocr_line' id='line_1_32' title="bbox 116 1784 928 1840; baseline 0.001 -22"><span class='ocrx_word' id='word_1_184' title='bbox 116 1784 179 1819; x_wconf 83' lang='grc' dir='ltr'><strong><em>καὶ</em></strong></span> <span class='ocrx_word' id='word_1_185' title='bbox 203 1784 299 1819; x_wconf 68' lang='grc' dir='ltr'><strong><em>κατὰ</em></strong></span> <span class='ocrx_word' id='word_1_186' title='bbox 322 1784 364 1818; x_wconf 82' lang='grc' dir='ltr'><strong><em>τὸ</em></strong></span> <span class='ocrx_word' id='word_1_187' title='bbox 390 1784 456 1819; x_wconf 87' lang='grc' dir='ltr'><strong><em>τὸν</em></strong></span> <span class='ocrx_word' id='word_1_188' title='bbox 480 1787 602 1832; x_wconf 81' lang='grc' dir='ltr'><strong><em>βουλ)</em></strong></span> <span class='ocrx_word' id='word_1_189' title='bbox 626 1787 763 1840; x_wconf 81' lang='grc' dir='ltr'><strong><em>τρῶσαι</em></strong></span> <span class='ocrx_word' id='word_1_190' title='bbox 781 1786 831 1830; x_wconf 81' lang='grc' dir='ltr'><strong><em>μή</em></strong></span> <span class='ocrx_word' id='word_1_191' title='bbox 852 1788 928 1821; x_wconf 76' lang='grc' dir='ltr'><strong><em>ἐπι-</em></strong></span> 
     </span>
     <span class='ocr_line' id='line_1_33' title="bbox 116 1829 927 1887; baseline 0.002 -21"><span class='ocrx_word' id='word_1_192' title='bbox 116 1835 241 1875; x_wconf 85' lang='grc' dir='ltr'><strong><em>τυχεῖν</em></strong></span> <span class='ocrx_word' id='word_1_193' title='bbox 276 1829 515 1887; x_wconf 82' lang='grc' dir='ltr'><strong><em>ἤμβροτες</em></strong></span> <span class='ocrx_word' id='word_1_194' title='bbox 552 1833 629 1875; x_wconf 82' lang='lat' dir='ltr'><strong>[hoc</strong></span> <span class='ocrx_word' id='word_1_195' title='bbox 656 1834 730 1877; x_wconf 85' lang='lat' dir='ltr'><strong>ipso</strong></span> <span class='ocrx_word' id='word_1_196' title='bbox 754 1834 840 1876; x_wconf 84' lang='lat' dir='ltr'><strong>loco]</strong></span> <span class='ocrx_word' id='word_1_197' title='bbox 869 1832 927 1868; x_wconf 91' lang='grc' dir='ltr'><strong><em>λε’-</em></strong></span> 
     </span>
     <span class='ocr_line' id='line_1_34' title="bbox 115 1876 928 1924; baseline 0 -12"><span class='ocrx_word' id='word_1_198' title='bbox 115 1879 201 1922; x_wconf 76' lang='grc' dir='ltr'><strong><em>γει.)</em></strong></span> <span class='ocrx_word' id='word_1_199' title='bbox 226 1897 270 1902; x_wconf 91' lang='lat'><strong><em>——</em></strong></span> <span class='ocrx_word' id='word_1_200' title='bbox 297 1876 417 1919; x_wconf 80' lang='grc' dir='ltr'><strong><em>ἆτοὶρ</em></strong></span> <span class='ocrx_word' id='word_1_201' title='bbox 439 1898 469 1902; x_wconf 95' lang='grc'>-</span> <span class='ocrx_word' id='word_1_202' title='bbox 492 1878 658 1922; x_wconf 83' lang='grc' dir='ltr'><strong><em>ε’τερόν</em></strong></span> <span class='ocrx_word' id='word_1_203' title='bbox 682 1892 739 1921; x_wconf 76' lang='grc' dir='ltr'><strong><em>γε.</em></strong></span> <span class='ocrx_word' id='word_1_204' title='bbox 765 1880 928 1924; x_wconf 80' lang='lat' dir='ltr'><strong>frequen-</strong></span> 
     </span>
     <span class='ocr_line' id='line_1_35' title="bbox 116 1924 930 1968; baseline 0.001 -11"><span class='ocrx_word' id='word_1_205' title='bbox 116 1924 185 1957; x_wconf 87' lang='lat' dir='ltr'><strong>tius</strong></span> <span class='ocrx_word' id='word_1_206' title='bbox 208 1924 336 1957; x_wconf 85' lang='lat' dir='ltr'><strong>illatam</strong></span> <span class='ocrx_word' id='word_1_207' title='bbox 366 1937 404 1968; x_wconf 81' lang='grc' dir='ltr'><strong><em>γε</em></strong></span> <span class='ocrx_word' id='word_1_208' title='bbox 436 1926 637 1968; x_wconf 78' lang='lat' dir='ltr'>particulam</span> <span class='ocrx_word' id='word_1_209' title='bbox 670 1926 818 1957; x_wconf 84' lang='lat' dir='ltr'><strong>deletum</strong></span> <span class='ocrx_word' id='word_1_210' title='bbox 848 1931 930 1958; x_wconf 85' lang='lat' dir='ltr'><strong>eunt</strong></span> 
     </span>
     <span class='ocr_line' id='line_1_36' title="bbox 116 1970 929 2015; baseline 0.002 -13"><span class='ocrx_word' id='word_1_211' title='bbox 116 1975 196 2015; x_wconf 87' lang='lat' dir='ltr'><strong>post</strong></span> <span class='ocrx_word' id='word_1_212' title='bbox 215 1970 303 2012; x_wconf 82' lang='grc' dir='ltr'><strong><em>πρὶν</em></strong></span> <span class='ocrx_word' id='word_1_213' title='bbox 319 1975 466 2014; x_wconf 80' lang='lat' dir='ltr'><strong>utroque</strong></span> <span class='ocrx_word' id='word_1_214' title='bbox 485 1971 560 2004; x_wconf 91' lang='lat' dir='ltr'><strong>loco</strong></span> <span class='ocrx_word' id='word_1_215' title='bbox 585 1971 678 2004; x_wconf 86' lang='lat' dir='ltr'><strong>Barn</strong></span> <span class='ocrx_word' id='word_1_216' title='bbox 713 1978 746 2004; x_wconf 86' lang='lat' dir='ltr'><strong>et</strong></span> <span class='ocrx_word' id='word_1_217' title='bbox 768 1971 812 2003; x_wconf 90' lang='lat' dir='ltr'><strong><em>H.</em></strong></span> <span class='ocrx_word' id='word_1_218' title='bbox 847 1982 929 2004; x_wconf 89' lang='lat' dir='ltr'><strong>sane</strong></span> 
     </span>
     <span class='ocr_line' id='line_1_37' title="bbox 116 2016 929 2061; baseline 0.004 -14"><span class='ocrx_word' id='word_1_219' title='bbox 116 2016 232 2061; x_wconf 89' lang='lat' dir='ltr'><strong>priore</strong></span> <span class='ocrx_word' id='word_1_220' title='bbox 252 2017 324 2050; x_wconf 89' lang='lat' dir='ltr'><strong>loco</strong></span> <span class='ocrx_word' id='word_1_221' title='bbox 346 2018 459 2060; x_wconf 84' lang='lat' dir='ltr'><strong>posita</strong></span> <span class='ocrx_word' id='word_1_222' title='bbox 481 2018 616 2050; x_wconf 87' lang='lat' dir='ltr'><strong>videtur</strong></span> <span class='ocrx_word' id='word_1_223' title='bbox 637 2028 657 2050; x_wconf 90' lang='lat' dir='ltr'><strong>a</strong></span> <span class='ocrx_word' id='word_1_224' title='bbox 676 2017 846 2058; x_wconf 75' lang='lat' dir='ltr'><strong>Mettica,</strong></span> <span class='ocrx_word' id='word_1_225' title='bbox 874 2029 929 2050; x_wconf 88' lang='lat' dir='ltr'><strong><em>re-</em></strong></span> 
     </span>
     <span class='ocr_line' id='line_1_38' title="bbox 116 2062 929 2107; baseline 0 -12"><span class='ocrx_word' id='word_1_226' title='bbox 116 2068 260 2106; x_wconf 87' lang='lat' dir='ltr'><strong>cteque,</strong></span> <span class='ocrx_word' id='word_1_227' title='bbox 287 2062 420 2106; x_wconf 88' lang='lat' dir='ltr'><strong>opinor</strong></span> <span class='ocrx_word' id='word_1_228' title='bbox 447 2062 652 2103; x_wconf 78' lang='lat' dir='ltr'><strong>inducetur3</strong></span> <span class='ocrx_word' id='word_1_229' title='bbox 676 2064 738 2096; x_wconf 86' lang='lat' dir='ltr'><strong>sed</strong></span> <span class='ocrx_word' id='word_1_230' title='bbox 761 2063 929 2107; x_wconf 84' lang='lat' dir='ltr'><strong>posterio-</strong></span> 
     </span>
     <span class='ocr_line' id='line_1_39' title="bbox 115 2107 929 2153; baseline 0.004 -13"><span class='ocrx_word' id='word_1_231' title='bbox 115 2119 154 2141; x_wconf 85' lang='lat' dir='ltr'><strong><em>re</em></strong></span> <span class='ocrx_word' id='word_1_232' title='bbox 173 2109 283 2141; x_wconf 88' lang='lat' dir='ltr'><strong>malim</strong></span> <span class='ocrx_word' id='word_1_233' title='bbox 305 2110 393 2151; x_wconf 75' lang='grc' dir='ltr'><strong><em>πρὶν</em></strong></span> <span class='ocrx_word' id='word_1_234' title='bbox 411 2107 470 2153; x_wconf 84' lang='grc' dir='ltr'><strong><em>δή.</em></strong></span> <span class='ocrx_word' id='word_1_235' title='bbox 518 2110 568 2142; x_wconf 88' lang='lat' dir='ltr'><strong><em>sic</em></strong></span> <span class='ocrx_word' id='word_1_236' title='bbox 592 2109 697 2151; x_wconf 81' lang='grc' dir='ltr'><strong><em>λύγια</em></strong></span> <span class='ocrx_word' id='word_1_237' title='bbox 723 2121 785 2153; x_wconf 84' lang='lat' dir='ltr'><strong><em>pro</em></strong></span> <span class='ocrx_word' id='word_1_238' title='bbox 807 2108 929 2143; x_wconf 85' lang='grc' dir='ltr'><strong><em>Λύδια</em></strong></span> 
     </span>
     <span class='ocr_line' id='line_1_40' title="bbox 114 2155 928 2199; baseline 0.002 -11"><span class='ocrx_word' id='word_1_239' title='bbox 114 2155 281 2198; x_wconf 82' lang='lat' dir='ltr'><strong>scriptum</strong></span> <span class='ocrx_word' id='word_1_240' title='bbox 310 2159 361 2188; x_wconf 87' lang='lat' dir='ltr'><strong>est</strong></span> <span class='ocrx_word' id='word_1_241' title='bbox 393 2167 448 2199; x_wconf 86' lang='lat' dir='ltr'><strong><em>ap.</em></strong></span> <span class='ocrx_word' id='word_1_242' title='bbox 477 2155 680 2199; x_wconf 56' lang='lat' dir='ltr'><strong>Aeschylum</strong></span> <span class='ocrx_word' id='word_1_243' title='bbox 703 2155 823 2199; x_wconf 85' lang='lat' dir='ltr'><strong>Suppl.</strong></span> <span class='ocrx_word' id='word_1_244' title='bbox 847 2157 928 2191; x_wconf 83' lang='lat'><strong>508.</strong></span> 
     </span>
     <span class='ocr_line' id='line_1_41' title="bbox 115 2199 930 2244; baseline 0.001 -11"><span class='ocrx_word' id='word_1_245' title='bbox 115 2201 159 2233; x_wconf 84' lang='lat' dir='ltr'><strong><em>cf.</em></strong></span> <span class='ocrx_word' id='word_1_246' title='bbox 180 2200 265 2235; x_wconf 91' lang='lat' dir='ltr'><strong>ibid.</strong></span> <span class='ocrx_word' id='word_1_247' title='bbox 284 2200 364 2236; x_wconf 82' lang='lat'><strong>394.</strong></span> <span class='ocrx_word' id='word_1_248' title='bbox 395 2201 440 2241; x_wconf 77' lang='grc' dir='ltr'><strong><em>α’,</em></strong></span> <span class='ocrx_word' id='word_1_249' title='bbox 470 2201 571 2236; x_wconf 79' lang='lat'><strong>348.:</strong></span> <span class='ocrx_word' id='word_1_250' title='bbox 596 2199 859 2244; x_wconf 74' lang='grc' dir='ltr'><strong><em>πρὶν’Ἀργοσδ’</em></strong></span> <span class='ocrx_word' id='word_1_251' title='bbox 880 2202 930 2235; x_wconf 72' lang='grc' dir='ltr'><strong><em>ἰέ-</em></strong></span> 
     </span>
     <span class='ocr_line' id='line_1_42' title="bbox 114 2245 929 2292; baseline 0.003 -13"><span class='ocrx_word' id='word_1_252' title='bbox 114 2259 179 2280; x_wconf 86' lang='grc' dir='ltr'><strong><em>ναι</em></strong></span> <span class='ocrx_word' id='word_1_253' title='bbox 201 2251 266 2279; x_wconf 85' lang='lat' dir='ltr'><strong>etc.</strong></span> <span class='ocrx_word' id='word_1_254' title='bbox 301 2248 403 2280; x_wconf 86' lang='lat' dir='ltr'><strong>etiam</strong></span> <span class='ocrx_word' id='word_1_255' title='bbox 423 2248 455 2280; x_wconf 91' lang='lat' dir='ltr'><strong><em>in</em></strong></span> <span class='ocrx_word' id='word_1_256' title='bbox 473 2248 709 2292; x_wconf 81' lang='lat' dir='ltr'><strong>superioribus</strong></span> <span class='ocrx_word' id='word_1_257' title='bbox 729 2250 806 2282; x_wconf 83' lang='grc'><strong><em>219.</em></strong></span> <span class='ocrx_word' id='word_1_258' title='bbox 829 2252 864 2280; x_wconf 85' lang='lat' dir='ltr'><strong>et</strong></span> <span class='ocrx_word' id='word_1_259' title='bbox 884 2245 929 2289; x_wconf 85' lang='grc' dir='ltr'><strong><em>α’,</em></strong></span> 
     </span>
     <span class='ocr_line' id='line_1_43' title="bbox 115 2292 932 2338; baseline 0 -11"><span class='ocrx_word' id='word_1_260' title='bbox 115 2294 181 2333; x_wconf 87' lang='grc'><strong><em>98,</em></strong></span> <span class='ocrx_word' id='word_1_261' title='bbox 207 2292 245 2334; x_wconf 80' lang='grc' dir='ltr'><strong><em>ζ,</em></strong></span> <span class='ocrx_word' id='word_1_262' title='bbox 274 2293 353 2328; x_wconf 85' lang='grc'><strong><em>465.</em></strong></span> <span class='ocrx_word' id='word_1_263' title='bbox 379 2293 524 2338; x_wconf 83' lang='lat' dir='ltr'><strong>aliisque</strong></span> <span class='ocrx_word' id='word_1_264' title='bbox 549 2294 632 2327; x_wconf 78' lang='lat' dir='ltr'><strong>locis</strong></span> <span class='ocrx_word' id='word_1_265' title='bbox 661 2294 825 2327; x_wconf 75' lang='lat' dir='ltr'>similibus</span> <span class='ocrx_word' id='word_1_266' title='bbox 853 2293 932 2327; x_wconf 85' lang='grc' dir='ltr'><strong><em>ἰιιυ-</em></strong></span> 
     </span>
     <span class='ocr_line' id='line_1_44' title="bbox 115 2339 930 2385; baseline 0 -13"><span class='ocrx_word' id='word_1_267' title='bbox 115 2339 178 2372; x_wconf 88' lang='lat' dir='ltr'><strong>tile</strong></span> <span class='ocrx_word' id='word_1_268' title='bbox 200 2339 291 2372; x_wconf 81' lang='lat' dir='ltr'><strong>istud</strong></span> <span class='ocrx_word' id='word_1_269' title='bbox 311 2341 452 2373; x_wconf 82' lang='lat' dir='ltr'><strong>fulcrum</strong></span> <span class='ocrx_word' id='word_1_270' title='bbox 475 2340 665 2380; x_wconf 78' lang='lat' dir='ltr'><strong>demserim,</strong></span> <span class='ocrx_word' id='word_1_271' title='bbox 690 2340 748 2384; x_wconf 87' lang='lat' dir='ltr'><strong><em>qui</em></strong></span> <span class='ocrx_word' id='word_1_272' title='bbox 770 2351 930 2385; x_wconf 87' lang='lat' dir='ltr'><strong>praeser-</strong></span> 
     </span>
     <span class='ocr_line' id='line_1_45' title="bbox 116 2383 930 2429; baseline 0.001 -12"><span class='ocrx_word' id='word_1_273' title='bbox 116 2385 176 2418; x_wconf 89' lang='lat' dir='ltr'><strong><em>tim</em></strong></span> <span class='ocrx_word' id='word_1_274' title='bbox 202 2383 240 2427; x_wconf 84' lang='grc' dir='ltr'><strong><em>ζ’,</em></strong></span> <span class='ocrx_word' id='word_1_275' title='bbox 267 2387 322 2420; x_wconf 86' lang='grc'><strong><em>81.</em></strong></span> <span class='ocrx_word' id='word_1_276' title='bbox 348 2391 382 2418; x_wconf 85' lang='lat' dir='ltr'><strong>et</strong></span> <span class='ocrx_word' id='word_1_277' title='bbox 411 2383 462 2426; x_wconf 86' lang='grc' dir='ltr'><strong><em>π’,</em></strong></span> <span class='ocrx_word' id='word_1_278' title='bbox 486 2388 564 2420; x_wconf 88' lang='grc'><strong><em>322</em></strong></span> <span class='ocrx_word' id='word_1_279' title='bbox 609 2387 651 2420; x_wconf 88' lang='grc' dir='ltr'>τὸ</span> <span class='ocrx_word' id='word_1_280' title='bbox 678 2387 766 2428; x_wconf 81' lang='grc' dir='ltr'><strong><em>πρὶν</em></strong></span> <span class='ocrx_word' id='word_1_281' title='bbox 801 2386 930 2429; x_wconf 89' lang='lat' dir='ltr'><strong>produ-</strong></span> 
     </span>
     <span class='ocr_line' id='line_1_46' title="bbox 117 2430 931 2475; baseline -0.001 -11"><span class='ocrx_word' id='word_1_282' title='bbox 117 2435 206 2464; x_wconf 87' lang='lat' dir='ltr'><strong>ctum</strong></span> <span class='ocrx_word' id='word_1_283' title='bbox 230 2432 364 2465; x_wconf 84' lang='lat' dir='ltr'><strong>videam</strong></span> <span class='ocrx_word' id='word_1_284' title='bbox 384 2430 456 2464; x_wconf 86' lang='lat' dir='ltr'><strong>sine</strong></span> <span class='ocrx_word' id='word_1_285' title='bbox 474 2431 636 2473; x_wconf 72' lang='lat' dir='ltr'><strong>tibicine,</strong></span> <span class='ocrx_word' id='word_1_286' title='bbox 661 2444 723 2465; x_wconf 86' lang='lat' dir='ltr'><strong>nec</strong></span> <span class='ocrx_word' id='word_1_287' title='bbox 746 2431 931 2475; x_wconf 81' lang='lat' dir='ltr'><strong>adjuvante</strong></span> 
     </span>
     <span class='ocr_line' id='line_1_47' title="bbox 119 2476 931 2522; baseline 0.001 -12"><span class='ocrx_word' id='word_1_288' title='bbox 119 2488 277 2511; x_wconf 84' lang='lat' dir='ltr'><strong>caesura.</strong></span> <span class='ocrx_word' id='word_1_289' title='bbox 304 2497 346 2503; x_wconf 91' lang='lat'><strong><em>-—</em></strong></span> <span class='ocrx_word' id='word_1_290' title='bbox 374 2476 537 2522; x_wconf 73' lang='grc' dir='ltr'><strong><em>ἕτερόν</em></strong></span> <span class='ocrx_word' id='word_1_291' title='bbox 561 2491 619 2522; x_wconf 80' lang='grc' dir='ltr'><strong><em>γε.</em></strong></span> <span class='ocrx_word' id='word_1_292' title='bbox 646 2491 678 2511; x_wconf 90' lang='lat' dir='ltr'><strong><em>v.</em></strong></span> <span class='ocrx_word' id='word_1_293' title='bbox 694 2490 770 2511; x_wconf 91' lang='lat' dir='ltr'><strong>ann.</strong></span> <span class='ocrx_word' id='word_1_294' title='bbox 795 2478 836 2511; x_wconf 89' lang='lat' dir='ltr'><strong>ad</strong></span> <span class='ocrx_word' id='word_1_295' title='bbox 851 2478 931 2513; x_wconf 85' lang='grc'><strong><em>258.</em></strong></span> 
     </span>
    </p>
   </div>
   <div class='ocr_carea' id='block_1_14' title="bbox 119 2545 930 3054">
    <p class='ocr_par' dir='ltr' id='par_1_14' title="bbox 119 2545 930 3054">
     <span class='ocr_line' id='line_1_48' title="bbox 164 2545 929 2589; baseline -0.001 -10"><span class='ocrx_word' id='word_1_296' title='bbox 164 2546 242 2579; x_wconf 88' lang='grc'><strong><em>289.</em></strong></span> <span class='ocrx_word' id='word_1_297' title='bbox 291 2546 433 2589; x_wconf 85' lang='lat' dir='ltr'><strong>fingitur</strong></span> <span class='ocrx_word' id='word_1_298' title='bbox 454 2547 550 2580; x_wconf 84' lang='lat' dir='ltr'><strong>Mars</strong></span> <span class='ocrx_word' id='word_1_299' title='bbox 571 2546 712 2580; x_wconf 86' lang='lat' dir='ltr'><strong>sorbere</strong></span> <span class='ocrx_word' id='word_1_300' title='bbox 731 2545 929 2589; x_wconf 82' lang='lat' dir='ltr'><strong>sanguinem</strong></span> 
     </span>
     <span class='ocr_line' id='line_1_49' title="bbox 119 2591 930 2636; baseline 0.001 -12"><span class='ocrx_word' id='word_1_301' title='bbox 119 2591 305 2625; x_wconf 88' lang='lat' dir='ltr'><strong>occisorum</strong></span> <span class='ocrx_word' id='word_1_302' title='bbox 322 2592 357 2625; x_wconf 88' lang='lat' dir='ltr'><strong><em>in</em></strong></span> <span class='ocrx_word' id='word_1_303' title='bbox 379 2592 526 2635; x_wconf 75' lang='lat' dir='ltr'><strong>proeii03</strong></span> <span class='ocrx_word' id='word_1_304' title='bbox 552 2604 640 2636; x_wconf 84' lang='lat' dir='ltr'><strong>quae</strong></span> <span class='ocrx_word' id='word_1_305' title='bbox 660 2592 849 2625; x_wconf 82' lang='lat' dir='ltr'><strong>immanitas</strong></span> <span class='ocrx_word' id='word_1_306' title='bbox 863 2604 930 2625; x_wconf 91' lang='lat' dir='ltr'><strong><em>non</em></strong></span> 
     </span>
     <span class='ocr_line' id='line_1_50' title="bbox 119 2637 930 2728; baseline 0.001 -58"><span class='ocrx_word' id='word_1_307' title='bbox 119 2637 283 2671; x_wconf 87' lang='lat' dir='ltr'><strong>abhorret</strong></span> <span class='ocrx_word' id='word_1_308' title='bbox 305 2639 348 2671; x_wconf 87' lang='lat' dir='ltr'><strong>ab</strong></span> <span class='ocrx_word' id='word_1_309' title='bbox 373 2638 488 2672; x_wconf 90' lang='lat' dir='ltr'><strong>indole</strong></span> <span class='ocrx_word' id='word_1_310' title='bbox 518 2639 595 2671; x_wconf 92' lang='lat' dir='ltr'><strong>aevi</strong></span> <span class='ocrx_word' id='word_1_311' title='bbox 624 2638 807 2728; x_wconf 58' lang='lat' dir='ltr'><strong>rudiorisz</strong></span> <span class='ocrx_word' id='word_1_312' title='bbox 839 2650 930 2671; x_wconf 86' lang='lat' dir='ltr'><strong>com-</strong></span> 
     </span>
     <span class='ocr_line' id='line_1_51' title="bbox 121 2682 929 2727; baseline 0.003 -11"><span class='ocrx_word' id='word_1_313' title='bbox 121 2682 239 2727; x_wconf 87' lang='lat' dir='ltr'><strong>parari</strong></span> <span class='ocrx_word' id='word_1_314' title='bbox 265 2684 390 2727; x_wconf 87' lang='lat' dir='ltr'><strong>jubent</strong></span> <span class='ocrx_word' id='word_1_315' title='bbox 421 2685 453 2717; x_wconf 90' lang='lat' dir='ltr'><strong>K</strong></span> <span class='ocrx_word' id='word_1_316' title='bbox 482 2691 517 2717; x_wconf 89' lang='lat' dir='ltr'><strong>et</strong></span> <span class='ocrx_word' id='word_1_317' title='bbox 544 2685 576 2717; x_wconf 91' lang='lat' dir='ltr'>H</span> <span class='ocrx_word' id='word_1_318' title='bbox 613 2682 657 2724; x_wconf 85' lang='grc' dir='ltr'><strong><em>δ’,</em></strong></span> <span class='ocrx_word' id='word_1_319' title='bbox 680 2686 747 2725; x_wconf 87' lang='grc'><strong><em>35,</em></strong></span> <span class='ocrx_word' id='word_1_320' title='bbox 811 2685 929 2723; x_wconf 90' lang='grc'><strong><em>3,47,</em></strong></span> 
     </span>
     <span class='ocr_line' id='line_1_52' title="bbox 119 2696 929 2774; baseline 0.004 -12"><span class='ocrx_word' id='word_1_321' title='bbox 119 2728 265 2762; x_wconf 86' lang='lat' dir='ltr'><strong>Hesiod.</strong></span> <span class='ocrx_word' id='word_1_322' title='bbox 288 2729 383 2762; x_wconf 85' lang='lat' dir='ltr'><strong>Scut.</strong></span> <span class='ocrx_word' id='word_1_323' title='bbox 410 2731 452 2763; x_wconf 89' lang='lat' dir='ltr'><strong>H.</strong></span> <span class='ocrx_word' id='word_1_324' title='bbox 474 2732 540 2765; x_wconf 84' lang='grc'><strong><em>251</em></strong></span> <span class='ocrx_word' id='word_1_325' title='bbox 564 2742 662 2774; x_wconf 86' lang='lat' dir='ltr'><strong>seqq.</strong></span> <span class='ocrx_word' id='word_1_326' title='bbox 696 2709 769 2774; x_wconf 80' lang='lat' dir='ltr'><strong>(c’f.</strong></span> <span class='ocrx_word' id='word_1_327' title='bbox 777 2696 838 2770; x_wconf 71' lang='grc' dir='ltr'><strong><em>χσ,</em></strong></span> <span class='ocrx_word' id='word_1_328' title='bbox 860 2731 929 2765; x_wconf 88' lang='grc'><strong><em>535</em></strong></span> 
     </span>
     <span class='ocr_line' id='line_1_53' title="bbox 119 2775 929 2821; baseline 0.001 -14"><span class='ocrx_word' id='word_1_329' title='bbox 119 2775 238 2819; x_wconf 87' lang='lat' dir='ltr'><strong>seqq.)</strong></span> <span class='ocrx_word' id='word_1_330' title='bbox 265 2787 296 2808; x_wconf 90' lang='lat' dir='ltr'><strong><em>v.</em></strong></span> <span class='ocrx_word' id='word_1_331' title='bbox 322 2776 424 2809; x_wconf 86' lang='lat' dir='ltr'><strong>etiam</strong></span> <span class='ocrx_word' id='word_1_332' title='bbox 448 2776 594 2821; x_wconf 79' lang='lat' dir='ltr'><strong>Aeschyl</strong></span> <span class='ocrx_word' id='word_1_333' title='bbox 626 2776 721 2810; x_wconf 86' lang='lat' dir='ltr'><strong>Eum.</strong></span> <span class='ocrx_word' id='word_1_334' title='bbox 743 2777 829 2816; x_wconf 95' lang='grc'><strong><em>250,</em></strong></span> <span class='ocrx_word' id='word_1_335' title='bbox 848 2777 929 2817; x_wconf 92' lang='grc'><strong><em>290,</em></strong></span> 
     </span>
     <span class='ocr_line' id='line_1_54' title="bbox 120 2818 930 2878; baseline 0.004 -25"><span class='ocrx_word' id='word_1_336' title='bbox 120 2820 279 2878; x_wconf 75' lang='lat' dir='ltr'><strong>Apollod.</strong></span> <span class='ocrx_word' id='word_1_337' title='bbox 298 2823 342 2862; x_wconf 87' lang='lat'><strong><em>3,</em></strong></span> <span class='ocrx_word' id='word_1_338' title='bbox 364 2823 396 2856; x_wconf 91' lang='lat'><strong><em>6.</em></strong></span> <span class='ocrx_word' id='word_1_339' title='bbox 426 2827 492 2856; x_wconf 86' lang='lat' dir='ltr'><strong>etc.</strong></span> <span class='ocrx_word' id='word_1_340' title='bbox 524 2841 568 2847; x_wconf 94' lang='lat'><strong>—</strong></span> <span class='ocrx_word' id='word_1_341' title='bbox 594 2822 695 2855; x_wconf 89' lang='lat' dir='ltr'><strong>Sch.·</strong></span> <span class='ocrx_word' id='word_1_342' title='bbox 718 2818 844 2857; x_wconf 77' lang='grc' dir='ltr'><strong><em>οἶσαι</em></strong></span> <span class='ocrx_word' id='word_1_343' title='bbox 868 2835 930 2856; x_wconf 84' lang='grc' dir='ltr'><strong><em>κο-</em></strong></span> 
     </span>
     <span class='ocr_line' id='line_1_55' title="bbox 121 2868 929 2912; baseline 0.001 -10"><span class='ocrx_word' id='word_1_344' title='bbox 121 2868 244 2910; x_wconf 83' lang='grc' dir='ltr'><strong><em>ρέσαι,</em></strong></span> <span class='ocrx_word' id='word_1_345' title='bbox 267 2868 467 2910; x_wconf 82' lang='grc' dir='ltr'><strong><em>πληρῶσαι.</em></strong></span> <span class='ocrx_word' id='word_1_346' title='bbox 501 2887 543 2892; x_wconf 87' lang='lat'><strong><em>—-</em></strong></span> <span class='ocrx_word' id='word_1_347' title='bbox 575 2871 668 2902; x_wconf 91' lang='grc' dir='ltr'><strong><em>ταλ.</em></strong></span> <span class='ocrx_word' id='word_1_348' title='bbox 701 2868 929 2912; x_wconf 80' lang='grc' dir='ltr'><strong><em>ὑπομονητι-</em></strong></span> 
     </span>
     <span class='ocr_line' id='line_1_56' title="bbox 121 2912 929 2971; baseline 0.002 -24"><span class='ocrx_word' id='word_1_349' title='bbox 121 2912 197 2948; x_wconf 86' lang='grc' dir='ltr'><strong><em>κόν-</em></strong></span> <span class='ocrx_word' id='word_1_350' title='bbox 233 2913 386 2948; x_wconf 83' lang='lat' dir='ltr'><strong>similiter</strong></span> <span class='ocrx_word' id='word_1_351' title='bbox 406 2914 492 2957; x_wconf 81' lang='lat' dir='ltr'><strong>Ap.:</strong></span> <span class='ocrx_word' id='word_1_352' title='bbox 527 2912 721 2958; x_wconf 83' lang='grc' dir='ltr'><strong><em>τολμηρόν.</em></strong></span> <span class='ocrx_word' id='word_1_353' title='bbox 742 2915 929 2971; x_wconf 83' lang='grc' dir='ltr'><strong><em>παρῆκται</em></strong></span> 
     </span>
     <span class='ocr_line' id='line_1_57' title="bbox 121 2955 930 3019; baseline 0.002 -25"><span class='ocrx_word' id='word_1_354' title='bbox 121 2958 162 2994; x_wconf 87' lang='grc' dir='ltr'><strong><em>δε</em></strong></span> <span class='ocrx_word' id='word_1_355' title='bbox 197 2955 220 3003; x_wconf 83' lang='grc' dir='ltr'>ἡ</span> <span class='ocrx_word' id='word_1_356' title='bbox 252 2960 345 3017; x_wconf 78' lang='grc' dir='ltr'><strong><em>λέξις</em></strong></span> <span class='ocrx_word' id='word_1_357' title='bbox 370 2958 475 3019; x_wconf 74' lang='grc' dir='ltr'><strong><em>παρὰ</em></strong></span> <span class='ocrx_word' id='word_1_358' title='bbox 505 2959 547 2996; x_wconf 83' lang='grc' dir='ltr'><strong><em>τὸ</em></strong></span> <span class='ocrx_word' id='word_1_359' title='bbox 581 2961 729 3003; x_wconf 79' lang='grc' dir='ltr'><strong><em>τλῆναι,</em></strong></span> <span class='ocrx_word' id='word_1_360' title='bbox 764 2961 827 2996; x_wconf 78' lang='grc' dir='ltr'><strong><em>καὶ</em></strong></span> <span class='ocrx_word' id='word_1_361' title='bbox 862 2958 930 2996; x_wconf 76' lang='grc' dir='ltr'><strong><em>οὐκ</em></strong></span> 
     </span>
     <span class='ocr_line' id='line_1_58' title="bbox 122 3004 930 3054; baseline 0.002 -13"><span class='ocrx_word' id='word_1_362' title='bbox 122 3004 278 3050; x_wconf 78' lang='grc' dir='ltr'><strong><em>ἕγκεῖται</em></strong></span> <span class='ocrx_word' id='word_1_363' title='bbox 312 3004 332 3043; x_wconf 97' lang='lat'><strong><em>6</em></strong></span> <span class='ocrx_word' id='word_1_364' title='bbox 363 3005 466 3052; x_wconf 75' lang='grc' dir='ltr'><strong><em>ῥινὸς</em></strong></span> <span class='ocrx_word' id='word_1_365' title='bbox 493 3012 578 3048; x_wconf 59' lang='lat' dir='ltr'><strong>etc„</strong></span> <span class='ocrx_word' id='word_1_366' title='bbox 610 3008 829 3054; x_wconf 85' lang='lat' dir='ltr'><strong>negabatque</strong></span> <span class='ocrx_word' id='word_1_367' title='bbox 854 3007 930 3053; x_wconf 84' lang='lat' dir='ltr'><strong>ipse</strong></span> 
     </span>
    </p>
   </div>
   <div class='ocr_carea' id='block_1_15' title="bbox 763 1147 1401 1208">
    <p class='ocr_par' dir='ltr' id='par_1_15' title="bbox 763 1147 1401 1208">
     <span class='ocr_line' id='line_1_59' title="bbox 763 1147 1401 1208; baseline 0.003 -16"><span class='ocrx_word' id='word_1_368' title='bbox 763 1147 786 1193; x_wconf 97' lang='lat'><strong><em>6</em></strong></span> <span class='ocrx_word' id='word_1_369' title='bbox 818 1149 864 1192; x_wconf 82' lang='grc' dir='ltr'><strong><em>δὲ</em></strong></span> <span class='ocrx_word' id='word_1_370' title='bbox 893 1149 1132 1205; x_wconf 82' lang='grc' dir='ltr'><strong><em>χερμάδιον</em></strong></span> <span class='ocrx_word' id='word_1_371' title='bbox 1159 1150 1263 1208; x_wconf 91' lang='grc' dir='ltr'><strong><em>λαβε</em></strong></span> <span class='ocrx_word' id='word_1_372' title='bbox 1291 1151 1401 1207; x_wconf 88' lang='grc' dir='ltr'><strong><em>χειρὶ</em></strong></span> 
     </span>
    </p>
   </div>
   <div class='ocr_carea' id='block_1_16' title="bbox 974 1272 1786 2011">
    <p class='ocr_par' dir='ltr' id='par_1_16' title="bbox 974 1272 1786 1734">
     <span class='ocr_line' id='line_1_60' title="bbox 977 1272 1783 1318; baseline 0 -10"><span class='ocrx_word' id='word_1_373' title='bbox 977 1274 1218 1318; x_wconf 80' lang='lat' dir='ltr'><strong>Aristarchus,</strong></span> <span class='ocrx_word' id='word_1_374' title='bbox 1243 1280 1335 1311; x_wconf 86' lang='lat' dir='ltr'><strong>teste</strong></span> <span class='ocrx_word' id='word_1_375' title='bbox 1364 1277 1395 1309; x_wconf 88' lang='grc' dir='ltr'>Ε</span> <span class='ocrx_word' id='word_1_376' title='bbox 1421 1287 1498 1309; x_wconf 89' lang='lat' dir='ltr'><strong>ann.</strong></span> <span class='ocrx_word' id='word_1_377' title='bbox 1523 1274 1567 1308; x_wconf 84' lang='lat' dir='ltr'><strong>ad</strong></span> <span class='ocrx_word' id='word_1_378' title='bbox 1588 1276 1667 1316; x_wconf 90' lang='lat'><strong>77.‚</strong></span> <span class='ocrx_word' id='word_1_379' title='bbox 1692 1272 1783 1309; x_wconf 83' lang='grc' dir='ltr'><strong><em>σύν-</em></strong></span> 
     </span>
     <span class='ocr_line' id='line_1_61' title="bbox 975 1300 1785 1367; baseline -0.002 -11"><span class='ocrx_word' id='word_1_380' title='bbox 975 1324 1090 1357; x_wconf 78' lang='grc' dir='ltr'><strong><em>θετον</em></strong></span> <span class='ocrx_word' id='word_1_381' title='bbox 1116 1321 1210 1357; x_wconf 82' lang='grc' dir='ltr'><strong><em>εἶναι</em></strong></span> <span class='ocrx_word' id='word_1_382' title='bbox 1236 1321 1487 1367; x_wconf 86' lang='grc' dir='ltr'><strong><em>σχηματισμὸν</em></strong></span> <span class='ocrx_word' id='word_1_383' title='bbox 1511 1322 1565 1365; x_wconf 86' lang='lat' dir='ltr'><strong><em>(b.</em></strong></span> <span class='ocrx_word' id='word_1_384' title='bbox 1593 1334 1621 1355; x_wconf 90' lang='lat' dir='ltr'><strong><em>e.</em></strong></span> <span class='ocrx_word' id='word_1_385' title='bbox 1647 1300 1785 1365; x_wconf 80' lang='lat' dir='ltr'><em>6ompo-</em></span> 
     </span>
     <span class='ocr_line' id='line_1_62' title="bbox 976 1366 1785 1412; baseline 0 -12"><span class='ocrx_word' id='word_1_386' title='bbox 976 1368 1075 1401; x_wconf 81' lang='lat' dir='ltr'><strong>situm</strong></span> <span class='ocrx_word' id='word_1_387' title='bbox 1101 1380 1176 1402; x_wconf 90' lang='lat' dir='ltr'><strong>esse</strong></span> <span class='ocrx_word' id='word_1_388' title='bbox 1203 1371 1322 1403; x_wconf 87' lang='lat' dir='ltr'><strong>vocab</strong></span> <span class='ocrx_word' id='word_1_389' title='bbox 1358 1369 1475 1412; x_wconf 88' lang='grc' dir='ltr'><strong><em>ταλ.),</em></strong></span> <span class='ocrx_word' id='word_1_390' title='bbox 1510 1367 1601 1402; x_wconf 72' lang='grc' dir='ltr'><strong><em>ἄλλα</em></strong></span> <span class='ocrx_word' id='word_1_391' title='bbox 1637 1366 1785 1401; x_wconf 73' lang='grc' dir='ltr'><strong><em>ἔννοιαν</em></strong></span> 
     </span>
     <span class='ocr_line' id='line_1_63' title="bbox 977 1413 1786 1469; baseline -0.001 -21"><span class='ocrx_word' id='word_1_392' title='bbox 977 1413 1118 1464; x_wconf 83' lang='grc' dir='ltr'><strong><em>ἁπλῆν·</em></strong></span> <span class='ocrx_word' id='word_1_393' title='bbox 1140 1414 1311 1469; x_wconf 78' lang='grc' dir='ltr'><strong><em>Τρύφων</em></strong></span> <span class='ocrx_word' id='word_1_394' title='bbox 1335 1414 1375 1450; x_wconf 75' lang='grc' dir='ltr'><strong><em>δὲ</em></strong></span> <span class='ocrx_word' id='word_1_395' title='bbox 1400 1414 1588 1457; x_wconf 71' lang='grc' dir='ltr'><strong><em>ἀρέσκεται</em></strong></span> <span class='ocrx_word' id='word_1_396' title='bbox 1603 1413 1786 1449; x_wconf 78' lang='grc' dir='ltr'><strong><em>σύνθετον</em></strong></span> 
     </span>
     <span class='ocr_line' id='line_1_64' title="bbox 977 1460 1784 1505; baseline 0 -11"><span class='ocrx_word' id='word_1_397' title='bbox 977 1465 1073 1495; x_wconf 78' lang='grc' dir='ltr'><strong><em>ειναι</em></strong></span> <span class='ocrx_word' id='word_1_398' title='bbox 1104 1460 1172 1505; x_wconf 81' lang='grc' dir='ltr'><strong><em>τήν</em></strong></span> <span class='ocrx_word' id='word_1_399' title='bbox 1205 1462 1301 1504; x_wconf 80' lang='grc' dir='ltr'><strong><em>λέξιν</em></strong></span> <span class='ocrx_word' id='word_1_400' title='bbox 1332 1461 1435 1505; x_wconf 77' lang='grc' dir='ltr'><strong><em>παρὰ</em></strong></span> <span class='ocrx_word' id='word_1_401' title='bbox 1471 1460 1515 1495; x_wconf 77' lang='grc' dir='ltr'><strong><em>τὸ</em></strong></span> <span class='ocrx_word' id='word_1_402' title='bbox 1548 1460 1686 1495; x_wconf 85' lang='grc' dir='ltr'><strong><em>ταλαὸν</em></strong></span> <span class='ocrx_word' id='word_1_403' title='bbox 1721 1461 1784 1494; x_wconf 80' lang='grc' dir='ltr'><strong><em>καὶ</em></strong></span> 
     </span>
     <span class='ocr_line' id='line_1_65' title="bbox 975 1506 1786 1561; baseline -0.004 -19"><span class='ocrx_word' id='word_1_404' title='bbox 975 1506 1017 1542; x_wconf 86' lang='grc' dir='ltr'>τὸ</span> <span class='ocrx_word' id='word_1_405' title='bbox 1046 1506 1161 1551; x_wconf 78' lang='grc' dir='ltr'><strong><em>ῥινός.</em></strong></span> <span class='ocrx_word' id='word_1_406' title='bbox 1208 1509 1258 1541; x_wconf 90' lang='lat' dir='ltr'><strong><em>sic</em></strong></span> <span class='ocrx_word' id='word_1_407' title='bbox 1292 1509 1335 1542; x_wconf 83' lang='lat' dir='ltr'><strong>E.</strong></span> <span class='ocrx_word' id='word_1_408' title='bbox 1381 1513 1476 1541; x_wconf 83' lang='lat' dir='ltr'><strong>recte</strong></span> <span class='ocrx_word' id='word_1_409' title='bbox 1509 1507 1699 1561; x_wconf 79' lang='lat' dir='ltr'><strong>Tryphon:</strong></span> <span class='ocrx_word' id='word_1_410' title='bbox 1733 1512 1786 1539; x_wconf 87' lang='lat' dir='ltr'><strong>est</strong></span> 
     </span>
     <span class='ocr_line' id='line_1_66' title="bbox 974 1553 1786 1599; baseline 0 -14"><span class='ocrx_word' id='word_1_411' title='bbox 974 1553 1061 1586; x_wconf 85' lang='lat' dir='ltr'><strong>enim</strong></span> <span class='ocrx_word' id='word_1_412' title='bbox 1086 1554 1159 1587; x_wconf 85' lang='lat' dir='ltr'><strong>sine</strong></span> <span class='ocrx_word' id='word_1_413' title='bbox 1185 1555 1286 1588; x_wconf 88' lang='lat' dir='ltr'><strong>dubio</strong></span> <span class='ocrx_word' id='word_1_414' title='bbox 1312 1559 1465 1599; x_wconf 84' lang='grc' dir='ltr'><strong><em>ταλαυρ.</em></strong></span> <span class='ocrx_word' id='word_1_415' title='bbox 1490 1554 1629 1598; x_wconf 87' lang='lat' dir='ltr'><strong>proprie</strong></span> <span class='ocrx_word' id='word_1_416' title='bbox 1653 1553 1702 1593; x_wconf 85' lang='lat' dir='ltr'><strong>is,</strong></span> <span class='ocrx_word' id='word_1_417' title='bbox 1727 1553 1786 1596; x_wconf 88' lang='lat' dir='ltr'><strong><em>qui</em></strong></span> 
     </span>
     <span class='ocr_line' id='line_1_67' title="bbox 974 1599 1786 1652; baseline -0.001 -20"><span class='ocrx_word' id='word_1_418' title='bbox 974 1611 1081 1643; x_wconf 82' lang='lat' dir='ltr'><strong>grave</strong></span> <span class='ocrx_word' id='word_1_419' title='bbox 1113 1608 1243 1633; x_wconf 86' lang='lat' dir='ltr'><strong>scutum</strong></span> <span class='ocrx_word' id='word_1_420' title='bbox 1276 1602 1421 1641; x_wconf 81' lang='lat' dir='ltr'><strong>tolerat,</strong></span> <span class='ocrx_word' id='word_1_421' title='bbox 1455 1612 1518 1633; x_wconf 90' lang='lat' dir='ltr'><strong>nec</strong></span> <span class='ocrx_word' id='word_1_422' title='bbox 1546 1611 1586 1632; x_wconf 94' lang='lat' dir='ltr'><strong>eo</strong></span> <span class='ocrx_word' id='word_1_423' title='bbox 1616 1599 1786 1652; x_wconf 86' lang='lat' dir='ltr'><strong>gestando</strong></span> 
     </span>
     <span class='ocr_line' id='line_1_68' title="bbox 974 1642 1785 1701; baseline -0.001 -23"><span class='ocrx_word' id='word_1_424' title='bbox 974 1645 1155 1701; x_wconf 71' lang='lat' dir='ltr'><strong>iatigatur.</strong></span> <span class='ocrx_word' id='word_1_425' title='bbox 1214 1648 1257 1680; x_wconf 83' lang='lat' dir='ltr'><strong><em>cf.</em></strong></span> <span class='ocrx_word' id='word_1_426' title='bbox 1292 1647 1337 1680; x_wconf 93' lang='lat' dir='ltr'><strong><em>H.</em></strong></span> <span class='ocrx_word' id='word_1_427' title='bbox 1379 1646 1551 1691; x_wconf 78' lang='lat' dir='ltr'><strong>repetitur</strong></span> <span class='ocrx_word' id='word_1_428' title='bbox 1582 1656 1702 1678; x_wconf 76' lang='lat' dir='ltr'><strong>versus</strong></span> <span class='ocrx_word' id='word_1_429' title='bbox 1737 1642 1785 1687; x_wconf 86' lang='grc' dir='ltr'><strong><em>ν’,</em></strong></span> 
     </span>
     <span class='ocr_line' id='line_1_69' title="bbox 974 1689 1208 1734; baseline 0 -8"><span class='ocrx_word' id='word_1_430' title='bbox 974 1692 1039 1732; x_wconf 87' lang='grc'><strong><em>78,</em></strong></span> <span class='ocrx_word' id='word_1_431' title='bbox 1064 1689 1105 1734; x_wconf 82' lang='grc' dir='ltr'><strong><em>χ’,</em></strong></span> <span class='ocrx_word' id='word_1_432' title='bbox 1128 1693 1208 1727; x_wconf 91' lang='grc'><strong><em>267.</em></strong></span> 
     </span>
    </p>

    <p class='ocr_par' dir='ltr' id='par_1_17' title="bbox 975 1735 1786 2011">
     <span class='ocr_line' id='line_1_70' title="bbox 1021 1735 1783 1782; baseline -0.001 -11"><span class='ocrx_word' id='word_1_433' title='bbox 1021 1739 1101 1772; x_wconf 87' lang='grc'><strong><em>292.</em></strong></span> <span class='ocrx_word' id='word_1_434' title='bbox 1148 1735 1378 1782; x_wconf 86' lang='grc' dir='ltr'><strong><em>πρυμνήν.</em></strong></span> <span class='ocrx_word' id='word_1_435' title='bbox 1422 1735 1588 1782; x_wconf 78' lang='grc' dir='ltr'><strong><em>ἐσχάτην.</em></strong></span> <span class='ocrx_word' id='word_1_436' title='bbox 1621 1738 1783 1781; x_wconf 83' lang='lat' dir='ltr'><strong>(proram</strong></span> 
     </span>
     <span class='ocr_line' id='line_1_71' title="bbox 975 1783 1785 1828; baseline 0 -12"><span class='ocrx_word' id='word_1_437' title='bbox 975 1794 1051 1816; x_wconf 85' lang='lat' dir='ltr'><strong>esse</strong></span> <span class='ocrx_word' id='word_1_438' title='bbox 1075 1783 1247 1828; x_wconf 82' lang='grc' dir='ltr'><strong><em>πρύμνην</em></strong></span> <span class='ocrx_word' id='word_1_439' title='bbox 1272 1796 1330 1817; x_wconf 88' lang='lat' dir='ltr'><strong>seu</strong></span> <span class='ocrx_word' id='word_1_440' title='bbox 1355 1783 1551 1828; x_wconf 87' lang='grc' dir='ltr'><strong><em>πρύμναν,</em></strong></span> <span class='ocrx_word' id='word_1_441' title='bbox 1577 1789 1705 1817; x_wconf 86' lang='lat' dir='ltr'><strong>mutato</strong></span> <span class='ocrx_word' id='word_1_442' title='bbox 1726 1795 1785 1817; x_wconf 83' lang='lat' dir='ltr'><strong>ac-</strong></span> 
     </span>
     <span class='ocr_line' id='line_1_72' title="bbox 975 1829 1786 1874; baseline 0.001 -13"><span class='ocrx_word' id='word_1_443' title='bbox 975 1836 1095 1871; x_wconf 83' lang='lat' dir='ltr'><strong>centu,</strong></span> <span class='ocrx_word' id='word_1_444' title='bbox 1122 1832 1249 1864; x_wconf 86' lang='lat' dir='ltr'><strong>docent</strong></span> <span class='ocrx_word' id='word_1_445' title='bbox 1273 1831 1515 1874; x_wconf 82' lang='lat' dir='ltr'><strong>grammatici.)</strong></span> <span class='ocrx_word' id='word_1_446' title='bbox 1539 1831 1619 1863; x_wconf 90' lang='lat' dir='ltr'><strong>Sch.</strong></span> <span class='ocrx_word' id='word_1_447' title='bbox 1655 1829 1786 1862; x_wconf 91' lang='lat' dir='ltr'><strong>ridicu-</strong></span> 
     </span>
     <span class='ocr_line' id='line_1_73' title="bbox 975 1873 1785 1920; baseline 0.001 -13"><span class='ocrx_word' id='word_1_448' title='bbox 975 1876 1040 1908; x_wconf 88' lang='lat' dir='ltr'><strong><em>lum</em></strong></span> <span class='ocrx_word' id='word_1_449' title='bbox 1068 1881 1141 1917; x_wconf 85' lang='lat' dir='ltr'><strong>est,</strong></span> <span class='ocrx_word' id='word_1_450' title='bbox 1169 1877 1262 1920; x_wconf 87' lang='lat' dir='ltr'><strong>quod</strong></span> <span class='ocrx_word' id='word_1_451' title='bbox 1286 1876 1442 1920; x_wconf 73' lang='lat' dir='ltr'><strong>subjicit:</strong></span> <span class='ocrx_word' id='word_1_452' title='bbox 1475 1875 1626 1918; x_wconf 76' lang='grc' dir='ltr'><strong><em>ἐξέκοψε</em></strong></span> <span class='ocrx_word' id='word_1_453' title='bbox 1651 1873 1691 1910; x_wconf 86' lang='grc' dir='ltr'><strong><em>δε</em></strong></span> <span class='ocrx_word' id='word_1_454' title='bbox 1717 1874 1785 1909; x_wconf 78' lang='grc' dir='ltr'><strong><em>αὕ-</em></strong></span> 
     </span>
     <span class='ocr_line' id='line_1_74' title="bbox 975 1920 1785 1967; baseline 0 -11"><span class='ocrx_word' id='word_1_455' title='bbox 975 1922 1044 1956; x_wconf 82' lang='grc' dir='ltr'><strong><em>τοῦ</em></strong></span> <span class='ocrx_word' id='word_1_456' title='bbox 1067 1921 1134 1966; x_wconf 81' lang='grc' dir='ltr'><strong><em>τήν</em></strong></span> <span class='ocrx_word' id='word_1_457' title='bbox 1165 1923 1351 1966; x_wconf 77' lang='grc' dir='ltr'><strong><em>γλῶσσαν,</em></strong></span> <span class='ocrx_word' id='word_1_458' title='bbox 1383 1920 1437 1956; x_wconf 83' lang='grc' dir='ltr'><strong><em>δι’</em></strong></span> <span class='ocrx_word' id='word_1_459' title='bbox 1470 1926 1514 1967; x_wconf 84' lang='grc' dir='ltr'><strong><em>ἡς</em></strong></span> <span class='ocrx_word' id='word_1_460' title='bbox 1548 1921 1785 1965; x_wconf 73' lang='grc' dir='ltr'><strong><em>ἐπιόρκησενε</em></strong></span> 
     </span>
     <span class='ocr_line' id='line_1_75' title="bbox 977 1969 1785 2011; baseline 0.001 -10"><span class='ocrx_word' id='word_1_461' title='bbox 977 1979 1077 2011; x_wconf 87' lang='lat' dir='ltr'><strong>quam</strong></span> <span class='ocrx_word' id='word_1_462' title='bbox 1109 1969 1311 2002; x_wconf 84' lang='lat' dir='ltr'><strong>cantilenam</strong></span> <span class='ocrx_word' id='word_1_463' title='bbox 1346 1974 1474 2003; x_wconf 83' lang='lat' dir='ltr'><strong>canunt</strong></span> <span class='ocrx_word' id='word_1_464' title='bbox 1502 1970 1602 2004; x_wconf 81' lang='lat' dir='ltr'><strong>etiam</strong></span> <span class='ocrx_word' id='word_1_465' title='bbox 1629 1970 1659 2002; x_wconf 80' lang='lat' dir='ltr'>E</span> <span class='ocrx_word' id='word_1_466' title='bbox 1681 1974 1717 2002; x_wconf 81' lang='lat' dir='ltr'><strong>et</strong></span> <span class='ocrx_word' id='word_1_467' title='bbox 1738 1970 1785 2002; x_wconf 89' lang='grc' dir='ltr'><strong><em>Α-</em></strong></span> 
     </span>
    </p>
   </div>
   <div class='ocr_carea' id='block_1_17' title="bbox 974 2013 1786 2658">
    <p class='ocr_par' dir='ltr' id='par_1_18' title="bbox 976 2013 1785 2093">
     <span class='ocr_line' id='line_1_76' title="bbox 976 2013 1785 2060; baseline 0.004 -14"><span class='ocrx_word' id='word_1_468' title='bbox 976 2015 1069 2047; x_wconf 85' lang='lat' dir='ltr'><strong>then.</strong></span> <span class='ocrx_word' id='word_1_469' title='bbox 1095 2017 1136 2057; x_wconf 94' lang='lat'><strong><em>6,</em></strong></span> <span class='ocrx_word' id='word_1_470' title='bbox 1162 2017 1216 2059; x_wconf 88' lang='lat'><strong><em>8,</em></strong></span> <span class='ocrx_word' id='word_1_471' title='bbox 1253 2016 1449 2050; x_wconf 90' lang='lat' dir='ltr'><strong>utHann.</strong></span> <span class='ocrx_word' id='word_1_472' title='bbox 1482 2035 1526 2040; x_wconf 93' lang='lat'><strong><em>—-</em></strong></span> <span class='ocrx_word' id='word_1_473' title='bbox 1573 2014 1637 2050; x_wconf 82' lang='grc' dir='ltr'><strong><em>ἀτ.</em></strong></span> <span class='ocrx_word' id='word_1_474' title='bbox 1670 2013 1785 2060; x_wconf 82' lang='grc' dir='ltr'><strong><em>γ’,60</em></strong></span> 
     </span>
     <span class='ocr_line' id='line_1_77' title="bbox 976 2065 1042 2093; baseline 0 0"><span class='ocrx_word' id='word_1_475' title='bbox 976 2065 1042 2093; x_wconf 90' lang='lat' dir='ltr'><strong>etc.</strong></span> 
     </span>
    </p>

    <p class='ocr_par' dir='ltr' id='par_1_19' title="bbox 974 2105 1786 2658">
     <span class='ocr_line' id='line_1_78' title="bbox 1021 2105 1785 2151; baseline -0.003 -11"><span class='ocrx_word' id='word_1_476' title='bbox 1021 2108 1142 2141; x_wconf 86' lang='grc'><strong><em>293-</em></strong></span> <span class='ocrx_word' id='word_1_477' title='bbox 1154 2108 1234 2140; x_wconf 86' lang='grc'><strong><em>296.</em></strong></span> <span class='ocrx_word' id='word_1_478' title='bbox 1260 2118 1439 2151; x_wconf 86' lang='lat' dir='ltr'><strong>perperam</strong></span> <span class='ocrx_word' id='word_1_479' title='bbox 1455 2108 1560 2147; x_wconf 89' lang='lat' dir='ltr'><strong>Ven.‚</strong></span> <span class='ocrx_word' id='word_1_480' title='bbox 1576 2105 1667 2140; x_wconf 88' lang='lat' dir='ltr'><strong>Mori</strong></span> <span class='ocrx_word' id='word_1_481' title='bbox 1685 2105 1785 2139; x_wconf 87' lang='lat' dir='ltr'><strong>codd.</strong></span> 
     </span>
     <span class='ocr_line' id='line_1_79' title="bbox 977 2150 1783 2196; baseline 0.001 -12"><span class='ocrx_word' id='word_1_482' title='bbox 977 2156 1012 2185; x_wconf 90' lang='lat' dir='ltr'><strong>et</strong></span> <span class='ocrx_word' id='word_1_483' title='bbox 1052 2151 1129 2192; x_wconf 86' lang='lat' dir='ltr'><strong>alii,</strong></span> <span class='ocrx_word' id='word_1_484' title='bbox 1173 2157 1313 2184; x_wconf 86' lang='lat' dir='ltr'><strong>auctore</strong></span> <span class='ocrx_word' id='word_1_485' title='bbox 1353 2153 1572 2186; x_wconf 77' lang='lat' dir='ltr'><strong>Aristarcho:</strong></span> <span class='ocrx_word' id='word_1_486' title='bbox 1615 2150 1783 2196; x_wconf 73' lang='grc' dir='ltr'><strong><em>ἐξελύθη,</em></strong></span> 
     </span>
     <span class='ocr_line' id='line_1_80' title="bbox 977 2177 1784 2242; baseline 0 -12"><span class='ocrx_word' id='word_1_487' title='bbox 977 2198 1069 2242; x_wconf 87' lang='lat' dir='ltr'><strong>quod</strong></span> <span class='ocrx_word' id='word_1_488' title='bbox 1094 2177 1129 2230; x_wconf 89' lang='lat' dir='ltr'><strong>H</strong></span> <span class='ocrx_word' id='word_1_489' title='bbox 1152 2198 1286 2231; x_wconf 86' lang='lat' dir='ltr'><strong>reddit:</strong></span> <span class='ocrx_word' id='word_1_490' title='bbox 1312 2199 1440 2242; x_wconf 84' lang='lat' dir='ltr'><strong>impetu</strong></span> <span class='ocrx_word' id='word_1_491' title='bbox 1460 2210 1520 2232; x_wconf 80' lang='lat' dir='ltr'><strong><em>suo</em></strong></span> <span class='ocrx_word' id='word_1_492' title='bbox 1541 2199 1700 2242; x_wconf 79' lang='lat' dir='ltr'><strong>elanguit</strong></span> <span class='ocrx_word' id='word_1_493' title='bbox 1719 2199 1784 2231; x_wconf 79' lang='lat' dir='ltr'><strong><em>ha·</em></strong></span> 
     </span>
     <span class='ocr_line' id='line_1_81' title="bbox 976 2243 1784 2287; baseline 0.003 -11"><span class='ocrx_word' id='word_1_494' title='bbox 976 2249 1051 2285; x_wconf 78' lang='lat' dir='ltr'><em>sta,</em></span> <span class='ocrx_word' id='word_1_495' title='bbox 1086 2244 1279 2287; x_wconf 84' lang='lat' dir='ltr'><strong>similiaque</strong></span> <span class='ocrx_word' id='word_1_496' title='bbox 1304 2255 1379 2277; x_wconf 87' lang='lat' dir='ltr'><strong>esse</strong></span> <span class='ocrx_word' id='word_1_497' title='bbox 1407 2250 1525 2278; x_wconf 89' lang='lat' dir='ltr'><strong>censet</strong></span> <span class='ocrx_word' id='word_1_498' title='bbox 1547 2244 1606 2278; x_wconf 75' lang='lat' dir='ltr'><strong>illa</strong></span> <span class='ocrx_word' id='word_1_499' title='bbox 1629 2245 1699 2279; x_wconf 85' lang='grc' dir='ltr'><strong><em>τοῦ</em></strong></span> <span class='ocrx_word' id='word_1_500' title='bbox 1721 2243 1784 2278; x_wconf 82' lang='grc' dir='ltr'><strong><em>λύ-</em></strong></span> 
     </span>
     <span class='ocr_line' id='line_1_82' title="bbox 976 2287 1783 2334; baseline 0.001 -11"><span class='ocrx_word' id='word_1_501' title='bbox 976 2292 1030 2332; x_wconf 81' lang='grc' dir='ltr'><strong><em>θη</em></strong></span> <span class='ocrx_word' id='word_1_502' title='bbox 1055 2287 1156 2334; x_wconf 82' lang='grc' dir='ltr'><strong><em>ψυχή</em></strong></span> <span class='ocrx_word' id='word_1_503' title='bbox 1190 2292 1291 2330; x_wconf 80' lang='grc'><strong><em>296,</em></strong></span> <span class='ocrx_word' id='word_1_504' title='bbox 1318 2289 1431 2325; x_wconf 78' lang='grc' dir='ltr'><strong><em>λύθεν</em></strong></span> <span class='ocrx_word' id='word_1_505' title='bbox 1456 2289 1497 2324; x_wconf 81' lang='grc' dir='ltr'><strong><em>δ’</em></strong></span> <span class='ocrx_word' id='word_1_506' title='bbox 1523 2288 1598 2325; x_wconf 84' lang='grc' dir='ltr'><strong><em>ν’πο</em></strong></span> <span class='ocrx_word' id='word_1_507' title='bbox 1623 2294 1712 2334; x_wconf 82' lang='grc' dir='ltr'><strong><em>’γυῖα</em></strong></span> <span class='ocrx_word' id='word_1_508' title='bbox 1735 2289 1783 2331; x_wconf 89' lang='grc' dir='ltr'><strong><em>π’,</em></strong></span> 
     </span>
     <span class='ocr_line' id='line_1_83' title="bbox 977 2335 1784 2381; baseline 0.002 -11"><span class='ocrx_word' id='word_1_509' title='bbox 977 2338 1055 2371; x_wconf 89' lang='grc'><strong><em>805.</em></strong></span> <span class='ocrx_word' id='word_1_510' title='bbox 1078 2342 1144 2369; x_wconf 82' lang='lat' dir='ltr'><strong><em>etc</em></strong></span> <span class='ocrx_word' id='word_1_511' title='bbox 1176 2337 1349 2380; x_wconf 79' lang='lat' dir='ltr'><strong>Hesycb..</strong></span> <span class='ocrx_word' id='word_1_512' title='bbox 1384 2335 1551 2381; x_wconf 74' lang='grc' dir='ltr'><strong><em>ἐξελύθη.</em></strong></span> <span class='ocrx_word' id='word_1_513' title='bbox 1595 2336 1784 2372; x_wconf 80' lang='grc' dir='ltr'><strong><em>ἐπαύσατο</em></strong></span> 
     </span>
     <span class='ocr_line' id='line_1_84' title="bbox 976 2380 1786 2426; baseline 0 -10"><span class='ocrx_word' id='word_1_514' title='bbox 976 2384 1042 2426; x_wconf 81' lang='grc' dir='ltr'><strong><em>τῆς</em></strong></span> <span class='ocrx_word' id='word_1_515' title='bbox 1067 2380 1192 2426; x_wconf 72' lang='grc' dir='ltr'><strong><em>ὁρμῆς</em></strong></span> <span class='ocrx_word' id='word_1_516' title='bbox 1235 2383 1308 2415; x_wconf 80' lang='lat' dir='ltr'><strong>Ald.</strong></span> <span class='ocrx_word' id='word_1_517' title='bbox 1336 2386 1366 2417; x_wconf 88' lang='lat' dir='ltr'>l</span> <span class='ocrx_word' id='word_1_518' title='bbox 1396 2385 1504 2424; x_wconf 82' lang='lat' dir='ltr'><strong>et3.‚</strong></span> <span class='ocrx_word' id='word_1_519' title='bbox 1528 2385 1610 2417; x_wconf 88' lang='lat' dir='ltr'><strong>item</strong></span> <span class='ocrx_word' id='word_1_520' title='bbox 1629 2384 1726 2417; x_wconf 85' lang='lat' dir='ltr'><strong>Rom.</strong></span> <span class='ocrx_word' id='word_1_521' title='bbox 1750 2389 1786 2417; x_wconf 78' lang='lat' dir='ltr'><strong>et</strong></span> 
     </span>
     <span class='ocr_line' id='line_1_85' title="bbox 976 2427 1783 2473; baseline 0 -11"><span class='ocrx_word' id='word_1_522' title='bbox 976 2430 1205 2462; x_wconf 85' lang='lat' dir='ltr'><strong>recentiorum</strong></span> <span class='ocrx_word' id='word_1_523' title='bbox 1229 2428 1325 2461; x_wconf 89' lang='lat' dir='ltr'><strong>edd.:</strong></span> <span class='ocrx_word' id='word_1_524' title='bbox 1360 2427 1539 2473; x_wconf 75' lang='grc' dir='ltr'><strong><em>ἐξεχύθη,</em></strong></span> <span class='ocrx_word' id='word_1_525' title='bbox 1566 2430 1599 2463; x_wconf 88' lang='lat' dir='ltr'><strong><em>h.</em></strong></span> <span class='ocrx_word' id='word_1_526' title='bbox 1621 2442 1651 2464; x_wconf 88' lang='lat' dir='ltr'><strong><em>e.</em></strong></span> <span class='ocrx_word' id='word_1_527' title='bbox 1675 2430 1783 2463; x_wconf 87' lang='lat' dir='ltr'><strong>inter-</strong></span> 
     </span>
     <span class='ocr_line' id='line_1_86' title="bbox 976 2472 1783 2520; baseline 0 -12"><span class='ocrx_word' id='word_1_528' title='bbox 976 2481 1076 2520; x_wconf 84' lang='lat' dir='ltr'><strong>prete</strong></span> <span class='ocrx_word' id='word_1_529' title='bbox 1100 2475 1198 2507; x_wconf 57' lang='lat' dir='ltr'><strong>Scir:</strong></span> <span class='ocrx_word' id='word_1_530' title='bbox 1224 2472 1421 2518; x_wconf 73' lang='grc' dir='ltr'><strong><em>ἐξώρμησε,</em></strong></span> <span class='ocrx_word' id='word_1_531' title='bbox 1451 2477 1594 2520; x_wconf 83' lang='grc' dir='ltr'><strong><em>διῆλθε.</em></strong></span> <span class='ocrx_word' id='word_1_532' title='bbox 1630 2477 1718 2510; x_wconf 89' lang='lat' dir='ltr'><strong>bene</strong></span> <span class='ocrx_word' id='word_1_533' title='bbox 1740 2476 1783 2508; x_wconf 89' lang='lat' dir='ltr'>W</span> 
     </span>
     <span class='ocr_line' id='line_1_87' title="bbox 976 2520 1783 2578; baseline 0.001 -24"><span class='ocrx_word' id='word_1_534' title='bbox 976 2527 1148 2578; x_wconf 85' lang='lat' dir='ltr'><strong>postrema</strong></span> <span class='ocrx_word' id='word_1_535' title='bbox 1173 2521 1225 2554; x_wconf 90' lang='lat' dir='ltr'><strong>ed</strong></span> <span class='ocrx_word' id='word_1_536' title='bbox 1253 2520 1422 2566; x_wconf 77' lang='grc' dir='ltr'><strong><em>ἐξεσύθη.</em></strong></span> <span class='ocrx_word' id='word_1_537' title='bbox 1449 2543 1494 2547; x_wconf 77' lang='grc'>-</span> <span class='ocrx_word' id='word_1_538' title='bbox 1525 2522 1626 2555; x_wconf 81' lang='lat' dir='ltr'><strong>Sch..</strong></span> <span class='ocrx_word' id='word_1_539' title='bbox 1652 2523 1783 2556; x_wconf 86' lang='grc' dir='ltr'><strong><em>νεία-</em></strong></span> 
     </span>
     <span class='ocr_line' id='line_1_88' title="bbox 975 2566 1783 2610; baseline 0.001 -9"><span class='ocrx_word' id='word_1_540' title='bbox 975 2580 1069 2602; x_wconf 88' lang='grc' dir='ltr'><strong><em>τον.</em></strong></span> <span class='ocrx_word' id='word_1_541' title='bbox 1104 2566 1273 2610; x_wconf 67' lang='grc' dir='ltr'><strong><em>ἔσχατον,</em></strong></span> <span class='ocrx_word' id='word_1_542' title='bbox 1297 2568 1522 2603; x_wconf 78' lang='grc' dir='ltr'><strong><em>κατώτατον.</em></strong></span> <span class='ocrx_word' id='word_1_543' title='bbox 1546 2588 1591 2593; x_wconf 97' lang='lat'>—</span> <span class='ocrx_word' id='word_1_544' title='bbox 1629 2567 1783 2602; x_wconf 82' lang='grc' dir='ltr'><strong><em>αἰόλα.</em></strong></span> 
     </span>
     <span class='ocr_line' id='line_1_89' title="bbox 974 2608 1781 2658; baseline 0 -11"><span class='ocrx_word' id='word_1_545' title='bbox 974 2615 1135 2648; x_wconf 87' lang='grc' dir='ltr'><strong><em>ποικίλα.</em></strong></span> <span class='ocrx_word' id='word_1_546' title='bbox 1171 2612 1230 2658; x_wconf 78' lang='grc' dir='ltr'><strong><em>(γ’,</em></strong></span> <span class='ocrx_word' id='word_1_547' title='bbox 1257 2615 1345 2654; x_wconf 88' lang='grc'><strong><em>185,</em></strong></span> <span class='ocrx_word' id='word_1_548' title='bbox 1407 2614 1541 2657; x_wconf 91' lang='grc'><strong><em>,186.)</em></strong></span> <span class='ocrx_word' id='word_1_549' title='bbox 1573 2633 1619 2638; x_wconf 90' lang='grc'>-</span> <span class='ocrx_word' id='word_1_550' title='bbox 1653 2608 1781 2650; x_wconf 59' lang='lat' dir='ltr'><strong>avez.</strong></span> 
     </span>
    </p>
   </div>
   <div class='ocr_carea' id='block_1_18' title="bbox 975 2658 1352 2696">
    <p class='ocr_par' dir='ltr' id='par_1_20' title="bbox 975 2658 1352 2696">
     <span class='ocr_line' id='line_1_90' title="bbox 975 2658 1352 2696; baseline -0.005 0"><span class='ocrx_word' id='word_1_551' title='bbox 975 2660 1034 2696; x_wconf 78' lang='grc' dir='ltr'><strong><em>ἐπὶ</em></strong></span> <span class='ocrx_word' id='word_1_552' title='bbox 1058 2659 1176 2694; x_wconf 86' lang='grc' dir='ltr'><strong><em>τόπον</em></strong></span> <span class='ocrx_word' id='word_1_553' title='bbox 1200 2673 1247 2694; x_wconf 87' lang='grc' dir='ltr'><strong><em>αν</em></strong></span> <span class='ocrx_word' id='word_1_554' title='bbox 1239 2658 1352 2696; x_wconf 86' lang='grc' dir='ltr'><strong><em>’τόθι.</em></strong></span> 
     </span>
    </p>
   </div>
   <div class='ocr_carea' id='block_1_19' title="bbox 975 2715 1783 2856">
    <p class='ocr_par' dir='ltr' id='par_1_21' title="bbox 975 2715 1783 2856">
     <span class='ocr_line' id='line_1_91' title="bbox 1021 2715 1783 2764; baseline 0.001 -12"><span class='ocrx_word' id='word_1_555' title='bbox 1021 2720 1088 2753; x_wconf 89' lang='grc'><strong><em>299</em></strong></span> <span class='ocrx_word' id='word_1_556' title='bbox 1114 2729 1209 2762; x_wconf 84' lang='lat' dir='ltr'><strong>sequ.</strong></span> <span class='ocrx_word' id='word_1_557' title='bbox 1248 2717 1592 2764; x_wconf 80' lang='grc' dir='ltr'><strong><em>ἀμφὶ-βαῖνε.</em></strong></span> <span class='ocrx_word' id='word_1_558' title='bbox 1616 2719 1672 2752; x_wconf 87' lang='grc'><strong><em>21.</em></strong></span> <span class='ocrx_word' id='word_1_559' title='bbox 1706 2715 1783 2753; x_wconf 79' lang='grc' dir='ltr'><strong><em>ἆλ-</em></strong></span> 
     </span>
     <span class='ocr_line' id='line_1_92' title="bbox 975 2761 1782 2809; baseline 0.001 -11"><span class='ocrx_word' id='word_1_560' title='bbox 975 2765 1029 2798; x_wconf 85' lang='grc' dir='ltr'><strong><em>κί.</em></strong></span> <span class='ocrx_word' id='word_1_561' title='bbox 1057 2762 1160 2809; x_wconf 69' lang='grc' dir='ltr'><strong><em>ἀλκῇ.</em></strong></span> <span class='ocrx_word' id='word_1_562' title='bbox 1202 2764 1246 2796; x_wconf 83' lang='lat' dir='ltr'><strong>cs.</strong></span> <span class='ocrx_word' id='word_1_563' title='bbox 1273 2776 1350 2798; x_wconf 88' lang='lat' dir='ltr'><strong>ann.</strong></span> <span class='ocrx_word' id='word_1_564' title='bbox 1376 2765 1419 2799; x_wconf 88' lang='lat' dir='ltr'><strong>ad</strong></span> <span class='ocrx_word' id='word_1_565' title='bbox 1443 2766 1524 2800; x_wconf 76' lang='lat'><strong>521.</strong></span> <span class='ocrx_word' id='word_1_566' title='bbox 1551 2783 1592 2788; x_wconf 87' lang='lat'>—</span> <span class='ocrx_word' id='word_1_567' title='bbox 1618 2761 1719 2799; x_wconf 84' lang='grc' dir='ltr'><strong><em>οισπ.</em></strong></span> <span class='ocrx_word' id='word_1_568' title='bbox 1743 2777 1782 2799; x_wconf 85' lang='grc' dir='ltr'><strong><em>π.</em></strong></span> 
     </span>
     <span class='ocr_line' id='line_1_93' title="bbox 976 2807 1310 2856; baseline -0.003 -11"><span class='ocrx_word' id='word_1_569' title='bbox 976 2809 1125 2856; x_wconf 79' lang='grc' dir='ltr'><strong><em>ἐΐσην.</em></strong></span> <span class='ocrx_word' id='word_1_570' title='bbox 1159 2807 1205 2854; x_wconf 84' lang='grc' dir='ltr'><strong><em>γ’,</em></strong></span> <span class='ocrx_word' id='word_1_571' title='bbox 1230 2808 1310 2845; x_wconf 80' lang='grc'><strong><em>347.</em></strong></span> 
     </span>
    </p>
   </div>
   <div class='ocr_carea' id='block_1_20' title="bbox 976 2865 1783 3051">
    <p class='ocr_par' dir='ltr' id='par_1_22' title="bbox 976 2865 1783 3051">
     <span class='ocr_line' id='line_1_94' title="bbox 1021 2865 1783 2911; baseline -0.004 -7"><span class='ocrx_word' id='word_1_572' title='bbox 1021 2870 1111 2909; x_wconf 90' lang='grc'><strong><em>302,</em></strong></span> <span class='ocrx_word' id='word_1_573' title='bbox 1136 2869 1177 2908; x_wconf 90' lang='grc'><strong><em>3,</em></strong></span> <span class='ocrx_word' id='word_1_574' title='bbox 1203 2865 1236 2903; x_wconf 87' lang='grc'>4</span> <span class='ocrx_word' id='word_1_575' title='bbox 1297 2878 1409 2911; x_wconf 86' lang='grc' dir='ltr'><strong><em>σμερ</em></strong></span> <span class='ocrx_word' id='word_1_576' title='bbox 1424 2867 1456 2901; x_wconf 87' lang='lat'><strong><em>5</em></strong></span> <span class='ocrx_word' id='word_1_577' title='bbox 1499 2865 1783 2911; x_wconf 71' lang='grc' dir='ltr'><strong><em>καταπληκτικοὶ,</em></strong></span> 
     </span>
     <span class='ocr_line' id='line_1_95' title="bbox 976 2913 1783 3003; baseline -0.004 -8"><span class='ocrx_word' id='word_1_578' title='bbox 976 2928 1005 2995; x_wconf 71' lang='lat'><strong><em>{²²</em></strong></span> <span class='ocrx_word' id='word_1_579' title='bbox 1009 2914 1291 2995; x_wconf 56' lang='lat'><strong><em>3521‘122035355</em></strong></span> <span class='ocrx_word' id='word_1_580' title='bbox 1316 2914 1682 2993; x_wconf 53' lang='lat' dir='ltr'><strong><em>iff‘ffissssffssstzsssst</em></strong></span> <span class='ocrx_word' id='word_1_581' title='bbox 1702 2913 1783 3003; x_wconf 61' lang='lat'>1532:</span> 
     </span>
     <span class='ocr_line' id='line_1_96' title="bbox 977 2973 1783 3051; baseline -0.001 -10"><span class='ocrx_word' id='word_1_582' title='bbox 977 2974 1095 3041; x_wconf 61' lang='lat' dir='ltr'><strong>cistere</strong></span> <span class='ocrx_word' id='word_1_583' title='bbox 1118 3005 1355 3041; x_wconf 85' lang='lat' dir='ltr'><strong>adversarios·</strong></span> <span class='ocrx_word' id='word_1_584' title='bbox 1347 2973 1424 3040; x_wconf 58' lang='lat' dir='ltr'><strong>:pctl</strong></span> <span class='ocrx_word' id='word_1_585' title='bbox 1450 3004 1496 3049; x_wconf 92' lang='lat'><strong><em>5&#39;,</em></strong></span> <span class='ocrx_word' id='word_1_586' title='bbox 1520 3007 1609 3047; x_wconf 85' lang='lat'><em>518,</em></span> <span class='ocrx_word' id='word_1_587' title='bbox 1633 3018 1679 3051; x_wconf 84' lang='grc' dir='ltr'><strong><em>η,</em></strong></span> <span class='ocrx_word' id='word_1_588' title='bbox 1701 3006 1783 3047; x_wconf 89' lang='grc'><strong><em>270,</em></strong></span> 
     </span>
    </p>
   </div>
  </div>
 </body>
</html>
