1811 3269
80 142 138 183 74
213 158 238 166 ν
273 143 343 168 r-

714 140 1112 184 ΟΜΗΡΟΥ

301 250 488 292 junonem,
511 249 680 284 inimicam
703 249 890 294 Trojanis,
921 255 1079 298 pungunt
1110 253 1198 288 haec
1222 251 1436 289 clandestina
1461 253 1624 290 consiiia-
1658 254 1739 290 inde

215 295 351 331 rixatur
373 309 448 331 cum
470 297 558 331 Jove
579 307 684 341 super
707 307 858 332 coenam.

333 361 447 420 Τώγ’
488 362 548 414 ω“ς
576 363 870 419 βουλεύσαντε
892 366 1141 437 διέτμαγεν·
1177 366 1207 422 ἦ
1219 367 1315 439 μὲν
1344 367 1489 412 ἔπειτα

251 421 312 472 εἷς
341 421 425 464 ἅλα
464 415 567 463 ἆλτο
598 423 785 475 βαθεῖαν
824 421 903 465 ἀπ’

946 422 1195 494 αἰγλήεντος
1219 421 1460 493 Ὀλύμπου,

248 476 360 529 Ζεὺς
389 477 436 520 δὲ
465 476 537 520 ἑὸν
559 477 673 531 πρὸς
701 479 839 534 δῶμα.
887 480 987 522 θεοὶ
1016 478 1056 538 δ’
1090 478 1180 550 ἅμα
1209 479 1369 531 πάντες
1410 481 1597 525 ἀνέσταν

245 534 289 586 ἐξ
318 533 480 585 ἑδέων,
511 538 633 602 σφοῦ
662 535 826 589 πατρὸς
855 535 1078 579 ἐναντίον·
1111 534 1216 580 οὐδέ
1246 554 1310 588 τις
1336 538 1432 594 ε’τλη

131 594 216 638 535
246 596 390 661 μεῖναι
418 589 729 659 ἐπερχόμενον,
765 590 859 635 ἀλλ’
903 590 1046 635 ἀντίοι
1074 592 1203 636 ἔσταν
1232 592 1431 646 ἅπαντες.

245 647 306 699 (ὃς
334 645 359 691 ὁ
397 646 477 702 μὲν
505 647 617 691 ε’νθα
648 647 847 702 καθέζετ’
886 648 957 692 ἐπὶ
984 647 1177 704 θρόνου,
1217 649 1322 693 οὐδέ
1351 668 1428 705 μιν
1445 650 1566 706 Ἥρη

244 703 481 775 ἠγνοίησεν
519 703 667 748 ἰδοῦσ’
669 737 681 755 ,
721 704 789 748 ὅτι
820 706 864 749 οἷ
893 705 1206 776 ξυμφράσσατο
1236 707 1400 761 βουλάς

244 760 521 817 ἀργυρόπεζα
551 761 697 814 Θέτις,
738 762 940 819 θυγάτηρ
979 762 1120 807 ἁλίοιο
1149 762 1371 820 γέροντος.

73 866 165 905 λων,
201 863 264 899 καὶ
287 865 362 900 τῶν
388 861 566 909 ὀφρύων,
600 867 783 907 προκαλεῖ
811 864 881 909 τήν

73 909 250 945 διάνοιαν
294 907 314 946 ὁ
357 923 396 945 π.
439 910 722 965 α’ναζωγραφεῖν
765 911 830 955 με’)
834 925 880 946 αν

71 970 157 991 τινα
181 955 299 991 τύπον
323 957 385 991 καὶ
410 956 569 1002 μεγάλην
588 956 748 1000 δύναμιν
771 957 880 1014 ἀξίαν

71 1004 141 1038 τοῦ
162 1008 208 1038 A:
213 1002 273 1044 ός·
297 1001 479 1060 καθάπερ
488 1004 550 1039 καὶ
570 1001 654 1038 ἐπὶ
653 1001 775 1048 ’,Ηρας
802 1003 879 1049 ἅμα

73 1049 273 1107 φυλάττων
327 1050 368 1085 τό
413 1046 479 1094 ἐφ’
529 1049 686 1096 εκατέρῳ
726 1051 877 1095 πρέπον.

71 1096 147 1141 ἔφη
181 1095 248 1152 μὲν
278 1094 370 1141 γάρ·
414 1096 484 1141 (θ’,
518 1098 618 1132 1984
650 1097 877 1153 νεμέσησε

72 1142 123 1178 δὲ
146 1143 318 1179 πότνια
332 1142 474 1188 Ήρη,)
502 1145 694 1178 σείσατο
720 1140 758 1178 δ’
782 1145 877 1180 εἰνὶ

71 1188 261 1236 θρόνῳ,
303 1188 488 1232 ἐλέλιξε
519 1188 567 1225 δε
588 1187 785 1249 ,μακρὸν
809 1188 878 1226 ''-0

72 1239 284 1290 λυμπον·
328 1234 371 1271 τὸ
413 1235 453 1272 δε
486 1234 549 1271 ἐπ’
580 1235 698 1282 ἐκείνῃ
733 1236 877 1293 συμβαν

73 1279 138 1339 ὅλῃ
171 1283 387 1327 κινηθείσῃ,
430 1279 538 1318 τοῦτ’
582 1282 641 1318 ἐπὶ
681 1284 751 1318 τοῦ
786 1283 877 1324 Διὸς

73 1327 287 1374 ἀπαντῆσαι
309 1332 392 1369 ταῖς
416 1327 557 1373 ὀφρύσι
577 1328 694 1373 μόνον
717 1328 877 1364 νεύσαν-

71 1388 136 1415 τος
159 1381 224 1409 etc.
251 1375 296 1407 cf.
307 1376 480 1419 ‚jubente
506 1376 559 1415 H,
585 1375 674 1408 Plin.
699 1375 757 1416 34,
781 1379 815 1411 8.
842 1380 877 1408 et

71 1422 188 1457 Vaier.
214 1423 309 1456 Max.
335 1424 369 1463 3,
400 1423 432 1456 7.
460 1427 530 1454 ext.
563 1420 619 1461 4.‚
646 1421 770 1466 quibus
795 1421 877 1455 addi

72 1474 190 1512 potest
213 1467 369 1502 macrob.
401 1468 476 1501 Sat.
503 1468 535 1508 5,
565 1469 616 1502 13Δ
644 1479 676 1512 p.
705 1469 781 1502 107.
806 1468 875 1501 vol.

69 1516 104 1549 2.
129 1515 183 1548 ed.
208 1514 287 1556 Bip.
339 1514 383 1547 de
417 1514 644 1558 Euphranore
670 1525 806 1558 quoque
839 1514 874 1546 id

68 1564 213 1594 narrant
236 1560 267 1592 Ε
303 1564 338 1593 et
362 1560 481 1593 Schol.
505 1559 600 1604 Lips.
637 1560 681 1592 ad
714 1561 793 1595 530.
826 1559 875 1592 si-

68 1606 162 1640 milia
195 1612 308 1640 autem
345 1605 389 1639 de
421 1605 458 1638 vi
489 1606 629 1638 deorum
663 1605 694 1638 K
730 1616 874 1639 comme-

66 1651 214 1686 moravit
238 1650 276 1692 ε’,
301 1653 393 1693 839,
426 1650 469 1692 ν’,
498 1653 549 1685 18.
586 1657 621 1684 et
657 1651 754 1695 Virg.
789 1653 874 1685 Aen.

67 1701 102 1739 6,
126 1698 207 1733 412.
243 1709 276 1731 v.
312 1698 414 1731 etiam
447 1697 621 1742 Koppenii
660 1698 876 1731 Blumenlese

67 1745 116 1779 T.
151 1747 181 1779 1.
218 1756 252 1789 p.
290 1742 367 1778 141.
415 1749 451 1777 et
487 1743 688 1777 Petronium
725 1744 874 1777 carmine

66 1790 112 1824 de
137 1790 226 1824 bello
261 1789 356 1823 civili
381 1801 491 1834 prope
515 1790 627 1823 finem.

112 1838 192 1872 531.
236 1835 496 1879 διέτμαγεν
544 1847 576 1879 p.
623 1833 872 1879 διετμάγησαν

65 1883 119 1926 (v.
140 1883 244 1916 Schn.
281 1895 314 1916 v.
347 1881 554 1925 διατμάω),
588 1883 750 1925 disjuncti
780 1887 872 1923 sunt,

65 1930 303 1962 discesserunt.
350 1929 400 1962 sic
420 1929 462 1969 E,
488 1929 629 1972 Hesych
642 1954 653 1970 ,
671 1928 788 1972 Etym.
805 1930 870 1973 Ap-

65 1976 109 2012 σι’.
134 1976 179 2008 H.
205 1982 240 2009 et
262 1985 368 2020 supra
396 1976 451 2009 57.

110 2022 192 2057 532.
224 2021 354 2054 hiatum
390 2020 516 2055 tollunt
550 2020 665 2053 Bentl.
699 2020 798 2052 Voss.
835 2024 871 2053 et

65 2067 134 2102 Th.
168 2079 203 2112 p.
232 2068 312 2102 205
352 2065 536 2100 scribendo
581 2067 632 2105 εἰς
667 2063 795 2106 ἅλαδ’,
832 2072 871 2099 ιιι

65 2113 140 2158 OdJ
139 2125 195 2147 55.
230 2112 274 2154 κ’,
305 2114 386 2147 351.
414 2131 454 2137 -
491 2112 555 2152 εἰς
580 2111 671 2146 αλα
696 2114 802 2159 βαθ
834 2111 870 2145 in

64 2159 287 2206 profundum,
323 2159 381 2192 ubi
414 2157 567 2191 habitat.
599 2158 678 2192 vide
710 2160 790 2193 358.
823 2177 870 2182 —

66 2206 195 2241 αλτο.
231 2217 265 2250 p.
292 2200 398 2259 ἧλτο,
440 2205 483 2236 ab
518 2202 649 2248 ἤλμην,
686 2204 777 2249 quod
815 2208 869 2238 est

64 2252 282 2306 plusquamp.
308 2252 350 2285 ab
368 2249 535 2293 α’λλομαι,
561 2250 656 2284 tenui
680 2250 869 2284 substituta

63 2298 269 2385 335235‘332
274 2298 583 2387 ι’ἓῗῖἷιῗιῗιοὲὲἑὲἒῖ
592 2297 867 2384 ¹235¹201523222

63 2392 181 2424 hinob.
206 2390 274 2423 cito
297 2389 498 2433 magnisque
523 2400 614 2433 pass.
607 2390 680 2422 bus
701 2388 866 2433 gradiun-

63 2443 120 2471 tur
139 2437 199 2470 dii.
224 2447 256 2469 v.
278 2435 390 2468 Vossii
411 2436 549 2478 mythol.
569 2436 630 2467 Hr.
651 2438 683 2474 1,
694 2437 749 2469 22.
755 2446 864 2486 seqq.

62 2503 109 2508 -—
133 2484 214 2527 aly
221 2485 252 2516 λ.
276 2482 466 2525 λαμπροῦ,
500 2479 604 2524 napo}
626 2480 692 2524 τήν
721 2476 866 2525 αἶ’.)ιλην

62 2529 143 2562 Sch.
183 2541 203 2563 a
194 2496 358 2572 yfulgore
378 2527 471 2562 solis.
498 2528 543 2561 cf.
564 2526 712 2570 v‘,243,
737 2528 866 2572 OdJst

61 2573 107 2617 ν’,
146 2577 220 2610 103.

107 2622 186 2657 533.
226 2618 342 2659 Ζευς
375 2637 418 2644 -
454 2620 599 2662 δῶμα.
633 2619 737 2653 intell.
772 2613 867 2665 ἦλθε

62 2678 124 2712 per
147 2677 301 2710 zeugma.
348 2663 464 2700 πολλοὶ
500 2665 539 2713 δὲ
573 2665 635 2700 καὶ
670 2664 761 2700 ἄλλα
790 2679 864 2701 τοι·

62 2715 160 2748 αὕτα
186 2711 290 2770 παρὰ
315 2713 367 2761 τῷ
396 2725 431 2745 π
490 2708 541 2745 ὧν
566 2725 605 2747 εν
629 2712 691 2747 καὶ
714 2709 757 2746 zo
791 2716 864 2747 σῖ-

59 2772 142 2794 τον
182 2760 260 2793 καὶ
294 2755 432 2792 οἶνον
468 2756 665 2799 ε’δοντες
706 2758 861 2803 (Odyss.

59 2803 111 2847 π’,
137 2805 246 2848 110..)
284 2804 326 2837 Ε.
373 2803 490 2837 domus
520 2804 616 2838 ,Ιοιί5
650 2804 718 2837 sita
742 2811 796 2838 est
827 2804 862 2838 in

59 2863 186 2886 summo
211 2850 341 2883 vertice
362 2850 514 2894 Olympi.
538 2849 586 2883 ibi
611 2855 864 2894 congregantur

11 2896 132 2938 odii,
157 2901 197 2930 ut
221 2906 380 2941 proceres
402 2907 458 2939 ap.
484 2906 613 2939 regem,
637 2897 681 2930 ad
706 2897 865 2930 habenda

61 2942 216 2984 consilia,
241 2941 298 2976 vel
321 2942 365 2976 ad
381 2941 598 2986 epulandum.
624 2942 669 2975 cf.
689 2941 769 2983 499,
782 2944 863 2983 607,

60 2987 105 3034 λ’.
130 2989 188 3032 77,
212 2986 261 3031 ν’,
283 2985 320 3030 4,
343 2989 400 3030 50,
425 2986 554 3032 odyss·
579 2984 626 3029 α’,
651 2989 710 3030 26,
733 2984 781 3034 η’,
805 2986 864 3030 49,

927 867 984 906 50,
1014 863 1067 907 θ’,
1091 865 1137 901 40
1162 877 1258 911 seqq.
1294 866 1327 899 E
1353 867 1399 901 K.
1434 886 1482 891 —
1513 863 1730 902 οένὲσταν.

928 923 1110 955 assurgere
1149 914 1324 955 finguntur
1357 913 1406 946 dii
1439 912 1505 946 diis
1545 913 1732 956 majoribus

926 958 1127 1011 (σι’.1ι)·.ιιιιι
1161 959 1195 991 in
1222 959 1334 1003 Apoll.
1369 960 1446 1003 3.‚)
1482 963 1522 992 ut
1554 958 1732 992 lacedae-

924 1003 1013 1037 moni
1015 1004 1027 1037 i
1051 1005 1282 1048 assurgebant
1300 1005 1440 1048 regibus
1459 1005 1529 1038 suis
1550 1005 1730 1050 (Xenoph.

925 1049 968 1083 de
1002 1062 1076 1094 rep.
1113 1050 1240 1084 Laced
1274 1053 1336 1091 15,
1369 1052 1441 1095 6),
1479 1051 1729 1095 militibusque,

923 1096 985 1175 {pili
1019 1096 1158 1130 fortiter
1183 1102 1405 1141 pugnassent.
1445 1098 1567 1142 (Tyrt.
1593 1100 1627 1139 3,
1652 1098 1729 1142 41.)

966 1154 1028 1175 em.

970 1187 1049 1224 534.
1075 1189 1202 1233 σφοῦ
1225 1186 1423 1232 πατρός.
1447 1189 1730 1246 quemadmodum

922 1234 1059 1279 Jupiter
1090 1234 1210 1269 vocari
1245 1236 1333 1269 solet
1365 1236 1486 1281 πατὴρ
1519 1235 1667 1275 ἀνδρῶν
1690 1248 1730 1271 τε

923 1282 1026 1315 θεῶν
1046 1293 1103 1316 τει
1132 1293 1242 1325 neque
1266 1282 1354 1314 enim
1374 1294 1488 1316 omnes
1507 1282 1628 1325 genuit
1646 1282 1730 1317 deos

923 1326 1120 1371 principes,
1155 1327 1216 1360 sed
1246 1327 1400 1370 juniores
1433 1333 1587 1368 tantum,
1624 1328 1730 1372 Apol-

922 1372 1044 1413 linem,
1071 1374 1280 1414 Vulcanum,
1314 1374 1482 1414 Martem,
1509 1374 1728 1417 Mercurium,

923 1418 1065 1452 Dianam
1092 1423 1126 1452 et
1152 1419 1330 1452 Venerem.
1367 1424 1420 1453 est
1453 1419 1561 1477 igitur
1584 1431 1604 1453 a
1627 1426 1730 1477 parte

922 1465 1049 1522 potiori
1074 1465 1167 1498 facta
1188 1464 1426 1499 denominatio,
1443 1485 1489 1490 —
1513 1464 1633 1520 ἔτλη.
1658 1465 1730 1501 ὑπ-

923 1512 1073 1555 έμεινεν.
1108 1511 1189 1544 Sch.
1215 1522 1314 1544 ausus
1339 1517 1414 1553 est,
1437 1511 1611 1546 sustinuit.

967 1558 1047 1592 536.
1073 1554 1270 1600 θρόνου.
1304 1557 1347 1590 de
1371 1558 1504 1590 thronis
1535 1557 1610 1591 sive
1634 1559 1728 1601 sellis

921 1602 1115 1657 principum
1140 1607 1175 1635 et
1202 1603 1339 1636 deorum
1369 1615 1400 1636 v.
1417 1601 1470 1643 θ,
1494 1602 1574 1644 442,
1598 1602 1641 1646 ξ,
1658 1598 1727 1640 238

920 1660 1031 1693 seqq„
1057 1647 1101 1689 σ’,
1126 1650 1205 1690 389,
1227 1649 1353 1693 OdJSS.
1375 1648 1422 1690 α’,
1448 1651 1515 1685 130
1531 1661 1643 1702 seqq„
1668 1652 1727 1685 ubi

921 1701 955 1729 et
978 1695 1154 1739 κλισμοῦ,
1181 1696 1349 1736 subsellii,
1374 1695 1414 1728 fit
1438 1695 1574 1736 mentio,
1597 1697 1633 1729 in
1658 1708 1726 1741 quo

919 1742 1089 1774 sedebant
1125 1741 1298 1774 tenuiores
1336 1740 1511 1785 minusque
1556 1742 1727 1785 honorati,

920 1787 1058 1831 aliaque'
1083 1787 1225 1820 Homeri
1248 1787 1345 1826 loca,
1370 1792 1406 1820 et
1431 1789 1475 1820 cf.
1502 1787 1615 1821 Feith.
1640 1790 1674 1824 3.
1693 1802 1725 1825 c.

919 1833 950 1867 5
976 1835 1099 1867 Athen.
1127 1834 1159 1867 5.
1185 1844 1217 1877 p
1243 1835 1320 1868 192.
1334 1812 1397 1866 Ε.
1422 1831 1577 1889 θρόνος,
1591 1834 1727 1890 inquit,

918 1878 1035 1922 μόνον
1060 1879 1268 1920 ἐλευθέριος
1292 1878 1462 1933 καθέδρα
1488 1879 1556 1914 σύν
1580 1893 1726 1916 υποπο-

919 1927 986 1969 δίῳ
1011 1951 1021 1967 ,
1065 1926 1154 1970 quod
1189 1923 1402 1960 ὑποπόδιον
1445 1938 1506 1960 seu
1541 1927 1726 1962 scabellum

918 1974 1065 2017 θρῆνυς
1105 1972 1301 2016 appellatur
1347 1983 1404 2017 ap.
1437 1973 1526 2006 hunc
1559 1978 1724 2008 nostrum.

919 2018 968 2052 dii
994 2030 1015 2052 a
1039 2017 1171 2051 thronis
1197 2017 1329 2057 aureiS,
1353 2018 1476 2062 quibus
1501 2018 1597 2064 picta
1619 2019 1725 2053 variis

918 2064 1088 2098 coloribus
1113 2064 1271 2107 stragula
1294 2064 1422 2107 injecta
1452 2069 1575 2107 erant,
1602 2065 1725 2110 appel-

916 2110 1031 2144 lantur
1062 2091 1262 2151 ε’ὕθρονοι,
1295 2110 1567 2168 χρυσόθρονοι,
1597 2124 1725 2147 ποικι-

914 2155 1107 2200 λόθρονοι,
1125 2161 1162 2189 ιιι
1179 2157 1211 2189 K
1230 2156 1419 2190 annotavit.
1441 2175 1477 2181 —
1507 2170 1559 2192 ov
1574 2155 1621 2192 δε
1643 2170 1725 2202 μιν

915 2208 982 2236 etc.
1008 2207 1120 2236 notum
1145 2202 1283 2245 ἰδίωμα
1315 2201 1456 2246 linguae
1493 2215 1660 2248 graecae.
1687 2215 1723 2240 v-

916 2249 1033 2291 Viger.
1056 2250 1091 2286 5,
1120 2250 1150 2288 1,
1171 2247 1223 2282 14.

959 2296 1038 2329 537.
1063 2293 1163 2339 ήγν.
1200 2305 1262 2338 pro
1297 2289 1478 2337 ἠγνόησεν
1502 2295 1628 2330 dictum
1655 2301 1721 2338 est,

912 2345 950 2373 ut
968 2340 1157 2384 hujusmodi
1172 2340 1239 2373 alia
1253 2345 1419 2373 sexcenta
1436 2352 1491 2385 ap.
1503 2346 1587 2376 vett.
1579 2367 1601 2384 .‚
1621 2354 1723 2387 prae-

912 2387 1029 2420 sertim
1051 2389 1181 2431 poetas.
1198 2397 1231 2420 v,
1254 2386 1378 2419 Matth
1401 2388 1433 2428 ἓ.
1451 2389 1508 2422 26.
1527 2405 1570 2413 --
1595 2389 1721 2425 ἰδοῦ-

913 2443 986 2474 σα,
1027 2445 1115 2477 quue
1151 2432 1294 2466 vidisset
1336 2443 1411 2465 eum
1451 2432 1488 2466 id
1521 2433 1648 2469 facere.
1674 2454 1720 2460 -—

912 2479 1079 2522 ξυμφρ.
1087 2475 1433 2536 συνεβουλεύσατο.
1457 2479 1540 2512 Sch.

959 2526 1038 2561 538.
1073 2523 1169 2580 οέργ.
1194 2523 1452 2580 λαμπρόπους,
1484 2522 1560 2560 α’πὸ
1584 2524 1721 2584 μέρους

915 2569 981 2616 ὅλη
1004 2570 1108 2615 καλή.
1133 2570 1221 2612 πέζα
1252 2583 1322 2614 γαρ
1356 2567 1375 2605 ὁ
1406 2572 1513 2611 ποῦς.
1536 2572 1622 2628 Ap.:
1645 2571 1718 2609 ἆπὸ

913 2617 1068 2673 μέρους
1082 2616 1147 2661 ὅλη
1171 2616 1291 2661 λευκή.
1317 2617 1427 2661 δηλοῖ
1448 2616 1488 2652 δε
1512 2616 1577 2653 τὸν
1599 2618 1715 2654 πόδα·

911 2664 1001 2707 πέζα
1023 2661 1092 2708 γὰρ
1123 2663 1312 2707 (Arcadum
1337 2669 1372 2696 et
1404 2663 1532 2697 Dorum
1557 2674 1632 2698 esse
1655 2677 1719 2700 vo-

912 2723 1002 2752 cem,
1036 2710 1232 2744 zenodotus
1266 2708 1422 2742 narravit
1452 2709 1488 2742 in
1518 2708 1719 2754 Ἐθνικοῖς,

909 2762 950 2790 ιιι
974 2763 1094 2791 auctor
1117 2760 1170 2790 est
1191 2754 1378 2788 Galenus·
1368 2766 1403 2787 ιιι
1427 2755 1528 2798 gloss
1543 2756 1715 2817 Hippocr.

908 2803 974 2858 H.)
1001 2801 1020 2837 ὁ
1045 2803 1150 2842 ποῦς.
1181 2799 1263 2835 οἷον
1295 2798 1509 2842 λευκόπους.
1541 2798 1632 2838 όθεν
1653 2803 1717 2840 καὶ

908 2845 932 2892 ἡ
957 2847 1045 2893 πεζὴ
1078 2848 1233 2892 πορεία,
1264 2846 1326 2881 καὶ
1362 2846 1470 2888 πεζὸς
1494 2847 1715 2895 στρατιωτης

910 2894 930 2931 ὃ
955 2894 1005 2940 μὴ
1038 2897 1140 2941 :nugo
1164 2905 1358 2938 χρωμενος.
1391 2894 1520 2928 frustra
1552 2895 1616 2929 hoc
1639 2897 1714 2941 epi-

910 2942 1032 2976 theton
1070 2931 1124 2976 ad
1146 2938 1329 2973 candorem
1365 2938 1486 2984 pedum
1510 2940 1714 2985 pulcritudi-

910 2999 1053 3034 nemque
1076 2987 1138 3032 (ne
1153 2983 1342 3031 ineptiores
1359 2995 1538 3021 memorem
1560 2987 1712 3034 explica-
