1811 3269
86 141 169 184 1⁰8
738 143 774 184 Ο
803 143 862 183 Μ
886 143 936 184 Η
961 144 998 184 Ρ
1023 143 1058 185 Ο
1095 144 1133 184 Τ

259 252 352 305 τρὶς
382 269 461 307 μεν
492 251 624 295 ἔπειτ’
657 249 818 308 ἤϋσεν,
851 252 961 298 οσον
989 252 1157 309 κεφαλὴ
1185 251 1289 308 χάδε
1319 254 1478 309 φωτὸς,

252 310 350 360 τρὶς
381 308 424 353 6'
458 310 554 353 α’ῖεν
583 307 785 364 ἰάχοντος
815 308 1046 380 ἀρηΐφιλος
1077 312 1317 381 Μενέλαος,

142 424 225 467 465
258 364 367 417 αἶψα
399 366 441 409 δ’
473 365 546 421 ἄρ’
577 368 747 409 Αἴαντα
777 367 1113 422 προσεφώνεεν,
1146 367 1273 422 ἐγγύς
1302 365 1455 410 ἐόντα

339 421 484 473 ,,Αἶαν
515 423 709 478 διογενὲς
744 426 1010 480 Τελαμώνιε,
1041 425 1222 477 κοίρανε
1250 428 1383 475 λαῶν,

254 478 370 535 αμφί
398 478 445 533 μ’
474 479 716 551 Ὀδυσσῆος
744 485 1070 537 ταλασίφρονος
1100 483 1217 523 ἵκετο
1249 480 1390 537 φωνὴ,

251 541 314 593 τῷ
347 538 487 593 ἰκέλη,
523 536 626 580 ωσεί
655 554 674 581 ε
704 538 869 594 βιῳατο
901 542 1072 592 μοῦνον
1102 537 1240 580 ἐόντα

260 597 380 647 Τρωε
365 611 425 666 ες,
459 593 782 666 ἀποτμήξαντες
813 596 875 638 ἐνὶ
905 598 1096 651 κρατερῆ
1125 593 1305 661 ὑσμίνῃ

252 649 352 692 ἀλλ’
385 653 508 706 ιὀμεν
537 650 645 694 καθ’
673 651 848 706 ὅμιλον·
880 651 1132 705 ἀλεξέμεναι
1160 651 1245 706 γὰρ
1278 649 1472 704 ἄμεινον.

137 709 221 752 470
252 710 405 758 δείδω,
438 707 539 764 μήτι
567 710 765 765 πάθῃσιν
796 709 860 752 ενὶ
895 709 1092 764 Τρώεσσι
1122 708 1353 764 μονωθεὶς,

251 764 408 816 ἐσθλὸς
437 765 546 816 ἐων,
581 766 744 820 μεγάλη
776 766 821 808 δε
850 767 968 836 ποθὴ
998 771 1218 809 Δαναοῖσι
1247 765 1466 832 γε’νηταιὲί

285 872 303 879 a-

318 820 402 873 Ὠς
432 823 567 866 εἰπων
601 823 623 866 6
654 823 733 877 μὲν
766 821 880 878 ηρχ’,
913 822 937 866 ὁ
971 823 1014 867 δ’
1046 823 1166 894 ἅμ

251 880 389 931 εὖρον
418 879 551 923 ε”πειτ
579 879 774 934 Ὀδυσῆα
806 882 1026 933 διΐφιλον·
1059 880 1171 935 αμφὶ
1199 878 1242 922 δ’
1272 876 1347 931 ἄρ’
1382 876 1521 921 αὐτὸν

1115 823 1123 837 ⁷
1154 822 1326 891 ε’σπετξ),
1357 819 1534 870 ἰσόθεος
1560 819 1680 876 φώς·

255 939 404 990 Τρῶες
433 935 605 988 ἕπονθ’,
639 936 741 979 ωσεί
771 953 814 980 τε
846 938 1059 994 δαφοινοὶ
1088 941 1202 987 θῶες
1232 935 1419 991 ὄρεσφιν

75 1034 166 1094 βρός
190 1037 252 1073 κέν
279 1039 314 1074 οὶ
341 1040 436 1081 ἴοις,
463 1042 554 1075 τίσει
579 1039 620 1076 δέ
645 1052 682 1075 σε
704 1038 749 1074 Ι
732 1045 813 1075 ἱσον
832 1039 895 1076 '0-

76 1085 184 1129 ρέστῃ
206 1091 273 1118 etc.
324 1087 428 1120 Sch.:
457 1092 549 1122 αύε.
575 1088 640 1130 (ν’
665 1088 746 1142 477,
773 1087 820 1129 ν’,
835 1088 892 1141 48,

74 1131 134 1166 51.
166 1131 256 1165 idem
289 1139 342 1166 est
376 1135 440 1166 hoc
475 1131 554 1168 αὕω
588 1140 695 1178 atque
720 1131 822 1175 οἷῦω,
851 1148 894 1169 α-

75 1176 323 1224 ·ϋτέω.)ε’βόα.
359 1179 512 1224 χάδεν.
539 1179 677 1224 ἐχώρει.
702 1182 774 1224 (H:
800 1161 892 1222 ,idu—

76 1230 168 1257 ctum
195 1236 214 1257 a
239 1236 340 1258 vase:
367 1234 528 1271 quantum
554 1228 590 1260 id
615 1228 723 1270 capit,
749 1241 817 1271 xcx--
800 1206 891 1261 ἰδα-

76 1282 144 1311 νει,
171 1269 283 1313 viget,
309 1273 343 1305 h.
367 1285 393 1306 e
421 1278 542 1317 χωρεῖ,
569 1275 893 1318 continerepotest3

50 1318 295 1360 *vociferatur
328 1325 489 1362 quantum
525 1322 678 1366 petest.“
711 1339 758 1345 —
802 1323 891 1376 Ap.3

75 1362 280 1407 χάσασθαι.
306 1364 368 1408 [μ’,
397 1368 490 1411 172.]
523 1368 699 1410 χωρῆσαι.
743 1365 798 1411 ἆφ
845 1367 890 1400 06

75 1410 140 1444 καὶ
163 1409 278 1452 κάδος
303 1411 373 1456 ἕλε’
373 1424 462 1454 ’,ετο
487 1412 529 1449 τὸ
553 1413 742 1458 κεράμιον.
762 1434 806 1439 -—
829 1413 892 1448 καὶ

64 1459 358 1513 μεταφορικῶς·
381 1457 494 1504 Ἥρη
529 1460 619 1504 [sic.
654 1460 764 1494 malim
802 1471 891 1493 nunc

64 1500 203 1561 :Hpngn
230 1505 321 1548 quod
346 1513 537 1562 monstrsare
554 1507 691 1540 videtur
713 1507 891 1552 scriptura

65 1548 176 1605 ἻῙρῃ,
190 1549 332 1595 Ἠρηι.]
358 1549 397 1585 δ’
425 1551 512 1588 οὐκ
538 1553 682 1594 ε’χαδε
711 1555 890 1597 στῆθος

72 1596 232 1641 χόλον.
259 1596 319 1641 [6',
338 1597 411 1642 24.]
434 1599 497 1634 καὶ
521 1599 651 1635 πάλιν·
677 1599 788 1636 ὅσον
815 1611 889 1634 κε-

72 1644 200 1705 φαλή
224 1643 338 1688 χάδε
372 1645 551 1689 φωτὸς,
585 1645 676 1682 ὅσον
701 1644 722 1690 ἡ
747 1644 888 1690 κεφαλὴ

73 1691 199 1735 ἴσχυσε
222 1693 386 1735 χωρῆσαι
421 1692 578 1750 μέγεθος
591 1694 747 1748 φωνῆς.
782 1694 821 1726 11.
848 1691 889 1736 ξ’,

70 1739 150 1773 33.-
189 1736 280 1772 ου’ὁε
312 1738 381 1782 γάρ
418 1737 505 1774 ουδ’
510 1766 520 1781 ,
562 1737 673 1781 εὐρύς
704 1752 771 1782 περ
806 1737 889 1782 εἴων,

70 1782 281 1875 ἐδυνηξατο
316 1784 438 1826 πάσας
476 1786 652 1831 Αἰμαλός
694 1787 788 1830 νῆας
821 1799 890 1829 χοι-

98 1843 178 1866 εειν.

117 1886 333 1924 466—471
382 1891 544 1924 ταλασ.
581 1886 625 1929 δ’,
651 1888 732 1930 4Ξ1,
759 1886 811 1928 θ’,
832 1888 889 1922 97.

72 1954 119 1960 —
143 1948 163 1969 τ
179 1936 208 1968 ὦ
232 1935 379 1980 ἰκέλη.
412 1934 546 1980 τούτῳ,
573 1946 592 1967 a
617 1936 751 1976 τοῦτο,
777 1935 810 1967 εἰ
826 1935 888 1976 rei,

70 1981 149 2015 voci
175 1971 351 2035 {jusmodh
374 2001 416 2007 —
444 1982 546 2015 Seh.:
570 1980 723 2026 βιῴατο.
760 1982 888 2027 (anfiv-

70 2040 137 2068 το,
169 2025 361 2073 βιάοιντο,
397 2040 417 2062 a
451 2029 651 2074 βιᾶσθαι.)
684 2027 886 2073 βιάζοιντο.

71 2072 243 2117 ἄποτμ
268 2077 487 2119 χωρίσαντες
511 2076 581 2109 τοῦ
613 2076 753 2110 οἰκείου
781 2087 887 2117 στρα-

69 2121 153 2155 τοῦ.
189 2122 254 2165 (cf.
279 2120 324 2163 κ’,
348 2120 430 2162 364,
455 2120 596 2165 χ’.,456
626 2123 767 2166 proprie
793 2120 888 2156 α’πο-

71 2180 248 2211 τμησσειν
269 2168 358 2201 dixit
383 2179 424 2208 6,
449 2170 507 2202 34.
533 2174 568 2201 et
594 2168 690 2201 alias.
708 2187 753 2193 —-
777 2167 887 2202 καθ’

72 2213 143 2257 ὅμ.
175 2216 256 2250 460.
291 2234 335 2239 —
380 2213 521 2258 ποθή.
566 2213 612 2254 α’,
637 2216 718 2249 240.
755 2213 887 2260 ,,ποθὴ

72 2260 218 2304 αὐτοῦ,
252 2264 291 2294 ut
325 2258 365 2303 ξ’,
385 2263 474 2302 368,
507 2260 552 2305 ρ’,
578 2263 658 2296 690.
694 2265 729 2294 et
762 2261 887 2296 alias.“

73 2310 126 2342 Ex
150 2309 198 2343 ΙΙ.

117 2354 198 2391 474.
250 2353 503 2396 δαφοινοὶ.
524 2354 629 2397 fulvi.
656 2351 797 2398 β’,308.
824 2355 890 2388 δα-

72 2400 229 2444 φοινεόν
265 2400 354 2433 dixit
388 2398 429 2440 σ’,
455 2401 533 2435 538.
582 2400 670 2439 „der
703 2400 889 2435 Schakalle

70 2448 172 2493 Kopf
192 2448 239 2480 ist
263 2446 452 2482 suehsroth.
457 2449 480 2465 “
529 2446 777 2479 Zimmermann
801 2459 888 2491 geo-

69 2495 198 2539 graph.
220 2494 341 2526 Gesch.
363 2495 395 2527 2.
426 2491 559 2537 9244.
585 2494 628 2532 κ’,
647 2494 724 2527 23..
717 2504 725 2512 ·
749 2494 886 2535 δαφοι-

69 2540 136 2576 νὸν
172 2540 290 2582 δ’ρμα
323 2538 507 2579 λεπτος(ς
542 2539 574 2570 Ε
603 2540 646 2572 Is.
690 2559 735 2563 —
780 2540 885 2575 sch.-

69 2588 209 2627 θωες.
236 2586 345 2630 (479,
366 2585 456 2623 481,
482 2583 525 2627 ν’,
553 2587 631 2620 103.
668 2585 808 2619 videtur
833 2587 886 2619 di-

70 2641 147 2668 ctus
176 2644 253 2666 esse
277 2629 358 2671 θως
387 2643 408 2665 a
433 2629 529 2670 θοὸς
553 2636 699 2676 propter
723 2632 886 2666 alacrita-

68 2687 161 2721 tem3
201 2679 483 2724 quemadmodum
517 2689 638 2711 cervus
672 2677 784 2718 alces,
822 2680 886 2712 das

70 2727 273 2766 Eleuthier,
306 2736 427 2757 nomen
460 2726 524 2758 hoc
557 2723 707 2757 traxisse
732 2724 886 2758 creditur

70 2774 114 2806 ab
139 2771 285 2815 antiqua
308 2782 394 2804 voce
419 2782 524 2814 germ.
551 2771 673 2810 Ellen,
698 2771 812 2811 robur,
836 2771 884 2804 si-

70 2818 268 2862 militatque
292 2816 439 2850 diversis
471 2816 596 2860 linguis
630 2815 787 2850 animalia
812 2828 884 2850 ma-

70 2876 139 2908 gna
164 2869 200 2897 et
224 2863 331 2896 fortia
355 2862 528 2908 appellata
553 2868 650 2904 sunt,
676 2868 714 2896 ut
739 2870 882 2896 annota-

70 2911 121 2943 vit
148 2911 188 2942 F.
212 2909 258 2942 H.
284 2921 348 2942 von
376 2910 439 2944 der
464 2911 589 2954 Hagen
612 2909 649 2942 in
677 2908 884 2954 paraphrasi

72 2956 370 3000 Nibelungorum,
404 2957 517 2991 Beroi.
553 2956 676 2995 1807.,
710 2967 743 3000 p.
776 2954 883 2999 540.)

71 3001 280 3048 πανθήρια.
322 3003 354 3036 Ε
390 3014 468 3037 ann.
499 3003 544 3038 ad
577 3003 622 3045 ν’,
658 3005 758 3038 103.:
800 3001 883 3046 περὶ

941 1040 1054 1075 θώωι
1065 1040 1315 1097 ἱστοροῦντες
1340 1040 1376 1074 οἱ
1399 1038 1554 1074 παλαιοί
1577 1049 1669 1081 φασι
1690 1039 1753 1075 καὶ
1810 1057 1811 1060 ¹

941 1084 999 1123 ότι
1030 1090 1126 1130 ζῶον
1159 1086 1178 1122 6
1217 1088 1299 1128 θως
1317 1085 1443 1144 ὑαίνῃ
1480 1084 1751 1142 παραπλήσιον,
1810 1088 1811 1092 ’

941 1135 986 1169 οὑ
1013 1140 1035 1179 ἠ
1059 1133 1206 1179 βάδισις
1234 1147 1326 1178 μετα
1355 1131 1537 1183 ἅλματος,
1576 1129 1600 1167 ὁ
1621 1131 1754 1176 τεχθὲν

940 1179 1019 1225 ἅμα
1043 1183 1196 1229 βαδίζει.
1233 1184 1328 1215 πλαι
1322 1179 1462 1223 ώμεθα
1488 1183 1557 1213 οὐν
1580 1179 1755 1222 (erramus

938 1229 1052 1272 igi-tm
1082 1241 1145 1273 ego
1180 1233 1215 1261 et
1251 1228 1412 1282 aequales
1450 1226 1552 1269 mei.)
1597 1225 1633 1260 οὶ
1664 1223 1754 1268 τούς

939 1274 1103 1318 ἀγεννεῖς
1127 1275 1191 1310 καὶ
1216 1272 1488 1318 καρποφάγους
1507 1269 1751 1317 λυκοπᾶνθη-

938 1335 1004 1366 ρας
1029 1323 1081 1361 εἰς
1115 1320 1311 1361 τοιούτους
1341 1321 1450 1359 θωας
1482 1319 1752 1358 νοοῦντες,οἳ

938 1370 999 1404 καὶ
1025 1367 1122 1411 πρὸς
1145 1368 1295 1408 λέοντας
1319 1366 1588 1410 θρασύνονται.
1631 1365 1751 1400 simili-

937 1421 992 1449 ter
1011 1415 1133 1449 ibidem
1152 1414 1282 1449 scholia
1296 1415 1432 1447 Veneta
1448 1424 1482 1457 p.
1497 1414 1596 1447 310..
1601 1412 1750 1469 (θῶες)

937 1464 1032 1504 ζῶον
1054 1459 1188 1505 ὅμοιον
1212 1460 1335 1506 ὑαίνῃ.
1381 1460 1474 1502 φασὶ
1499 1457 1539 1494 δ’
1560 1455 1655 1493 αὐτὸ
1673 1455 1751 1502 α’μα

936 1511 988 1543 τῶ
1023 1511 1218 1543 τίκτεσθαι
1251 1509 1434 1552 βαδίζειν·
1469 1503 1491 1551 ἡ
1529 1503 1570 1540 δε
1605 1502 1751 1551 βάδισις

937 1555 1058 1590 αὐτοῦ
1083 1553 1315 1615 ἆλματσόδης.
1343 1554 1488 1587 Aristot.
1508 1553 1553 1586 H.
1576 1553 1615 1585 A.
1636 1554 1670 1592 6,
1690 1555 1750 1597 29,

935 1603 992 1637 3..
1017 1621 1063 1627 —
1080 1604 1141 1637 καὶ
1167 1602 1204 1636 οἱ
1228 1603 1330 1641 θωες
1356 1599 1396 1635 δὲ
1422 1597 1560 1642 ὁμοίως
1583 1599 1750 1634 κυίσκον-

936 1662 998 1683 ται
1037 1652 1116 1690 τοῖς
1153 1648 1264 1690 κυσὶ,
1307 1647 1370 1682 καὶ
1407 1648 1573 1681 τίκτουσι
1605 1644 1749 1690 τυφλά

935 1697 1101 1730 τίκτουσι
1126 1694 1166 1730 δε
1190 1694 1252 1730 καὶ
1277 1693 1347 1729 δύο
1372 1694 1435 1728 καὶ
1468 1694 1550 1734 τρία
1577 1693 1638 1728 καὶ
1671 1693 1750 1728 τέτ-

936 1755 1032 1783 ταρα
1057 1741 1123 1776 τὸν
1144 1740 1327 1785 ἀριθμόν.
1376 1740 1449 1775 ε’στι
1485 1738 1525 1774 δε
1550 1738 1619 1783 τὴν
1644 1739 1749 1775 ἰδέαν

936 1787 993 1823 ἐπὶ
1021 1787 1139 1831 ονροὶν
1164 1801 1230 1830 μεν
1253 1785 1406 1831 μακρὸς,
1431 1785 1474 1820 τό
1491 1784 1531 1821 δε
1543 1784 1643 1829 νψος
1660 1789 1749 1832 βρα-

937 1834 1114 1879 χύτερος·
1148 1834 1288 1878 ὁμοίως
1322 1833 1362 1869 δε
1399 1833 1487 1877 (int.
1520 1837 1600 1872 τοῖς
1631 1834 1748 1878 κυσί.)

936 1883 1113 1939 ταχυτῆτι
1137 1882 1327 1925 διαφέρει,
1360 1882 1491 1923 καίπερ
1515 1882 1588 1914 τῶν
1614 1881 1749 1915 σκελων

937 1942 1054 1963 οντων
1080 1929 1267 1975 βραχέων,
1294 1925 1384 1962 ἀλλὰ
1410 1926 1474 1962 διὰ
1499 1926 1539 1962 td
1566 1925 1678 1971 ὑγρὸς
1699 1925 1749 1962 εἷ-

935 1988 998 2009 ναι
1022 1979 1084 2011 καὶ
1097 1977 1211 2032 πηδᾱ
1234 1973 1379 2020 πόρ’ρω.
1426 1974 1516 2007 idern
1548 1975 1588 2015 2,
1615 1976 1679 2016 12,
1704 1975 1747 2009 7·

933 2036 980 2056 τα
1007 2022 1047 2056 δ’
1082 2020 1315 2066 ᾰμφώδοντα
1349 2023 1458 2076 μίαν
1468 2019 1540 2064 ἔχει
1574 2018 1642 2064 τὴν
1670 2033 1749 2055 κοι-

934 2071 1040 2111 λίαν,
1076 2075 1156 2105 οἱον
1182 2069 1401 2113 ἅνθρωπος,
1435 2060 1501 2107 ὗς,
1526 2065 1648 2108 κύων,
1680 2080 1748 2123 αρ-

933 2129 1039 2157 κτος,
1064 2117 1176 2158 λε’ων,
1202 2117 1323 2156 λυκος.
1374 2114 1444 2158 ε’χει
1469 2113 1509 2148 δὲ
1533 2114 1596 2148 καὶ
1621 2111 1642 2148 6
1666 2112 1748 2154 θως

932 2162 1057 2197 πάντα
1082 2177 1128 2198 τα
1156 2163 1260 2204 ἐντὸς
1282 2162 1394 2205 ω’μοια
1417 2158 1528 2205 λύκῳ.
1561 2164 1598 2194 et
1620 2162 1664 2201 9,
1687 2162 1746 2202 31,

932 2210 986 2244 4-:
1018 2210 1102 2255 γένη
1138 2208 1177 2245 6
1210 2208 1335 2245 αυτῶν
1359 2208 1395 2242 οἱ
1420 2206 1486 2250 μέν
1510 2218 1627 2250 φασιν
1651 2204 1747 2242 εἶναι

933 2254 1027 2299 δυό,
1054 2258 1090 2292 οἱ
1116 2257 1156 2292 δὲ
1181 2254 1357 2300 τρία·οὕ
1383 2256 1489 2290 δοκεῖ
1506 2252 1546 2288 δε
1567 2255 1678 2289 πλείω
1697 2251 1745 2289 εἶ-

938 2316 1019 2343 ναι,
1055 2302 1136 2339 ἀλλ’
1164 2302 1285 2347 ω’σπερ
1319 2303 1392 2336 τῶν
1417 2299 1563 2344 ἰχθύων
1586 2300 1649 2335 καὶ
1671 2313 1746 2335 των

938 2347 1077 2405 ὀρνέων
1100 2351 1160 2386 καὶ
1187 2352 1260 2385 τῶν
1285 2347 1522 2405 τετραπόδων
1549 2360 1651 2389 ενια,
1682 2360 1745 2382 και

938 2397 974 2431 οὶ
999 2400 1102 2438 θῶες
1123 2395 1392 2442 μεταβαλῑουσι
1416 2394 1512 2429 nocto}
1544 2392 1609 2450 τρὶς
1635 2407 1746 2437 ωρας,

935 2444 997 2478 καὶ
1023 2445 1064 2479 τὸ
1090 2446 1218 2489 χρῶμα
1244 2443 1368 2487 ἕτερον
1391 2443 1460 2476 τοῦ
1485 2454 1664 2486 χειμωνος
1683 2440 1745 2474 καὶ

934 2492 1003 2525 τοῦ
1027 2491 1165 2535 θέρους
1190 2493 1351 2535 ἱσχουσι·
1384 2488 1448 2523 καὶ
1478 2489 1550 2522 τοῦ
1578 2501 1646 2532 μεν
1680 2487 1744 2522 θέ-

934 2549 1023 2581 ρους
1048 2541 1140 2573 λεῖοι
1163 2541 1375 2583 γίγνονται,
1409 2535 1479 2569 τοῦ
1504 2533 1544 2570 δε
1567 2536 1746 2579 χειμῶνος

933 2586 1068 2625 δασεῖς.
1126 2586 1170 2618 de
1207 2585 1358 2618 moribus
1391 2583 1509 2615 horum
1550 2581 1743 2615 animalium

933 2631 1052 2665 eodem
1087 2632 1186 2665 loco.
1233 2629 1498 2683 φιλάνθρωποι
1524 2627 1587 2685 6,
1618 2627 1742 2672 inquit,

932 2677 1001 2711 εἰσὶ
1035 2679 1099 2712 καὶ
1131 2677 1167 2711 οὶ
1199 2679 1317 2718 θῶες,
1352 2676 1415 2710 καὶ
1447 2672 1534 2708 οὔτ’
1568 2671 1742 2709 ἀδικοῦσι

931 2724 1021 2765 τους
1048 2722 1277 2766 ἀνθρώπους
1301 2719 1386 2757 οὕτε
1412 2721 1622 2766 φοβοῦνται
1647 2717 1742 2764 σφό-

932 2773 1023 2813 δρα·
1057 2772 1259 2814 πολεμοῦσι
1293 2768 1331 2804 δε
1364 2772 1444 2808 τοῖς
1479 2768 1561 2803 κυσὶ
1596 2781 1629 2802 κ.
1661 2769 1742 2807 τοῖς

929 2819 1073 2853 λέουσι·
1109 2817 1168 2854 διὸ
1203 2830 1242 2852 εν
1274 2818 1326 2862 τῷ
1360 2814 1462 2874 αυτῷ
1485 2813 1590 2860 τόπῳ
1616 2811 1661 2848 οὐ
1686 2814 1741 2857 γί-

928 2878 970 2909 γν
974 2879 1090 2902 ονται.
1139 2863 1285 2907 ἄριστοι
1309 2859 1349 2897 δε
1378 2875 1415 2896 οι
1438 2862 1564 2906 μικροὶ
1587 2861 1642 2904 (2)
1666 2860 1740 2893 τῶν

927 2911 1055 2947 θώων.
1103 2912 1189 2958 γένη
1215 2908 1256 2945 δ’
1280 2906 1407 2945 αυτῶν
1428 2914 1496 2943 etc.
1530 2920 1602 2964 quo
1622 2912 1658 2940 et
1680 2906 1740 2940 illa

930 2959 1108 3015 pertinent
1133 2959 1176 2998 9,
1202 2957 1244 2997 2,
1271 2958 1346 2990 11..
1370 2953 1541 2998 πολέμιοι
1566 2952 1608 2988 δε
1631 2953 1694 2988 καὶ
1718 2948 1737 2986 6

929 3004 1019 3041 λέων
1052 3006 1113 3041 καὶ
1149 3003 1167 3041 6
1204 3002 1286 3044 θεὸς
1315 3000 1505 3047 ἀλλήλοις·
1540 3000 1739 3046 ωμοφάγοι
