1811 3269
96 144 181 185 316

782 145 1182 191 ΟΜΗΡΟΥ

317 254 463 288 Hecuba
496 258 530 289 et
565 263 702 289 ceterae
732 258 932 299 matronae,
967 258 1010 292 de
1045 260 1208 294 Hectoris
1246 264 1282 294 et
1315 263 1495 306 procerum
1519 263 1761 342 lTroianorum

235 300 398 342 consilio,
426 301 561 346 peplum
586 302 621 335 in
647 302 765 336 aedem
790 303 969 338 Minervae
993 305 1170 342 inferunt.
1202 315 1354 352 votaque
1384 320 1447 354 pro
1479 309 1530 343 sal
1534 315 1593 344 ute
1624 311 1761 356 patriae

231 354 440 391 nuncupant.

334 413 502 468 ’Ἐκτωρ
531 413 573 457 δ’
603 431 663 465 ως
692 416 862 467 Σκαιάς
890 433 934 460 τε
962 417 1103 470 πύλας
1131 421 1206 463 καὶ
1236 420 1379 476 φηγὸν
1409 422 1572 477 ἵκανεν,

264 469 379 525 ἄμφ’
411 469 499 524 ἄρα
528 488 606 525 μιν
639 470 807 539 Τρώων
838 474 988 529 ἄλοχοι
1019 477 1130 519 θέον
1158 475 1234 545 η’δὲ
1263 478 1495 533 θύγατρες,

265 527 484 582 εἰρόμεναι
512 527 672 579 παῖδας
701 545 743 572 τε
773 530 1063 586 κασιγνήτους
1092 548 1136 575 τε
1167 534 1263 584 ε’τας
1291 550 1349 585 τε,

150 583 232 628 240
263 584 335 625 καὶ
365 583 533 634 πόσιας
582 583 606 628 ὁ
638 584 680 628 δ’
710 586 854 629 ε’πειτα
882 593 1006 637 θεοῖς
1022 588 1244 659 εὔχεσθαι
1273 589 1434 646 ἀνώγει

263 639 404 690 πάσας
435 640 592 711 ἑξείης·
623 646 807 712 πολλῇσι
837 643 884 686 δὲ
914 643 1032 698 κήδε’
1065 646 1248 701 ἐφῆπτο.

336 694 451 739 Ἀλλ’
489 697 560 741 ὅτε
590 698 643 753 δὴ
679 699 901 752 Πριάμοιο
932 701 1070 756 δόμον
1099 700 1346 755 περικαλλέ’
1379 703 1542 754 ἵκανεν,

262 753 411 822 ξεστῇς
441 753 682 810 αἰθούσῃσι
711 757 972 810 τετυγμένον
1002 757 1161 812 (αὐτάρ
1194 759 1240 802 ἐν
1271 758 1390 814 αὐτῷ

258 809 518 866 πεντήκοντ’
552 812 704 854 ἔνεσαν
732 812 929 866 θάλαμοι
960 816 1125 865 ξεστοῖο
1156 817 1318 863 λίθοιο..

146 866 228 908 245
258 870 444 921 πλησίον
474 867 671 937 ἀλλήλων
703 870 988 923 δεδμημένοι,
1021 873 1132 915 ε’νθα
1162 873 1208 915 δε
1238 874 1390 921 παῖδες

258 927 479 978 κοιμῶντο
513 924 735 978 Πριαμοιο
766 941 886 978 παρα
922 933 1116 984 μνηστης
1147 927 1400 999 ἀλόχοισιν·

258 979 467 1033 κουράων
499 979 539 1024 6’
574 981 787 1033 ετέρωθεν
816 982 1008 1028 εναντίοι
1039 986 1223 1029 ε’νδοθεν
1254 984 1367 1028 αὐλ
1344 1001 1391 1041 ης

259 1036 419 1080 δώδεκ’
450 1037 555 1080 ε’σαν
584 1038 723 1092 τέγεοι
751 1039 946 1096 θάλαμοι
976 1044 1142 1094 ξεστοῖο
1173 1045 1332 1096 λίθοιο,

88 1136 192 1182 longe
225 1149 300 1171 esse
335 1139 531 1182 pretiosius.
560 1140 615 1173 Ex
636 1141 681 1176 H.
728 1143 832 1177 Sch.:
856 1156 900 1178 ο-

86 1196 184 1217 κατ.
219 1183 351 1219 ἑκατὸν
379 1187 483 1241 βοῶν
504 1184 600 1228 ἄξια.
636 1185 681 1222 ου’
704 1190 773 1231 γάρ
796 1192 900 1233 νομί-

88 1240 222 1273 σμασιν
245 1230 414 1289 ἐχρῶντο.
464 1230 557 1267 ὅθεν
589 1247 630 1266 r..-
625 1234 651 1268 ὶ
688 1233 778 1278 α’λφ
791 1238 899 1271 εσί-

87 1277 237 1322 βοιαι.
283 1276 467 1322 ἐννεαβ.
492 1277 597 1314 ἐννέα
621 1282 722 1326 βοῶν
741 1249 838 1324 ἅφξια.
854 1301 900 1306 -

87 1333 122 1357 v.
148 1334 225 1356 ann.
251 1324 294 1357 ad
320 1323 364 1369 β’,
387 1323 466 1359 449.
495 1338 654 1366 „xersum
681 1339 748 1362 rec.
742 1329 805 1362 tat
822 1329 900 1361 Ari-

86 1372 169 1402 stot.
195 1370 239 1403 de
265 1371 390 1404 Morib.
417 1373 459 1413 5,
486 1375 541 1407 11.
533 1397 562 1412 .,
598 1373 658 1406 ubi
683 1374 805 1416 docet,
838 1386 899 1407 ne-

86 1414 207 1448 minem
233 1398 646 1453 026mei66w'5n06610v.
681 1421 806 1454 abiisse
825 1432 899 1454 eum

85 1460 123 1494 in
149 1464 386 1505 proverbium,
422 1469 558 1498 constat
590 1465 646 1498 vel
679 1478 722 1500 ex
749 1467 823 1502 Cic.
855 1468 899 1500 ad

86 1507 159 1542 Att.
186 1509 226 1549 6,
254 1512 311 1543 1.“
337 1510 382 1543 Η.

133 1554 200 1588 237
226 1556 366 1590 —241.
414 1555 606 1598 Σκαιοὶς
638 1556 807 1599 πύλας.
854 1555 898 1602 γ’,

88 1597 166 1633 145.
203 1620 248 1625 —
290 1601 460 1646 φηγόν.
496 1602 533 1643 ε’,
559 1606 639 1639 69.3
676 1606 778 1639 Solu:
815 1606 896 1647 etp.

85 1643 285 1690 ἐρωτῶσαι.
350 1650 541 1689 παῖδας.
587 1648 670 1685 ἀντὶ
704 1665 771 1686 του
804 1649 897 1694 ὑπὲρ

85 1694 244 1733 παίδων
305 1695 552 1738 (Homericum
595 1698 732 1730 schema
771 1703 898 1731 vocant

85 1740 309 1781 grammatici.
362 1753 392 1774 v.
424 1742 553 1776 S‹·.hol³
580 1746 606 1775 A
633 1751 666 1776 et
691 1744 741 1783 Β,
778 1744 895 1777 Schol.

84 1785 262 1830 Aristoph.
289 1787 383 1820 Nub.
412 1790 487 1822 167.
513 1789 659 1833 ExH.)
710 1789 828 1829 ἔτας.
862 1803 896 1825 ε-

85 1831 257 1874 ταίρους,
283 1831 477 1875 συνήθεις,
503 1838 645 1878 φιλονς.
673 1836 778 1880 (Ap.:
805 1835 895 1870 ε’ται.

88 1876 146 1920 [ι’,
169 1877 257 1918 460,
283 1878 332 1920 π’,
356 1880 423 1914 456
453 1882 544 1924 etc]
582 1885 750 1923 πολῖται,
795 1881 894 1917 εταῖ-

83 1937 156 1967 ροι,
184 1924 371 1968 συνίθεις.
406 1925 560 1960 similiter
576 1928 668 1971 Hes>
669 1930 730 1961 ·.ch
757 1929 799 1961 cf.
813 1931 893 1969 262,

82 1970 243 2014 Aeschyl.
263 1971 384 2025 Suppl.
403 1974 500 2012 223„
527 1973 630 2006 Thuc
659 1976 692 2015 5,
714 1976 769 2009 79.
789 1982 893 2015 extr„

82 2027 150 2060 quo
182 2016 256 2049 loco
295 2017 373 2051 ἔται
397 2019 485 2051 cives
510 2018 702 2053 dicuntur·
694 2032 728 2052 ln
753 2021 894 2054 foedere

82 2063 429 2097 Lacedaemoniorum
455 2070 489 2098 et
507 2066 726 2108 Argivorum.
760 2074 814 2100 est
833 2079 894 2100 au-

82 2114 149 2141 tem
177 2111 279 2152 ετης,
314 2110 348 2142 ni
373 2111 492 2151 fallor,
529 2112 722 2145 derivatum
757 2113 799 2145 ab
834 2113 892 2154 ξω,

82 2152 176 2197 εἶμι
203 2164 241 2189 ut
265 2167 331 2189 vox
361 2157 534 2200 significet
559 2170 645 2197 eum,
672 2158 729 2202 qui
748 2159 790 2191 ad
812 2171 893 2192 con-

83 2200 212 2235 cionem
245 2202 296 2235 ire
329 2203 384 2235 vel
419 2205 459 2235 ad
493 2204 614 2236 belum
640 2204 813 2248 proficisci
836 2217 892 2238 so-

82 2246 152 2286 let,
184 2248 239 2281 vel
265 2249 366 2281 etiam
392 2249 545 2283 comitem
573 2257 608 2283 et
633 2251 796 2292 amicum,
831 2251 892 2295 qui

78 2293 197 2336 jussus
222 2294 343 2327 adesse
366 2306 503 2338 operam
518 2308 608 2329 suam
625 2308 689 2329 non
709 2297 891 2330 detrectat.

83 2337 166 2380 ε’της
191 2340 326 2384 quidam
359 2341 592 2385 scripserunt,
625 2343 659 2375 in
695 2343 818 2386 quibus
847 2346 892 2376 Α-

82 2385 182 2426 lexio,
202 2392 415 2442 repugnante
432 2388 565 2430 quidem
578 2389 771 2422 Ptolemaeo
785 2391 892 2423 Asca-

81 2430 203 2471 lonita,
229 2435 272 2465 ab
298 2445 358 2472 sm,
384 2433 478 2476 ῖήμι
504 2441 541 2466 ut
565 2433 610 2466 sit
635 2436 777 2475 missus,
800 2437 893 2469 mitti

81 2478 209 2513 solitus
226 2478 389 2511 consimili
407 2490 519 2512 sensu.
544 2491 576 2511 v.
593 2480 635 2513 H.
654 2501 698 2504 —
721 2480 893 2525 εξείης.

83 2522 251 2579 αἱη448)
285 2527 487 2571 πολλῇσι
514 2523 562 2559 δε
589 2539 619 2558 n.
646 2525 712 2570 ἐφ.
739 2530 892 2569 πολλαῖς

81 2567 121 2604 δε
146 2568 240 2604 κακὰ
268 2568 425 2613 ἐξῆπτο,
461 2571 628 2607 τουτέστι
661 2574 792 2608 πολλαὶ
824 2573 891 2609 αὐ-

79 2616 154 2649 τῶν
179 2614 216 2650 ἐν
240 2615 398 2651 κακώσει
423 2616 600 2662 ἐγένοντο.
627 2619 699 2661 (Ετ
725 2619 782 2654 ὅτι
806 2633 891 2655 παι-

80 2659 180 2697 δεύει
209 2662 274 2697 τόν
309 2662 496 2708 ἅκροατνῗν
528 2665 589 2700 καὶ
615 2662 633 2700 6
661 2663 754 2709 παρ’
774 2663 890 2711 Ομή-

80 2722 133 2753 ρῳ
148 2704 293 2751 Ἐκτωρ
317 2709 366 2752 μὴ
394 2709 450 2745 ἀεὶ
476 2710 567 2753 πρὸς
599 2725 664 2750 τας
698 2711 891 2769 ἐρωτήσεις

79 2756 307 2800 λεπτομεριις
320 2754 615 2815 ‚tinoret'vscfiffolc²
640 2757 738 2793 ὅπου
765 2755 811 2793 ὃὶν
824 2759 889 2815 μὴ

81 2802 271 2845 συμφέρον
293 2802 367 2857 εἷ’-η
414 2801 596 2846 ἐρωτᾶται
622 2802 688 2859 μὲν
718 2803 788 2849 γάρ
813 2803 887 2841 ὑπὸ

79 2848 154 2882 τῶν
193 2846 381 2893 Τρῳάδωι
393 2874 402 2889 ,
435 2851 514 2890 πῶς
545 2848 591 2885 ἂν
626 2851 744 2894 ε’χοιεν
775 2850 815 2885 ἐν
838 2855 891 2898 τῷ

78 2892 226 2950 πολέμῳ
260 2894 296 2929 οὶ
328 2894 572 2953 προσήκοντες
605 2897 757 2938 αὐταῖς·
794 2894 813 2932 6
848 2899 889 2935 δὲ

81 2938 194 2976 ουδεν
227 2937 314 2976 ἄλλο
348 2941 442 2985 ε’φη,
480 2939 563 2976 ἀλλ’
589 2939 612 2987 ἢ
640 2946 747 2984 θεοῖς
768 2941 890 2988 μόνον

80 2985 266 3024 ἐκέλευσεν
291 2983 466 3033 εὔχεσθαι
491 2987 614 3030 πάσας
638 2990 773 3036 ἑξείης,
806 2994 888 3027 καί-

945 1160 1003 1181 τοι
1027 1149 1179 1187 πολλαῖς
1204 1146 1351 1187 αὐτῶν,
1377 1141 1426 1185 ὦς
1455 1142 1475 1179 6
1498 1156 1537 1178 π.
1562 1153 1678 1199 φησι,
1691 1141 1756 1186 κή-

947 1195 1012 1228 δεα
1036 1193 1181 1239 ἐφῆπτο
1208 1193 1273 1229 δια
1298 1192 1366 1238 τήν
1389 1193 1464 1226 τῶν
1488 1192 1634 1226 οἰκείων
1657 1186 1758 1224 ἀπό-

945 1241 1076 1320 λειὲαίῖΙ.)
1128 1287 1243 1319 domos
1285 1283 1486 1318 Homericas
1529 1280 1757 1326 descripturis

945 1332 1042 1365 nobis
1068 1332 1173 1365 otium
1198 1332 1283 1365 fecit
1305 1329 1455 1371 Feithii‚
1483 1327 1618 1373 Heynei
1642 1332 1678 1360 et
1701 1327 1756 1360 in-

946 1379 1064 1423 primis
1096 1379 1128 1411 J.
1164 1379 1208 1411 H.
1244 1377 1356 1410 vossii
1392 1375 1592 1419 diligentia,
1628 1373 1686 1418 qui
1719 1377 1756 1407 et

946 1424 1188 1458 dissertatione
1213 1429 1247 1457 et
1271 1423 1388 1457 tabula
1409 1433 1480 1455 rem
1498 1419 1694 1465 explicavit,
1718 1419 1755 1453 in

947 1483 986 1503 eo
1018 1472 1250 1504 tantummodo
1284 1480 1403 1503 errare
1427 1468 1521 1500 visus
1547 1467 1754 1500 Cammanno

945 1517 1154 1560 (Iorschute
1181 1528 1242 1549 zur
1269 1517 1310 1549 II.
1338 1528 1371 1548 u.
1409 1515 1527 1555 odyss.
1558 1514 1618 1545 des
1649 1513 1753 1545 Hom.

946 1574 982 1607 p.
1001 1564 1120 1606 324),
1143 1564 1236 1607 quod
1262 1563 1349 1595 duas
1374 1561 1483 1593 fuisse
1509 1559 1602 1592 aulas
1620 1559 1754 1599 sumsit,

947 1620 1088 1653 quarum
1115 1610 1318 1642 anteriorem
1344 1614 1495 1647 cortem,
1521 1618 1595 1639 cum
1621 1604 1754 1638 nonnisi

944 1667 1044 1688 unam
1062 1667 1196 1700 semper
1220 1655 1316 1687 Hom.
1340 1631 1664 1686 commertioraverit.
1697 1650 1754 1684 cui

944 1701 1130 1734 assentior.
1165 1700 1318 1745 quamvis
1346 1699 1458 1731 Vossii
1482 1699 1516 1730 in
1546 1697 1752 1731 sententiam

945 1749 1154 1780 concessisse
1185 1747 1319 1779 videam
1354 1746 1555 1789 K6pkeum‚
1591 1744 1751 1785 Haseum,

942 1793 1174 1826 Schaasfium.
1210 1793 1364 1836 aliosque
1396 1792 1490 1823 viros
1525 1790 1750 1823 doctissimos.

942 1839 1122 1872 annotovit
1146 1839 1197 1880 H,
1236 1838 1455 1882 praecipuum
1488 1848 1564 1869 esse
1587 1837 1677 1870 hunc
1701 1837 1753 1869 lo-

941 1896 1015 1917 cum
1042 1885 1085 1919 de
1119 1885 1260 1918 aedibus
1293 1890 1470 1925 veterum,
1506 1882 1660 1928 inprimis
1695 1894 1752 1916 re-

966 1942 1030 1965 um.

939 1943 962 1974 g
986 1978 1066 2011 243.
1115 1977 1232 2019 ξεστ.
1280 1973 1318 2010 ἐκ
1353 1976 1473 2009 λίθων
1511 1975 1667 2017 ξεστῶν,
1712 1980 1752 2008 ut

941 2034 1013 2056 cum
1047 2022 1122 2056 aliis
1157 2023 1412 2067 interpretatur
1448 2021 1562 2055 Schol.
1596 2022 1751 2055 Theocr.

971 2071 1061 2109 ,Ξ5-
1091 2071 1141 2102 Es
1165 2070 1211 2103 H.
1255 2070 1357 2102 αἰθ.
1393 2071 1518 2107 στοαῖς
1549 2067 1749 2122 (recentius

939 2116 1077 2169 nomen)
1100 2119 1181 2155 ταῖς
1205 2114 1550 2158 καταλαμπομέναις
1580 2110 1653 2147 ὑπὸ
1679 2113 1751 2147 τοῦ

939 2157 1058 2204 ἡλίου.
1112 2164 1195 2205 Ap.:
1233 2160 1432 2204 αἰθούσης.
1467 2159 1522 2203 (ι’,
1551 2158 1651 2203 468.)
1683 2161 1749 2217 τῆς

938 2219 1081 2250 παραστ
1066 2207 1196 2251 ιάδος,
1221 2205 1294 2242 ἀπὸ
1320 2209 1387 2242 τοῦ
1412 2209 1664 2242 καταίθεσθαι
1681 2203 1747 2250 νφ’

949 2251 1056 2288 λί.ου

937 2267 959 2298 η
984 2300 1063 2334 244.
1113 2300 1207 2343 Vir-g.
1228 2302 1311 2333 Aen.
1331 2302 1366 2340 2,
1390 2300 1487 2335 503.:
1513 2299 1750 2343 quinquagin-

938 2351 977 2380 ta
997 2348 1048 2379 illi
1075 2347 1244 2387 thalami,
1280 2357 1356 2389 spes
1384 2351 1485 2379 tanta
1513 2351 1673 2388 nepotum
1701 2363 1748 2370 —-

940 2393 1163 2425 Procnbuerc.
1196 2393 1271 2433 Cl.,
1298 2392 1419 2425 Eichh.
1449 2392 1493 2426 cf.
1521 2391 1571 2430 ω’,
1593 2392 1675 2432 495,
1698 2392 1747 2425 A-

938 2439 1065 2484 pollod.
1090 2440 1133 2481 3,
1159 2440 1213 2472 12.

984 2485 1198 2519 245—250.
1232 2485 1385 2527 πλησίον
1411 2495 1473 2528 pro
1498 2484 1640 2528 vulgato
1657 2485 1748 2528 πλη-

939 2532 1012 2565 σίοι
1037 2531 1116 2564 dedi
1142 2536 1287 2575 utroque
1311 2531 1384 2563 loco
1403 2530 1585 2563 secundum
1601 2531 1746 2563 Barocc.

940 2579 1024 2611 Ven.
1052 2578 1206 2621 aliosque
1238 2576 1412 2609 nonnullus
1438 2577 1561 2617 MSS„
1599 2578 1746 2620 quibus-

937 2635 1010 2658 cum
1036 2623 1110 2656 Ald.
1136 2625 1168 2657 3.
1201 2622 1287 2655 facit
1310 2623 1390 2656 249.
1434 2623 1477 2654 cf.
1503 2621 1544 2666 γ’.
1574 2623 1662 2662 115,
1698 2619 1745 2666 δ’,

936 2672 1004 2704 329
1023 2676 1088 2703 etc.
1114 2669 1217 2703 Sch.:
1239 2669 1365 2711 δεδμ.
1390 2666 1679 2714 ᾠκοδομημένοι.
1703 2669 1744 2712 (a

938 2716 1046 2758 δέμω.
1073 2735 1111 2739 -—
1140 2717 1431 2758 ,,κοιμῶντο.
1457 2727 1523 2748 non
1550 2717 1743 2761 διῃτῶντο,

937 2763 1093 2807 quoniam
1118 2762 1268 2795 interdiu
1300 2761 1384 2795 foris
1414 2761 1448 2794 in
1472 2761 1561 2795 atrio
1585 2762 1642 2796 vel
1665 2762 1742 2795 foro

935 2809 1163 2842 versabantur
1187 2808 1344 2841 homines.
1350 2811 1373 2826 “
1399 2808 1453 2840 Ex
1472 2808 1540 2852 Η.)
1580 2820 1740 2853 μνηστ.

935 2858 1017 2896 ταῖς
1050 2853 1087 2889 ἐκ
1119 2857 1315 2899 μνηστείας
1335 2853 1610 2898 γεγαμημέναις.
1650 2856 1741 2897 (non

935 2901 1166 2944 concubinis.)
1209 2900 1380 2945 τέγεοι.
1405 2899 1579 2945 ὑπερῷοι.
1603 2901 1741 2957 (simili-

934 2952 989 2980 ter
1014 2947 1072 2980 alii
1097 2947 1332 2990 grammatici,
1356 2948 1416 2981 sed
1441 2949 1546 2982 male:
1576 2960 1652 2982 nam
1683 2945 1741 2981 τέ-

934 3005 1011 3038 γεοι
1035 2991 1202 3037 θάλαμοι
1232 2993 1448 3039 intelligendi
1480 3000 1560 3029 sunt
1585 2993 1625 3030 ἐν
1647 2992 1742 3039 τέγει

1794 1695 1803 1878 ι

1801 2871 1805 3046 Ι
