1811 3269
605 133 1039 174 ΙΛΙΑΔΟΣ
1094 134 1142 174 Β.

97 250 180 293 605
212 250 255 291 οὶ

1625 131 1707 172 137

287 243 451 288 Φὲνεόν
480 241 521 287 τ’
556 243 762 299 ἐνέμοντο
793 244 866 287 καὶ
892 242 1162 315 Ὀρχομενὸν
1190 241 1459 314 πολύμηλον,

207 303 359 357 Ῥίπην
387 317 458 353 τε,
489 302 711 361 Στρατίην
739 317 803 351 τε,
835 300 908 343 καὶ
938 300 1208 356 ἠνεμόεσσαν
1231 298 1452 355 Ἐνίσπην,

212 360 285 404 καὶ
320 357 482 427 Τεγέην
512 354 629 428 εἶχον
658 357 732 400 καὶ
765 358 1021 412 Μαντινέην
1050 356 1289 413 ἐρατεινην,

213 413 484 486 Στύμφηλόν
513 413 552 456 τ’
587 419 730 470 εἰχον,
760 416 835 458 καὶ
867 415 1128 485 Παρῤασίην
1157 414 1381 484 ἐνέμοντο,

212 488 303 515 των
331 469 429 527 ηρχ’
461 469 681 526 Ἀγκαίοιο
712 470 836 522 πάϊς.
867 473 1027 525 κρείων
1051 469 1324 540 Ἀγαπήνωρ,

100 535 183 576 610
207 527 282 601 ἕξή
287 544 422 572 κοντα
450 532 587 571 νεῶν·
619 530 770 580 πολέες
799 527 844 572 δ’

877 528 925 572 ἐν
953 529 1031 582 νηϊ
1057 527 1217 584 ἑκάστῃ

207 546 429 656 Ἀρκάδες
445 583 602 639 ἄνδρες
632 585 834 656 ἔβαινον,
863 584 1159 656 ἐπιστάμενοι
1174 583 1434 638 πολεμίζειν.

214 641 346 693 αὐτὸς
374 659 460 696 γαρ
491 653 600 697 σφιν
630 645 771 687 δῶκεν
802 641 912 694 ἄναξ
941 640 1122 696 ἀνδρῶν
1148 639 1428 696 Ἀγαμέμνων

209 705 325 772 νῆας
355 698 657 770 ἐυσσέλμους,
674 716 843 755 περααν
873 699 942 743 ἐπὶ
973 701 1135 742 οἴνοπα
1164 697 1341 748 πόντον,

209 754 445 827 Ἀτρείδης
479 755 570 799 ἐπεὶ
599 755 657 799 οὔ
686 768 767 826 σφι
795 756 1015 800 θαλάσσια
1032 755 1148 827 ε’ργα
1178 753 1369 810 μεμήλει.

101 818 187 860 615

92 918 172 952 605.
223 917 397 958 Pheneos,
430 912 450 952 ὃ
479 914 631 958 Φενεός,
662 916 789 950 fabulis
815 917 860 950 de

46 963 199 998 Hercule
224 963 316 996 clara
337 963 440 1003 urbs,
461 962 620 996 Evandri
646 962 724 996 olim
746 964 858 997 sedes.

47 1011 195 1051 Paus.8,
216 1009 269 1048 14,
293 1007 365 1050 43.,
384 1007 482 1065 virg.
506 1010 590 1042 Aen.
608 1009 642 1050 8,
669 1010 761 1051 165„
780 1010 861 1043 Cel-

46 1056 162 1090 lar.1.
179 1067 211 1100 p.
226 1056 326 1090 1228.
349 1074 389 1080 -
412 1052 532 1099 ’.Ορχ
543 1079 554 1097 ,
580 1060 679 1088 vetus
697 1055 861 1100 oppidum

45 1101 158 1137 media
177 1102 251 1136 fere
272 1100 532 1145 Peloponneso,
553 1101 700 1154 praeda
726 1113 862 1146 semper

45 1148 238 1188 victorum3
273 1148 370 1191 cujus
393 1146 528 1181 incolae
551 1146 588 1180 in
612 1147 861 1193 Megalopolim

46 1195 92 1228 ab
124 1193 362 1240 Epaminonda
404 1199 637 1234 exstructam,
681 1205 864 1228 concesse-

47 1243 138 1274 runt.
185 1241 290 1275 Paus.
312 1241 355 1281 8,
378 1240 449 1281 27.,
473 1241 647 1274 Mannert.
667 1242 746 1285 8.p
726 1252 758 1285 p.
780 1240 863 1282 438,

46 1288 81 1321 9.
107 1290 175 1323 etc.
222 1287 267 1321 de
297 1264 491 1330 cognomini
525 1287 612 1321 urbe
635 1286 804 1322 Boeotiae
827 1298 863 1322 v.

95 1380 176 1414 606.
223 1377 359 1422 Βήἰρε,
385 1378 539 1419 Stratie,
562 1378 714 1423 Enispe,
742 1378 864 1423 ignoto

47 1424 118 1459 situ
154 1425 228 1478 jam
257 1423 439 1458 Strabonis
473 1426 601 1459 aetate.
657 1425 866 1468 ignorarunt

50 1472 154 1506 etiam
171 1470 250 1505 alii:
276 1471 377 1504 Paus.
397 1471 431 1511 8,
447 1471 504 1510 25,
522 1471 556 1505 7.
581 1471 637 1503 Ex
656 1472 703 1507 Η.
737 1469 865 1515 ἦνεμ.

50 1515 126 1553 ’ὑπὸ
160 1514 298 1560 ἀνέμου
338 1515 663 1560 καταπνεομένην,
701 1513 866 1571 ὑψηλήν.

52 1564 253 1618 epitheton
265 1563 427 1596 montium
460 1562 679 1618 arciumque,
712 1563 867 1609 inprimis

50 1607 267 1665 Iliacae(y,
293 1610 382 1650 305,
406 1606 461 1650 θ’,
484 1607 565 1648 499,
590 1607 639 1653 μ,
666 1610 744 1644 115.
765 1611 867 1653 etc..)

53 1656 182 1702 Odyss.
201 1654 238 1698 ι’,
257 1654 338 1691 400.
354 1653 517 1699 :alnotus
530 1653 763 1701 ἠνεμοέσσας,
784 1668 867 1702 pro—

52 1701 241 1745 monteria,
277 1702 378 1736 obvia
402 1707 582 1737 ventorum
601 1703 730 1747 furiis,
754 1709 794 1738 ut
817 1703 868 1738 ait

52 1750 154 1784 Maro
175 1750 262 1784 Aen.
282 1752 339 1789 10,
364 1749 444 1785 694.
470 1748 502 1781 E
521 1749 567 1783 Κ.

101 1796 182 1832 607.
230 1773 360 1830 Βῑιιιόο
385 1796 448 1830 sub
472 1794 574 1829 finem
598 1795 677 1830 libri
702 1796 756 1830 8.
785 1798 870 1831 Τε-

53 1840 136 1898 γὲα
170 1840 224 1877 ε’τι
252 1841 414 1898 μετρίως
432 1841 628 1886 συμμένει,
663 1840 790 1878 καὶτὸ
819 1842 869 1878 Σε-

54 1887 124 1933 ρὸν
147 1889 214 1932 τῆς
234 1885 377 1930 Ἀλαίας
403 1884 564 1932 Ἀθηνᾶς
598 1889 714 1934 (quod
739 1889 871 1934 asylum

54 1935 146 1969 fuit.
177 1935 283 1970 Paus.
311 1935 354 1976 3,
386 1934 421 1970 5.
470 1935 515 1969 cf.
551 1937 596 1978 8,
630 1936 665 1970 4.
696 1939 732 1968 et
764 1937 870 1980 46.·)

54 1982 207 2026 τιμᾶται
233 1978 272 2016 δ’
298 1979 352 2016 ε’τι
369 1978 504 2025 μικρὸν
526 1985 593 2015 etc.
618 1981 741 2016 nobilis
761 1993 872 2026 quon-

57 2028 136 2062 dam
160 2028 266 2069 urbs,
308 2039 397 2072 quae
423 2028 609 2071 Spartanis
637 2028 697 2062 diu
727 2028 872 2062 restitit.

57 2087 93 2109 v.
120 2073 161 2109 C.
188 2074 232 2107 O
259 2073 395 2108 Mulier.
424 2074 547 2110 Gesch.
580 2075 660 2108 hell.
694 2074 746 2107 St.
777 2076 810 2109 2.
838 2086 873 2119 p.

59 2121 262 2163 152,178,
291 2122 368 2157 188.
403 2121 456 2154 Ex
480 2121 521 2154 U.
556 2139 600 2147 --
645 2123 798 2157 Μαντ.
829 2121 874 2154 de

58 2146 238 2201 Mantinea
258 2166 380 2221 Polyb.
398 2168 433 2209 2,
456 2167 535 2202 56.=
545 2165 789 2223 αρχαιοτὰτη
808 2166 872 2203 καὶ

56 2214 208 2258 μεγίστη
235 2209 343 2255 πόλις
364 2226 440 2248 των
464 2226 558 2249 κατα
577 2213 647 2257 τήν
667 2213 872 2256 Ἀρκαδίαν.

58 2260 188 2294 Strabo
210 2259 234 2292 1.
259 2271 289 2293 c.
302 2261 573 2296 ,Μαντίνειαν
591 2274 660 2305 μεν
684 2257 753 2298 οὖν
771 2260 873 2297 ἐποί-

58 2317 144 2363 ησεν
168 2304 321 2349 ἔνδοξον
345 2303 671 2351 Ἐπαμεινώνδας,
710 2309 755 2354 τῇ
785 2309 873 2343 δευ-

58 2351 146 2412 τέρᾳ
170 2350 326 2396 νικήσας
349 2353 446 2400 μάχῃ
470 2356 810 2398 Λακεδαιμονίους,
836 2353 875 2390 ἐν

58 2396 84 2448 ᾗ
107 2398 170 2435 καὶ
196 2397 311 2441 αυτὸς
335 2391 516 2437 ἐτελεύτα.
554 2403 600 2436 cf.
624 2403 729 2436 Paus.
758 2403 791 2443 8,
816 2403 851 2437 8.

104 2447 185 2482 608.
235 2445 534 2492 Στύμφηλον
576 2448 668 2483 dixit
701 2449 873 2489 ἰωνικῶς.

61 2493 144 2526 urbs
169 2492 214 2526 ad
229 2493 340 2527 lacum
360 2495 607 2550 cognominem,
633 2494 746 2529 avium
758 2495 875 2540 Stym—

62 2538 238 2618 phalidum
260 2538 600 2586 ἄνθρωποφάγων,
624 2552 709 2587 quas
737 2543 876 2576 Hercu-

78 2595 113 2618 es
146 2586 319 2629 confecit,
352 2587 478 2622 fabulis
515 2593 607 2622 nota.
650 2599 686 2622 v.
712 2588 874 2633 Apollod.

63 2632 108 2672 2,
131 2631 178 2674 5.,
204 2633 307 2669 Paus.
331 2635 374 2675 8,
398 2636 456 2669 22.
479 2653 527 2659 --
555 2634 784 2669 Parrhasiam
808 2645 876 2668 non

65 2678 134 2710 tam
163 2678 278 2713 urbem
318 2680 550 2726 intelligemus
586 2692 685 2726 quam
727 2686 877 2714 tractum

66 2722 203 2757 vicatim
226 2725 427 2760 habitatum.
453 2739 486 2761 v.
508 2738 586 2761 ann.
606 2727 651 2761 ad
670 2728 750 2762 581.
777 2728 878 2760 Stra-

66 2767 111 2801 bo
136 2769 176 2810 8,
199 2771 231 2805 8.
264 2773 328 2806 sub
352 2772 447 2807 init:
484 2774 590 2809 δοκεῖ
611 2770 652 2808 δε
672 2770 880 2809 παλαιότα-

66 2826 115 2848 τα
147 2813 240 2873 ε’θνη
272 2816 369 2855 εἶναι
397 2833 445 2855 τα
475 2817 672 2880 Ἀρκαδικά
703 2822 780 2854 τῶν
797 2816 879 2854 Ἑλ·-

67 2858 190 2916 λήνων
210 2859 352 2906 Ἀζᾶνες
377 2878 436 2908 τε,
468 2868 531 2903 καὶ
557 2864 794 2911 Παρῤάσιοι,
817 2865 880 2903 και

68 2902 174 2943 ἄλλοι
197 2912 372 2946 τοιοῦτοι.
406 2913 453 2949 cf.
476 2914 583 2948 Paus.
609 2916 651 2955 8,
674 2915 733 2950 27.

113 2957 195 2991 609.
245 2957 401 2992 Ancaeus
425 2961 533 2994 Arcas
549 2960 702 3005 Lycurgi
725 2959 790 3002 fil.,
816 2959 880 2993 Ar-

69 3006 294 3045 gonautarum
319 3004 531 3050 expeditioni
552 3006 723 3042 interfuit.
768 3017 789 3041 a
809 3005 880 3040 Ca-

304 816 360 856 Οι
389 812 433 857 δ’
465 810 552 868 ἄρα
578 813 868 869 Βουπράσιόν
897 829 942 857 τε
972 814 1047 858 καὶ
1066 812 1224 857 Ηλιδα
1257 813 1358 855 δῖαν
1388 808 1552 860 ἔναιον,

905 917 939 962 ly
942 916 1044 951 donio
1071 927 1156 961 apro
1180 914 1402 949 intersectum
1427 914 1547 945 narrat
1560 909 1665 944 Ovid.
1687 912 1720 945 8.

906 964 952 998 cf.
976 962 1079 996 Had
1104 961 1263 1008 Apollod.
1289 962 1324 1001 3,
1349 960 1385 1001 9.
1409 959 1443 992 2.
1470 955 1622 1001 -'Ay.,
1649 957 1723 990 Te-

906 1014 1083 1055 geatarum
1111 1020 1190 1049 rex,
1228 1007 1306 1040 olim
1342 1010 1377 1039 et
1400 1004 1475 1050 ipse
1499 1014 1623 1049 procus
1648 1003 1724 1036 He-

906 1057 1026 1098 lenae,
1059 1055 1120 1100 qui
1153 1058 1255 1099 capta
1289 1052 1399 1096 Troja
1432 1061 1499 1084 non
1530 1049 1638 1083 rediit
1662 1049 1726 1083 do-

907 1114 1016 1143 mum,
1052 1101 1115 1135 sed
1147 1103 1354 1144 tempestate
1389 1097 1425 1130 in
1450 1096 1605 1141 Cyprum
1629 1096 1726 1129 insu-

908 1149 975 1183 lam
999 1127 1137 1182 delatus
1161 1147 1319 1191 Paphum
1344 1144 1462 1177 urbem
1488 1142 1666 1183 condidit,
1692 1145 1728 1175 et

907 1195 944 1228 in
972 1206 1014 1229 ea
1037 1193 1185 1228 Veneris
1220 1191 1382 1237 templum
1414 1188 1631 1233 magnificum
1665 1199 1728 1222 ex-

909 1241 1048 1276 struxit.
1106 1238 1266 1285 Apollod.
1301 1239 1344 1281 2,
1375 1238 1433 1279 9.‚
1473 1238 1575 1271 Paus.
1601 1236 1647 1279 8,
1679 1235 1728 1277 5.,

909 1287 1045 1332 Hygin.
1067 1287 1138 1320 fab.
1162 1286 1220 1321 97.

956 1335 1037 1370 610-
1085 1335 1181 1367 πολ.
1204 1328 1504 1375 -έβαινον,
1552 1327 1655 1362 multi
1691 1327 1730 1361 in

911 1392 1047 1425 quaque
1070 1379 1155 1413 navi
1183 1377 1340 1412 Arcades
1364 1375 1514 1421 profecti
1539 1379 1633 1409 sunt.
1683 1374 1729 1409 cf.

910 1428 993 1463 619.
1016 1426 1072 1459 Ex
1092 1426 1141 1458 H.

957 1474 1037 1508 611.
1088 1469 1265 1509 Arcades,
1290 1480 1311 1502 a
1332 1466 1417 1501 mari
1441 1465 1594 1511 undique
1619 1466 1731 1500 seclu-

911 1517 961 1560 si,
985 1528 1093 1551 naves
1117 1517 1161 1552 ad
1185 1494 1424 1559 trajiciendum
1449 1524 1518 1546 non
1543 1513 1730 1555 habebant,

912 1567 1145 1609 Agamemnon
1169 1561 1343 1602 habebat,
1378 1559 1493 1594 multis
1526 1558 1583 1593 ille
1608 1559 1731 1593 insulis

912 1610 1098 1655 imperans.
1147 1608 1196 1643 cf.
1234 1607 1410 1649 Paus.8,
1444 1607 1476 1642 1.
1508 1609 1544 1640 et
1576 1617 1655 1640 ann.
1686 1605 1730 1640 ad

960 1657 1051 1739 613E.
1051 1669 1216 1737 πέϋσσ.
1242 1700 1323 1736 170.
1348 1698 1536 1734 οἴνοπα.
1572 1697 1623 1740 α’,
1649 1699 1731 1736 350.

961 1749 1041 1785 614.
1089 1751 1196 1784 θαλ.
1230 1745 1356 1790 ἔργα
1391 1742 1560 1789 ναυτική.
1608 1745 1661 1779 sic
1696 1751 1733 1780 et

916 1796 1044 1841 Odyss.
1072 1793 1111 1837 ε’,
1136 1795 1213 1836 67.;
1239 1798 1273 1828 et
1290 1792 1447 1827 similiter
1469 1790 1656 1837 πολεμήϊα
1675 1790 1713 1836 ἐρ
1715 1814 1733 1820 -

915 1856 963 1889 γα
987 1843 1077 1883 338,
1103 1840 1141 1881 ε’,
1165 1842 1254 1882 428,
1279 1837 1326 1881 ν,
1350 1841 1430 1875 727.
1455 1838 1502 1874 U.
1543 1839 1587 1873 de
1611 1837 1734 1873 Philo-

917 1889 1092 1943 poemenis
1134 1893 1170 1922 et
1206 1886 1374 1922 Arcadum
1407 1885 1586 1940 imperitia
1620 1896 1734 1920 rerum

918 1936 1131 1970 nauticarum
1163 1936 1208 1968 W
1249 1931 1401 1966 conferri
1429 1932 1533 1976 jussit
1567 1933 1674 1967 Paus.
1700 1934 1733 1974 8,

919 1983 983 2023 50,
1007 1983 1041 2016 5.
1066 1990 1102 2016 et
1125 1980 1203 2014 Liv.
1227 1980 1292 2019 35,
1317 1980 1375 2014 26.
1400 1983 1587 2024 praeterea
1610 1978 1646 2011 H
1673 1990 1737 2013 an-

918 2027 1077 2069 notavit,
1099 2032 1256 2067 veteres,
1288 2025 1324 2059 in
1348 2026 1476 2069 quibus
1509 2025 1736 2059 Plutarchum

921 2075 965 2108 de
990 2073 1122 2108 sollert.
1146 2071 1281 2107 animal.
1305 2083 1341 2117 p.
1362 2073 1449 2114 965,
1475 2072 1541 2113 C.‚
1566 2072 1633 2106 hoc
1654 2083 1737 2106 ver-

920 2120 1026 2155 siculo
1051 2120 1102 2154 uti
1125 2124 1287 2164 tanquam
1321 2117 1456 2163 vulgari
1481 2118 1585 2154 dicto.
1611 2137 1656 2143 ·-
1694 2118 1740 2152 de

918 2167 1018 2251 [hiatu
1050 2167 1235 2201 verborum
1264 2166 1353 2202 θαλ.
1386 2164 1475 2212 ἔργα
1507 2176 1540 2199 v.
1576 2176 1658 2200 ann.
1694 2164 1739 2199 ad

966 2260 1048 2296 615.
1097 2261 1276 2302 Βουπρ.
1300 2269 1350 2293 τε
1381 2256 1457 2292 καὶ
1483 2255 1668 2293 Ἤλιδα.
1702 2257 1737 2290 1ι.

920 2318 952 2341 e.
976 2306 1175 2350 Buprasion
1194 2310 1228 2340 et
1247 2305 1417 2349 reliquam
1442 2309 1580 2348 partem
1609 2305 1739 2345 Elidis,

921 2364 1022 2398 quam
1056 2357 1187 2397 partem
1222 2351 1258 2385 in
1291 2351 1517 2404 sequentibus
1555 2351 1739 2386 describit.

920 2410 997 2434 nam
1017 2398 1191 2443 Epeorum
1217 2398 1299 2432 urbs
1318 2397 1386 2431 fuit
1405 2397 1509 2431 etiam
1523 2398 1739 2452 Buprasion,

920 2444 1013 2491 quod
1039 2445 1150 2479 discas
1175 2456 1217 2479 ex
1241 2441 1296 2488 ψ’,
1317 2445 1397 2480 631.
1431 2443 1589 2478 similiter
1611 2444 1739 2478 dictum

921 2495 975 2525 est
991 2494 1107 2526 Δουλ.
1116 2488 1300 2535 Ἐχινάων
1323 2502 1361 2525 τε
1376 2488 1508 2548 νήσων
1534 2490 1616 2527 625.
1639 2490 1739 2524 Stra-

920 2538 966 2572 bo
991 2539 1033 2581 8,
1055 2539 1092 2574 3.
1118 2538 1215 2572 init..
1245 2538 1316 2573 νῦν
1347 2549 1415 2593 μεν
1448 2536 1495 2582 δὴ
1527 2538 1656 2572 πᾶσαν
1678 2533 1740 2570 Ἠ-

921 2585 1024 2620 λείαν
1059 2582 1286 2628 ὀνομάζουσι
1316 2585 1384 2629 τὴν
1415 2583 1554 2628 μεταξὺ
1584 2582 1741 2640 ,Ἀχαιων

921 2643 961 2666 τε
993 2631 1054 2667 καὶ
1088 2633 1311 2677 Μεσσηνίων
1340 2633 1546 2676 παραλίαν,
1581 2628 1740 2674 ἀνέχον-

924 2689 993 2713 σαν
1017 2679 1070 2718 εἰς
1092 2678 1162 2724 τήν
1185 2678 1386 2734 μεσόγαιαν
1410 2677 1478 2723 τὴν
1497 2676 1593 2735 πρὸς
1616 2676 1741 2722 Ἀρκα-

923 2726 989 2771 δίᾳ
1021 2726 1068 2771 τῇ
1096 2738 1194 2761 κατα
1230 2723 1375 2782 Φολόην
1409 2725 1473 2760 καὶ
1504 2722 1654 2767 Ἀζᾶνας
1677 2723 1739 2760 καὶ

923 2761 1184 2817 Παρῤασίους·
1215 2771 1257 2808 τὸ
1292 2770 1333 2808 δε
1365 2770 1527 2808 παλαιόν
1561 2772 1617 2811 εἰς
1639 2772 1739 2806 πλεί-

924 2831 993 2859 ους
1017 2819 1236 2859 δυναστείας
1268 2817 1443 2865 διῄρητο,
1478 2814 1548 2853 εἶτ’
1575 2818 1631 2856 ils·
1655 2815 1740 2861 δύο,

922 2863 994 2910 τήν
1017 2878 1056 2902 τε
1077 2867 1153 2900 τῶν
1171 2864 1331 2901 Ἐπειων
1362 2879 1423 2901 και
1457 2864 1526 2909 τήν
1555 2862 1634 2899 ὑπὸ
1663 2865 1741 2900 Νέ-

925 2924 1028 2955 στορι
1058 2914 1111 2958 τῷ
1143 2912 1309 2972 Νηλέως.
1354 2913 1464 2956 „hinc
1484 2912 1520 2944 in
1540 2911 1671 2955 Odyss.
1694 2909 1740 2954 ν,

924 2961 1007 2995 275.
1040 2927 1206 2994 additur⁷7
1205 2957 1343 2995 ’Ήλιδα
1376 2960 1485 3001 δῖαν,
1518 2956 1592 2994 ὅθι
1614 2957 1740 3001 κρατέ-

927 3017 1034 3043 ουσιν
1055 3004 1208 3042 ’.Επειοί
1256 3005 1403 3041 nondum
1432 3004 1492 3039 illo
1523 3007 1683 3051 tempore
1704 3005 1740 3040 in
