1811 3269
64 123 146 162 152

691 122 1095 165 ΟΜΗΡΟΥ

233 233 330 282 τοῖς
360 228 405 274 6’
436 228 526 286 ἅμα
553 230 884 285 τεσσαράκοντα
911 236 1113 306 μέλαιναι
1143 238 1244 291 νῆες
1274 234 1449 280 ἕποντο.

324 287 524 359 Γουνευς
554 286 596 331 6⁷
630 288 677 331 ἐκ
707 288 870 345 Κύφου
902 297 978 347 ἦγε
1009 291 1101 334 δύω
1132 294 1205 335 καὶ
1236 294 1370 336 εἴκοσι
1402 296 1534 347 νῆας·

233 346 296 400 τῷ
328 343 372 387 δ’
399 343 593 400 Ἐνιῆνες
624 344 804 398 ἕποντο,
837 348 1149 403 μενεπτόλεμοί
1177 365 1222 391 τε
1255 351 1483 406 Περαιβοὶ,

122 405 207 445 750
239 403 282 444 οι
312 401 415 455 περὶ
444 401 671 458 Δωδώνην
702 404 983 463 δυσχείμερον
1014 404 1122 449 οἰκί’
1157 405 1321 458 ἔθεντο,

68 514 144 558 17.)
170 514 218 548 fil.
231 539 241 555 ,
276 514 571 548 celeberrimorum
594 525 680 548 unus
711 516 879 562 Lapitha-

68 572 142 595 rum
167 561 244 594 fuit.
271 573 306 593 v.
328 560 373 600 α’,
392 561 472 599 264,
500 561 605 594 Ovid.
628 561 715 596 Met.
735 565 789 598 12.
811 569 876 596 etc.

113 605 194 648 748,
221 608 256 662 9.
290 605 499 647 Γουνεὺς
523 602 634 648 οὗτος
657 606 780 666 ἕτερός
803 607 878 643 ἐστι

67 651 169 697 παρὰ
194 651 259 687 τόν
283 652 322 686 ἐν
347 654 398 697 τῷ
422 652 641 711 Λυκόφρονι
663 653 878 711 ἐργατην

67 700 132 743 τῆς
157 700 298 755 δίκης
322 700 488 740 Γουνέα,
523 699 607 744 ἤτοι
630 700 696 735 τὸν
718 702 877 736 δι’.)ιαιον

70 744 211 785 εκεῖνος
226 744 309 789 γάρ,
336 746 463 790 φησὶν,
478 744 614 791 ”Αραψ,
632 750 882 805 προσηγορίαν

72 791 166 836 ε’χων
190 790 231 826 τὸ
258 793 420 834 δίκαιος,
455 791 503 833 ὦς
536 794 598 827 καὶ
623 792 641 828 ὁ
667 793 882 839 Ἀριστειδης

69 837 162 882 παρ’
179 835 348 882 Έλλησι·
384 852 451 873 του
487 837 526 873 δε
544 836 755 884 Ομηρικοῦ
786 845 883 876 Γου-

69 884 159 925 νέως
180 886 366 940 βασίλειον
384 882 412 942 ἡ
432 885 611 929 Κύφος,
636 886 751 929 πόλις,
779 888 883 933 φασὶ,

72 931 314 977 Περῤαιβίας,
337 929 412 966 ἀπο
433 931 570 976 Κύφου
588 936 778 989 κληθεῖσα,
795 935 886 970 υἱοῦ

72 979 290 1036 Περραιβοῦ
333 991 400 1013 του
439 979 669 1034 Παλληνέως.
724 981 798 1016 ε’στι
833 980 885 1021 ὁὲ,

71 1027 185 1082 φασὶ,
209 1025 271 1059 καὶ
293 1023 517 1069 Θετταλική,
553 1026 614 1060 καὶ
640 1027 811 1070 ποταμός
844 1026 885 1062 fis

76 1066 125 1115 ἦν
149 1071 293 1115 Κυφος
329 1071 372 1105 Ε.
397 1071 658 1125 Lycophronis
692 1074 807 1108 Schol.
842 1074 885 1108 ad

70 1119 173 1154 902.
208 1137 253 1142 -
286 1118 348 1151 καὶ
386 1113 406 1152 ὁ
431 1117 497 1161 μὲν
522 1118 732 1176 Λυκόφρων
766 1124 829 1155 Γο
843 1133 887 1155 υ-

71 1163 177 1204 νέα,
226 1164 457 1219 Πρόθοον
496 1165 558 1199 καὶ
601 1164 887 1223 Ευρνπυλον

73 1211 128 1250 εἰς
158 1208 304 1267 Λιβύην
337 1210 453 1254 φησὶν
486 1209 681 1246 ἀπελθεῖν
717 1210 888 1249 Ἀπολλό-

77 1258 199 1300 δωρος
233 1255 274 1291 δὲ
305 1256 368 1291 καὶ
405 1270 441 1291 οι
477 1257 601 1292 λοιποὶ
642 1256 740 1294 ου’τω
783 1262 887 1306 φασί.

78 1301 273 1346 ,,Γουνεύς
298 1304 350 1341 εἰς
373 1301 541 1347 Λιβυην,
571 1304 688 1339 λιπων
712 1320 778 1347 τας
802 1320 888 1342 εαυ-

76 1350 146 1384 τοῦ
170 1350 274 1391 ναῦς,
301 1347 363 1383 ἐπὶ
384 1352 538 1397 Κίνυφα
554 1350 727 1394 ποταμὸν
752 1352 887 1394 ἐλθών,

75 1399 261 1437 κατοικεῖ,
303 1392 353 1436 ὡς
392 1396 454 1431 καὶ
490 1397 601 1436 οὗτος
638 1398 887 1454 (Lycophron)

77 1443 190 1487 φησὶ,
229 1439 425 1486 Μάγνητες
463 1441 503 1477 δε
539 1444 601 1477 καὶ
631 1444 818 1503 Πρόθοος
851 1459 890 1481 εν

77 1488 236 1547 Εὐβοίᾳ
259 1488 344 1532 περὶ
377 1487 444 1524 τὸν
479 1489 662 1534 Καφηρέα
699 1491 767 1527 σῦν
799 1495 889 1527 πολ-

76 1539 155 1578 λοῖς
179 1535 316 1579 ετέροις
326 1536 642 1591 διαφθείρονται.
678 1537 890 1574 Νεοπτόλε-

77 1595 146 1628 μος
181 1580 222 1617 δὲ
245 1579 338 1637 μετὰ
374 1580 402 1624 ζ’
435 1579 575 1636 ἡμέρας
608 1585 699 1631 πεζῇ
731 1587 781 1626 εἰς
806 1588 890 1620 Μο-

77 1627 234 1668 λοσσοὺς
274 1625 422 1671 damae
463 1627 557 1672 μετὰ
587 1621 754 1673 Ελένου,
793 1629 889 1666 καθ’

79 1674 174 1712 ὁδοῦ
198 1672 333 1719 θάψας
352 1674 417 1710 τὸν
441 1676 609 1710 Φοίνικα.
641 1680 710 1713 τοῦ
732 1677 772 1713 δὲ
790 1681 891 1721 Προ-

79 1721 182 1758 θόου
217 1721 301 1765 περὶ
335 1720 404 1756 τὸν
439 1723 621 1766 Καφηρέα
653 1724 890 1769 ναυαγήσαν-

79 1782 165 1810 τος,
200 1778 236 1802 οι
261 1766 328 1802 adv
360 1766 461 1824 αυτῷ
487 1769 682 1814 Μάγνητες
708 1773 760 1810 εἰς
785 1770 889 1816 Κρή-

79 1829 147 1861 την
178 1813 348 1859 ριφέντες
379 1813 540 1860 ὤκησαν.
596 1829 639 1850 ex
674 1818 798 1862 quibus
831 1830 891 1851 ne-

80 1873 250 1907 quaquam
283 1867 448 1905 apparet‚
490 1861 593 1895 alium
628 1875 705 1898 esse
730 1865 890 1897 Guneum

82 1908 246 1947 Homeri,
280 1907 380 1940 alium
419 1908 672 1961 Lycophronis.
719 1910 892 1955 pertinent

82 1959 196 1988 autem
230 1954 315 1987 haec
349 1954 390 1986 ad
417 1952 612 1997 Νόστονς,
649 1956 724 1989 sive
760 1956 891 1989 reditus

85 2000 289 2034 Achivorum
311 1999 422 2043 Troja
445 2008 652 2044 expugnata.
678 2014 710 2035 v.
735 2001 892 2046 Apollod-

84 2047 155 2091 He)
155 2057 197 2079 ιι.
220 2057 254 2090 p.
274 2046 355 2086 386,
368 2047 401 2081 7.
427 2049 627 2087 „Aenianes
650 2047 893 2092 (Ἐνιῆνες,

84 2093 176 2137 quod
201 2103 323 2125 nomen
349 2093 456 2125 habet
479 2093 580 2126 etiam
606 2094 736 2128 Herod.
756 2096 789 2136 7,
814 2096 892 2129 185-

85 2151 101 2173 ε
126 2144 161 2171 et
186 2151 224 2171 αι
245 2137 381 2171 misceri
404 2139 541 2172 solent
534 2151 568 2172 ιιι
594 2140 722 2184 libris.)
748 2145 783 2174 et
816 2142 895 2173 Per—

84 2186 218 2225 rhaebi,
244 2188 365 2227 gentes
391 2184 611 2228 Pelasgicae,
635 2193 789 2231 tempore
813 2186 895 2220 belli

87 2230 230 2274 ''lrojani
262 2230 347 2262 alias
380 2242 478 2274 quam
512 2242 595 2275 quas
635 2233 767 2266 seriore
809 2243 894 2266 aevo

86 2276 292 2310 Thessaliae
312 2283 432 2320 partes
453 2284 574 2310 tenuei
578 2283 656 2311 unt
681 2291 756 2313 nam
776 2284 897 2322 postea

87 2323 258 2357 Aenianes
283 2322 417 2366 quidem
444 2323 488 2355 ad
514 2330 665 2357 austrum
690 2326 726 2358 in
751 2323 895 2359 Oetaeis

87 2369 258 2402 montibus
279 2375 315 2401 et
331 2368 374 2400 ad
393 2369 564 2412 Sperchei
588 2371 694 2423 ripas,
722 2372 896 2404 Perrhae-

90 2415 122 2449 bi
153 2426 259 2455 vero,
292 2425 377 2458 quos
410 2414 509 2447 metri
543 2417 657 2459 gratia
684 2416 897 2463 Περαιβοῦς

89 2461 178 2494 dixit
212 2464 336 2505 poeta,
373 2460 418 2493 ad
443 2460 586 2495 Pindum
612 2463 820 2497 habitaiQunt
864 2475 896 2496 v.

88 2507 214 2540 Strabo
240 2508 272 2540 9.
297 2518 332 2550 p.
354 2506 433 2547 654,
455 2507 494 2548 A,
516 2507 558 2547 C,
582 2509 639 2552 qui
664 2508 753 2543 idem
773 2509 897 2543 Aenia-

91 2564 151 2587 nes
175 2557 211 2586 et
234 2553 438 2586 Athamanes
463 2554 673 2588 confundere
699 2557 838 2589 videtur

91 2600 171 2640 674,
197 2599 239 2639 C,
264 2604 298 2631 et
323 2600 404 2640 675,
428 2600 491 2632 A.-
482 2624 491 2640 ‚
518 2611 711 2645 quanquam
745 2607 780 2635 et
803 2602 853 2634 illi
877 2613 896 2634 e

91 2645 174 2680 locis
198 2644 290 2678 circa
311 2645 463 2684 Dotium,
488 2646 578 2679 haud
603 2647 703 2691 longe
729 2660 749 2681 a
759 2648 896 2702 ΗΒοεὺ8,

92 2690 224 2744 expulsi
259 2701 278 2722 a
311 2691 470 2736 Lapithis
506 2699 723 2727 recesserunt
758 2693 791 2726 in
813 2694 898 2737 juga

93 2736 206 2778 Pindi,
227 2736 371 2780 Epirum
395 2738 438 2770 ab
462 2739 641 2772 occidente
665 2739 900 2773 intercluden-

93 2785 149 2826 tis‚
173 2784 380 2827 tandemque
402 2783 493 2816 inter
516 2785 579 2827 111)
584 2796 674 2819 ritas
695 2791 815 2829 gentes
836 2786 898 2818 ob-

94 2833 270 2865 limet-unt
304 2834 340 2862 at
353 2829 516 2872 Trojanis
541 2832 753 2884 temporibus
771 2831 898 2866 Aenia-

94 2889 154 2911 nes
179 2888 252 2911 cum
267 2875 477 2909 Perrhaebis
501 2878 700 2920 conjunctos
719 2890 739 2911 a
759 2884 899 2923 septen-

95 2924 209 2958 trione
224 2923 329 2956 Penei
353 2922 528 2955 habitasse
545 2934 684 2957 necesse
709 2930 769 2958 est.
811 2925 896 2958 Per-

97 2971 298 3004 ihaeborum
317 2968 464 3014 quidem,
491 2982 511 3003 a
524 2969 682 3014 Lapithis
702 2971 897 3015 fugatorum

925 520 979 562 (v.
1004 531 1082 552 ann.
1108 519 1151 552 ad
1177 519 1296 564 729),
1324 520 1382 553 alii
1420 520 1456 553 in
1480 517 1611 553 boreali
1636 523 1735 564 parte

926 565 1130 598 Thessaliae
1165 565 1245 606 illa,
1290 578 1378 610 quae
1423 572 1458 599 et
1491 565 1566 609 ipsa
1610 565 1736 599 deinde

925 611 1137 644 Perrhaebia
1150 611 1243 645 dicta
1260 617 1323 655 est,
1337 612 1531 645 habitarunt
1542 611 1586 645 ad
1607 623 1736 645 amnem

926 657 1147 691 Titaresium.
1198 663 1302 701 atque
1333 658 1410 691 istis
1444 659 1579 703 quidem
1607 658 1644 691 in
1679 670 1736 691 re-

928 704 1090 747 gionibus
1130 705 1326 748 quaerenda
1372 709 1424 737 est
1473 705 1607 748 Cyphus
1655 705 1736 737 urbs

929 750 1205 783 Perrhaeborum
1253 761 1328 783 cum
1378 754 1491 783 monte
1545 749 1737 794 cognomini

930 796 1067 839 (Strab.
1096 807 1130 840 p.
1153 796 1239 838 675,
1261 797 1331 840 Α.).
1378 807 1490 829 eorum
1512 807 1592 839 pars
1617 797 1651 829 in
1677 808 1738 829 an-

930 849 1050 896 gustas
1075 842 1174 875 sedes
1199 843 1371 887 compulsa
1396 842 1462 876 fuit
1486 842 1549 875 sub
1578 842 1738 886 Oljmpo,

930 889 965 922 in
990 887 1116 921 vicinia
1143 888 1387 928 Macedonum;
1422 899 1503 932 pars
1527 888 1633 932 major
1658 899 1739 921 con-

932 934 1036 968 cessit
1061 934 1103 967 ad
1129 939 1260 968 montes
1286 936 1506 968 Athamanum
1532 940 1568 967 et
1592 934 1635 967 ad
1655 934 1739 967 Pin-

933 981 1011 1014 dum
1033 980 1169 1023 (strab.
1207 992 1239 1025 p.
1265 982 1344 1021 675,
1369 981 1449 1022 1333
1484 980 1541 1013 ubi
1566 980 1656 1013 inter
1681 991 1740 1014 eos

933 1028 1159 1060 consederunt
1177 1026 1375 1068 Dorienses,
1397 1027 1505 1059 donec
1522 1026 1556 1059 hi
1575 1026 1609 1059 in
1625 1026 1742 1070 Dryo-

934 1072 1047 1118 pidem
1068 1072 1316 1116 immigrarunt,
1343 1085 1431 1118 quae
1451 1073 1531 1105 inde
1549 1072 1653 1105 Doris
1677 1084 1741 1117 ap-

932 1119 1062 1163 pellata
1088 1125 1151 1152 est.
1187 1120 1236 1161 (v.
1264 1120 1367 1152 Obss.
1394 1120 1437 1152 ad
1463 1119 1620 1162 Apollod.
1645 1119 1680 1158 2,
1705 1119 1740 1161 7,

933 1167 980 1205 7.
1008 1177 1039 1208 ρ.
1067 1163 1142 1199 194.
1169 1171 1204 1198 et
1228 1165 1344 1198 Schol.
1369 1165 1510 1198 Pindari
1534 1176 1568 1209 p.
1595 1167 1635 1204 1,
1662 1166 1741 1199 121.

935 1211 989 1247 8(1.
1009 1212 1141 1256 Ηεὶιι.)
1161 1211 1343 1244 Strabonis
1368 1211 1500 1255 quidem
1525 1215 1643 1243 aetate
1666 1210 1742 1244 nul-

934 1258 988 1291 lae
1011 1263 1073 1291 aut
1097 1269 1261 1301 perquam
1288 1257 1433 1300 exiguae
1455 1260 1661 1308 supererant
1683 1268 1742 1290 eo—

933 1315 1007 1337 rum
1033 1303 1212 1346 reliquiae.
1247 1303 1355 1335 minus
1371 1302 1553 1346 perspicue
1577 1303 1661 1336 haec
1681 1314 1743 1336 ex—

936 1350 1049 1394 posuit
1082 1349 1320 1382 Hemsterhus.
1365 1349 1407 1382 ad
1442 1348 1619 1392 Aristoph.
1654 1348 1742 1381 Plut.

937 1395 1051 1429 Schol.
1085 1406 1119 1439 p.
1148 1397 1224 1430 116.
1249 1398 1357 1439 sequ.‘
1349 1397 1372 1413 ‘⁶
1408 1396 1460 1428 Ex
1478 1395 1524 1428 H.
1559 1395 1602 1429 cf.
1630 1394 1670 1428 C.
1696 1395 1742 1428 Ο.

936 1442 1075 1476 Miiller.
1110 1441 1131 1474 l.
1169 1453 1197 1473 c¹
1233 1442 1267 1476 2.
1302 1442 1357 1475 25.
1392 1453 1488 1486 seqq.
1538 1444 1572 1473 et
1606 1452 1640 1484 p.
1673 1439 1743 1482 44„

936 1488 1175 1522 Wachsmuth.
1198 1487 1221 1519 l.
1247 1499 1276 1520 c.
1306 1492 1344 1528 1,
1371 1490 1403 1522 1.
1441 1500 1475 1532 p.
1501 1485 1557 1522 46.
1584 1487 1629 1519 U.

981 1541 1061 1575 750.
1109 1552 1151 1573 ex
1186 1540 1252 1573 hoc
1287 1544 1360 1572 toto
1394 1540 1468 1574 loco
1500 1540 1579 1574 inde
1611 1552 1631 1574 a
1663 1543 1743 1576 681.

936 1585 1163 1630 intelligitur,
1200 1586 1402 1618 Thessaliae
1423 1592 1542 1629 partes
1566 1588 1746 1621 interiores

935 1632 1005 1666 isto
1031 1644 1116 1666 aevo
1142 1631 1250 1665 minus
1280 1643 1458 1673 accessaS‚
1494 1634 1661 1667 litterales
1685 1645 1747 1667 au-

936 1681 1004 1712 tem
1030 1689 1150 1722 magno
1176 1677 1344 1711 hominum
1380 1679 1471 1711 cultu
1507 1679 1747 1723 frequentatas

937 1724 1062 1765 inisse,
1096 1724 1264 1768 siquidem
1300 1725 1372 1757 fere
1397 1736 1436 1758 ex
1462 1725 1637 1758 maritimis
1661 1725 1747 1759 locis

938 1770 1086 1815 profecti
1110 1776 1189 1803 sunt
1213 1771 1386 1811 Thessali,
1413 1771 1469 1814 qui
1488 1772 1663 1814 Trojanae
1687 1783 1747 1805 ex-

939 1816 1108 1860 peditioni
1136 1816 1338 1849 interfuere
1387 1817 1601 1850 advenerunt
1632 1822 1747 1851 tamen

939 1862 1038 1896 etiam
1083 1874 1102 1894 a
1137 1863 1284 1895 Dodona
1313 1862 1415 1906 Epiri
1450 1863 1585 1896 excitae
1626 1863 1748 1908 copiae

941 1909 1212 1942 Perrhaeborum
1236 1920 1247 1948 3
1297 1920 1396 1952 quam
1440 1909 1555 1942 urbem
1607 1909 1749 1954 primum

941 1954 1099 1988 Chaones
1130 1954 1363 1995 incoluerunt,
1399 1954 1522 1988 deinde
1545 1955 1749 2000 Thesproti,

940 2006 1009 2034 tum
1035 2000 1190 2034 Molossi.
1239 2000 1429 2034 Perrhaebi
1454 2005 1489 2034 et
1503 2001 1672 2036 Aenianes
1692 2012 1749 2035 us-

940 2058 1007 2091 que
1032 2046 1073 2080 ad
1098 2045 1266 2080 Herodoti
1290 2047 1483 2080 memoriam
1508 2047 1630 2081 vicinis
1656 2048 1749 2081 sedi-

940 2094 1003 2126 bus
1036 2092 1254 2126 habitarunt:
1291 2104 1323 2125 v.
1359 2093 1491 2126 Herod.
1524 2095 1566 2133 7,
1602 2095 1679 2128 185.
1713 2099 1750 2126 et

941 2139 1062 2193 Steph.
1097 2138 1203 2182 Byz„
1238 2149 1293 2181 ap.
1327 2149 1425 2182 quem
1448 2138 1594 2182 legitur.
1627 2140 1748 2180 Αἰνία,

940 2183 1046 2223 πόλις
1083 2182 1313 2229 Περραιβων.
1351 2184 1406 2216 Ex
1439 2185 1483 2218 H.
1528 2185 1571 2219 de
1605 2186 1751 2218 Dodona

941 2231 1025 2264 urbe
1049 2231 1299 2270 Paus.1‚17..
1325 2231 1391 2274 τῆς
1417 2229 1457 2265 δὲ
1478 2232 1557 2286 γῆς
1557 2232 1633 2285 τῆς
1656 2233 1750 2266 Θεσ-

940 2278 1143 2333 πρωτίᾷος
1156 2275 1231 2311 ἐστι
1255 2276 1321 2319 μέν
1353 2289 1428 2334 πρυ
1452 2290 1514 2312 και
1543 2273 1634 2312 ἄλλα
1657 2276 1752 2318 θέας

943 2321 1041 2365 ἄξια,
1068 2321 1168 2366 ἱερόν
1191 2334 1230 2356 τε
1254 2322 1349 2362 Διὸς
1374 2321 1413 2358 ἐν
1437 2322 1664 2370 Δωδωνῃ,
1688 2338 1749 2359 και

944 2369 974 2404 iz
960 2383 1029 2422 poc·
1049 2371 1118 2404 τοῦ
1142 2370 1240 2403 θεον
1274 2368 1404 2413 φηγός.
1452 2371 1637 2404 Strabonis
1661 2371 1749 2404 libro

943 2415 1086 2460 septimo
1127 2420 1279 2449 extremo
1321 2416 1408 2449 haec
1443 2416 1619 2460 adscripta
1658 2422 1750 2458 sunt,

943 2473 1033 2506 quae
1067 2461 1170 2495 miror
1195 2461 1264 2504 legi
1296 2461 1387 2495 inter
1423 2462 1502 2507 ipsa
1533 2464 1642 2496 verba
1667 2474 1751 2506 geo·

944 2508 1087 2562 graphi:
1128 2508 1297 2547 Σουῖδας
1341 2506 1402 2548 δε,
1438 2511 1517 2547 τοῖς
1554 2510 1752 2549 Θετταλοῖς

862 2568 896 2600 p.
942 2552 1131 2598 μυθωδεις
1143 2552 1274 2610 λόγους
1293 2551 1642 2598 προσχαριζόμενος,
1661 2554 1754 2590 ἐκεῖ·

944 2600 1014 2635 θέν
1038 2600 1076 2634 τέ
1101 2611 1214 2645 φησιν
1239 2604 1333 2634 εἰναι
1360 2599 1402 2634 τὸ
1421 2599 1521 2643 ἱερὸν
1546 2601 1661 2644 (Jovis
1679 2601 1751 2634 Do-

943 2646 1084 2689 donaei)
1101 2646 1406 2690 μετενηνεγμένον
1424 2644 1462 2681 ἐκ
1481 2647 1546 2702 τῆς
1564 2647 1645 2690 περι
1656 2649 1754 2682 Σκο-

942 2704 1104 2727 τουσσαν
1124 2695 1338 2749 Πελασγίας.
1364 2691 1438 2727 ἔστι
1462 2691 1500 2727 6'
1524 2689 1547 2736 ἡ
1565 2694 1754 2729 Σκοτοῦσ-

947 2751 994 2774 σα
1028 2741 1093 2783 τῆς
1125 2737 1420 2783 Πελασγιωτιδος
1454 2740 1665 2780 Θετταλίας.
1707 2740 1759 2775 cf

944 2786 1055 2831 ipsum
1079 2787 1281 2820 Strabonem
1309 2787 1350 2827 9,
1374 2787 1408 2821 5.
1442 2796 1475 2830 p.
1499 2787 1579 2821 673.
1611 2791 1646 2820 et
1677 2785 1755 2820 Rit-

945 2832 1012 2867 teri
1050 2833 1212 2866 Vorhalle
1240 2832 1371 2874 Europ.
1408 2831 1427 2864 l
1430 2831 1753 2877 &lkergeschichten

946 2890 979 2923 p.
1003 2880 1227 2917 381—391„
1246 2875 1339 2919 455,
1363 2877 1562 2968 itidemlquq)
1574 2879 1617 2912 ab
1641 2878 1752 2912 altera

946 2930 1046 2969 parte
1080 2924 1317 2957 Wachsmuth.
1355 2923 1377 2957 1.
1410 2935 1441 2959 c.
1476 2927 1507 2959 1.
1541 2935 1573 2968 p.
1605 2925 1685 2960 310.
1718 2927 1753 2957 et

946 2971 987 3003 C.
1013 2971 1057 3006 0.
1084 2970 1222 3004 Miilleri
1247 2969 1404 3014 Aeginet.
1430 2982 1463 3014 p.
1487 2970 1576 3012 159„
1599 2980 1686 3015 quos
1708 2968 1752 3003 li-
