1811 3269
108 156 193 199 238

745 162 1144 205 ΟΜΗΡΟΥ

278 269 332 313 οὐ
359 272 439 325 μὲν
472 270 605 314 Τυδέϊ
633 269 675 326 γ’
706 266 792 316 ὦδε
825 274 959 345 φίλον
989 274 1293 330 πτωσκαζέμεν
1322 271 1413 330 ἦεν,

276 324 385 370 ἄλλα
414 326 528 371 πολύ
558 342 644 399 προ
677 329 822 384 φίλων
855 330 1022 385 ἑτάρων
1052 333 1216 400 δηΐοισι
1243 331 1473 401 μάχεσθαι,

277 400 336 434 ως
366 383 538 455 φοέσαν,
571 386 619 427 οἴ
644 401 720 441 μιν
747 387 899 431 ἴδοντο
928 386 1312 459 πονεύμενον·οὐ
1343 388 1426 444 γὰρ
1458 390 1589 447 ἔγωγε

164 441 246 485 375
275 439 443 513 ἤντησζ
476 439 581 483 οὐδὲ
610 442 734 485 ίδον·
771 445 870 497 περὶ
900 443 944 487 δ’
978 444 1140 487 ἄλλων·
1137 445 1260 500 -φασὶ
1287 445 1504 499 γενέσθαι.

277 502 375 552 ῆτοι
404 514 484 566 μεν
513 497 598 551 γοὶρ
630 496 729 552 ἄτερ
758 500 951 556 πολέμου
981 501 1166 570 εἰσῆλθε
1184 502 1403 575 Μυκήνας

277 556 414 605 ξεῖνος
443 552 526 607 ἅμ’
559 553 746 614 ἀντιθέῳ
778 558 1056 609 Πολυνείκεϊ,
1089 555 1199 601 λαὸν
1228 557 1428 613 ἀγείρων,

276 612 324 654 οἵ
350 610 405 664 ῥα
434 609 530 654 τότ’
559 602 861 665 ἐστρατόωνθ’
893 614 987 668 ἱερὰ
1018 612 1129 668 πρὸς
1158 616 1296 684 τείχεα
1329 616 1490 685 Θήβης,

274 668 349 710 καί
380 667 436 722 ῥα
465 668 581 722 μάλα
609 671 808 714 λίσσοντο
841 669 975 726 δόμεν
1003 669 1200 722 κλειτοὺς
1214 671 1507 740 ἐπικούρους.

161 728 244 768 380
275 726 319 767 οἱ
349 724 390 767 δ’
426 726 581 769 ἔθελον
612 728 816 783 δόμεναι,
847 728 921 772 καὶ
950 727 1160 798 ἐπῄνεον,
1193 725 1252 779 ὥς
1282 727 1503 773 ἐκέλευον·

277 779 388 824 ἆλλοὶ
419 781 530 834 Ζεὺς
557 783 730 841 ἔτρεψε,
762 786 975 856 παραίσια
1005 784 1176 855 σήματα
1205 785 1395 840 φαίνων.

276 839 320 881 οἱ
349 836 394 882 δ’
425 839 516 882 ἐπεὶ
546 842 629 883 οὐν
659 840 816 898 ᾤχοντ’
846 840 923 912 ἠδὲ
951 841 1038 895 πρὸ
1072 840 1181 885 ὁδοῦ
1211 841 1427 896 ἐγένοντο,

271 892 471 939 Ἀσωπον
502 895 543 940 δ’
574 898 726 941 ἵκοντο
758 898 1086 954 βαθύσχοινον,
1117 900 1359 969 λεχεποίην,

276 951 378 995 ἔνθ’
409 951 509 996 αὕτ’
539 952 744 1010 ἀγγελίην
773 955 841 998 ἔπι
877 957 1000 1025 Τυδῆ
1037 959 1211 998 στεῖλαν
1237 953 1414 1011 Ἀχαιοί.

162 1011 246 1054 385
278 1007 420 1064 αὐταρ
452 1008 476 1053 ὁ
507 1012 584 1066 βῆ,
616 1011 778 1063 πολέας
806 1027 852 1055 τε
880 1010 1088 1070 κιχήσατο
1119 1014 1406 1068 Καδμείωνας

101 1121 193 1156 inter
206 1126 385 1166 utramque
401 1121 522 1164 aciem,
542 1133 609 1168 quo
627 1123 820 1168 procedunt
834 1136 919 1159 con-

102 1171 322 1202 currentes.“
360 1168 461 1202 aliter
479 1174 594 1203 tamen
617 1170 685 1211 W,
712 1182 732 1204 a
755 1182 822 1216 quo
851 1182 919 1205 non

103 1214 312 1248 dissentiens
322 1214 487 1259 Kopkeus
507 1215 594 1249 libro
612 1228 719 1260 germ.
732 1217 776 1250 de
787 1228 826 1251 re
838 1217 918 1253 bell.

103 1261 170 1294 Gr.
198 1272 231 1305 p.
251 1261 330 1296 179.
354 1260 404 1293 ita
428 1261 568 1295 scribit:
592 1262 697 1302 „Wir
713 1262 838 1296 wissen
857 1274 918 1297 aus

102 1306 241 1347 Homer,
269 1305 349 1339 dass
367 1306 423 1339 die
441 1307 574 1350 griech.
587 1309 716 1342 Volker
732 1309 919 1343 nazionen-

101 1352 210 1385 weise
230 1351 275 1385 im
299 1353 414 1405 Lager
433 1353 599 1395 standen,
621 1355 722 1398 jedes
743 1355 800 1389 sur
822 1355 918 1397 sich3

102 1399 184 1432 dass
203 1398 304 1442 jedes
323 1399 418 1431 seine
437 1399 562 1433 Pferde
585 1411 617 1433 ιι.
638 1401 774 1444 Wagen
790 1412 917 1446 vorge-

100 1444 219 1485 stellt,
256 1456 289 1478 ιι.
317 1444 379 1478 das
411 1444 583 1479 Fussvolk
613 1446 760 1480 hinter
748 1459 828 1491 Jene
852 1459 916 1492 ge-

101 1489 198 1524 stellt
216 1491 298 1531 hat3
322 1501 355 1525 u.
375 1490 455 1524 dass
477 1503 515 1525 so
525 1492 827 1527 Zwischenrafime
841 1494 915 1528 sich

103 1536 236 1578 bilden,
270 1536 406 1569 welche
431 1537 531 1572 Hom.
543 1563 554 1580 ‚
588 1539 669 1572 weil
704 1539 754 1572 sie
779 1539 914 1583 gleich-

100 1593 174 1617 sam
198 1583 264 1616 den
288 1582 398 1627 Krieg
426 1583 487 1616 mit
516 1584 591 1617 dem
617 1585 748 1629 Kriege
772 1585 915 1619 verbin-

100 1628 275 1672 den,‹1ie
294 1629 454 1662 ΒνιῖεΙιοη
469 1630 530 1663 des
553 1631 700 1675 Krieges
716 1636 833 1672 neunt,
858 1630 915 1676 γε’-

101 1687 223 1719 φυραι
245 1673 434 1718 πολέμου.
424 1677 447 1693 ‘
471 1676 560 1709 hanc
575 1676 779 1711 sententiam
796 1689 914 1712 veram

101 1733 200 1764 esse,
226 1732 267 1755 ex
284 1721 350 1754 hoc
376 1720 452 1774 ipso
477 1721 552 1756 loco
577 1722 720 1757 maxime
749 1722 915 1768 intelligi-

100 1773 176 1802 tur:
200 1778 311 1811 neque
335 1766 422 1800 enim
444 1772 498 1800 est
526 1768 664 1812 ignavi,
701 1780 802 1813 quem
827 1769 914 1803 dicit

98 1815 232 1858 Agam„
257 1812 446 1867 respicere
454 1812 498 1848 τὸ
524 1815 750 1858 μεταίχμιον,
770 1814 804 1848 in
822 1815 914 1860 quod

100 1860 159 1894 die
194 1858 317 1903 proelii
350 1859 449 1913 primi
485 1860 699 1894 descendunt
728 1860 914 1906 πρόμαχοι

99 1912 138 1941 et
160 1903 338 1938 fortissimi
366 1905 494 1958 quique
518 1907 723 1948 bellatores,
747 1907 827 1941 dein
848 1907 914 1941 toti

101 1951 294 1992 exercitus,
319 1951 382 1984 sed
408 1951 482 1984 vias
507 1952 566 1986 ille
591 1957 626 1986 et
651 1952 832 1987 intervalla
855 1965 914 1987 ca-

101 2003 250 2032 strorum
285 1996 538 2042 circumspicit,
574 1999 699 2043 quibus
731 1999 799 2033 viis
830 1999 915 2044 fuga

101 2045 260 2079 elabatur
283 2053 390 2088 seque
414 2044 456 2076 ad
482 2056 586 2078 naves
617 2044 774 2090 recipiat.

148 2091 228 2125 372.
278 2090 423 2133 φίλον
448 2087 542 2134 ἦεν.
567 2103 600 2124 v.
617 2091 695 2126 345.
743 2102 913 2126 πτωσκ.

102 2147 124 2170 a
146 2134 347 2176 πτώσσειν,
373 2135 566 2172 πτώσκειν.
602 2137 706 2171 Scin:
731 2151 916 2172 πτωκα-

101 2181 252 2227 ζὲμεν.
277 2181 436 2226 (vulgata
461 2183 539 2217 olim
563 2183 769 2230 scriptura.)
801 2198 915 2219 κατα-

99 2228 306 2269 πτώσσειν,
330 2229 482 2274 δειλιᾷν.

149 2277 229 2310 373.
269 2275 398 2328 ,πολύ
422 2288 512 2319 προ
540 2276 693 2320 φίλων
718 2274 776 2311 ἓτ.
815 2276 916 2320 longe

101 2327 184 2356 ante
207 2320 320 2355 socios
342 2332 424 2356 suos
441 2333 502 2356 seu
516 2322 772 2367 commilitones,
796 2326 916 2368 utpote

100 2367 302 2413 πρόμαχος.

148 2413 229 2450 374.
278 2425 379 2449 πον.
420 2413 690 2457 (πονούμενον.
723 2427 759 2449 ν.
786 2415 913 2450 Matth.

102 2462 136 2503 ἓ.
161 2461 237 2504 49.)
260 2457 532 2516 ἐπιπονοῦντα,
557 2461 777 2505 μαχόμενον.
807 2463 890 2496 Sch.

149 2508 230 2541 375.
260 2503 365 2566 ,ἥντ.
392 2506 602 2550 συνέτυχον.
638 2508 746 2564 πέρι
772 2506 813 2543 δ’
839 2507 915 2543 ἄλ-

103 2555 202 2587 λων.
246 2550 330 2587 αντὶ
365 2555 434 2588 τοῦ
467 2551 560 2597 ὑπερ
585 2553 674 2594 τούς
700 2553 835 2595 ἄλλους
859 2554 914 2589 λε’-

101 2611 233 2680 {evang
259 2597 378 2679 ιαὐτὸν
409 2599 597 2645 γεγονέναι
627 2599 812 2645 ἀνδρεῖον.
850 2602 915 2645 (cf.

127 2646 176 2688 6)
238 2657 278 2678 ci

148 2692 229 2727 376.
253 2691 408 2725 Diomedi
427 2692 500 2725 viso
520 2692 707 2726 remissiori
721 2694 785 2738 Ag.
800 2703 916 2727 exem-

102 2737 179 2783 plar
204 2738 367 2781 proponit
393 2744 523 2782 patrem
548 2740 623 2783 ejus
648 2740 827 2782 'Iydeum,
852 2739 911 2783 qui

102 2784 283 2828 praeclare
305 2794 375 2816 rem
401 2785 528 2828 gessit,
562 2797 635 2818 cum
669 2785 745 2819 olim
776 2786 910 2828 legatus

102 2829 307 2874 Argivorum
341 2829 385 2862 ad
420 2831 593 2864 Eteoclen]
632 2843 748 2875 regern
788 2832 911 2865 missus

102 2881 196 2910 esset
219 2876 382 2916 Thebas3
419 2888 486 2919 qua
516 2877 691 2920 legatione
722 2877 824 2911 irrita
849 2889 909 2911 ex-

100 2922 190 2956 arsit
215 2921 359 2966 primum
383 2922 505 2955 bellum
541 2924 756 2957 Thebanum.
800 2936 832 2959 v.
858 2925 909 2957 A-

101 2968 228 3012 pollod.
256 2970 297 3009 1,
323 2970 377 3009 8.;
402 2969 444 3008 3,
470 2970 525 3009 6.‚
552 2969 652 3003 Diod.
678 2971 750 3004 Sic.
770 2968 814 3011 4,
839 2972 907 3011 65.,

101 3014 222 3060 Eurip.
252 3014 380 3049 Phoen.
399 3015 475 3053 3751
495 3025 591 3059 seqq.
616 3020 682 3051 etc.
717 3035 762 3041 —
806 3016 908 3052 Scins

965 1123 1081 1171 ἄτερ
1104 1128 1202 1162 πολ.
1234 1125 1346 1170 χωρις
1377 1125 1576 1169 πολεμικῆς
1607 1121 1775 1168 παρατά-

964 1174 1067 1217 ξεως.
1100 1193 1146 1198 -
1175 1184 1244 1206 non
1269 1174 1376 1214 bello,
1406 1172 1468 1206 sed
1494 1182 1568 1205 cum
1592 1182 1701 1216 pace,
1735 1173 1774 1202 ut

965 1220 1025 1266 qui
1051 1219 1168 1254 caedis
1193 1230 1295 1253 causa
1319 1219 1486 1252 exularet.

1011 1267 1091 1301 377.
1138 1264 1255 1300 λαὸν
1289 1262 1355 1309 ἆγ.
1365 1289 1376 1306 ,
1409 1265 1526 1308 copias
1554 1272 1683 1305 cogens
1713 1271 1773 1295 seu

965 1313 1196 1353 conscribens,
1222 1312 1266 1345 de
1288 1315 1434 1355 conatu,
1460 1308 1552 1355 quod
1575 1309 1695 1353 ajunt,
1719 1307 1775 1341 di-
1810 1350 1811 1356 ἵ

965 1363 1055 1393 ctum
1081 1363 1155 1400 est,
1181 1361 1220 1391 ut
1243 1356 1508 1400 ἐστρατόωντο.

1007 1405 1088 1440 378.
1136 1416 1155 1438 ο
1169 1418 1182 1438 ι
1216 1402 1283 1448 ῥα.
1319 1404 1464 1459 Tydeus
1486 1407 1521 1436 et
1544 1399 1740 1444 Polynices.

1008 1453 1089 1487 379.
1147 1449 1386 1491 κλειτούς.
1445 1446 1633 1491 ἐνδόξους.
1690 1446 1773 1479 Sch.

961 1497 1068 1541 epith.
1094 1497 1238 1530 solenne
1261 1496 1454 1532 sociorum.
1487 1507 1520 1529 v.
1545 1492 1586 1537 ζ,
1609 1493 1700 1536 227,

961 1544 1031 1578 220
1051 1548 1118 1576 etc.

1006 1590 1095 1627 380,
1122 1589 1177 1623 81.
1227 1587 1270 1623 οὶ
1297 1587 1358 1623 δέ.
1395 1585 1579 1631 Mycenaei
1607 1585 1682 1619 sive
1707 1585 1773 1618 Ar-

962 1634 1045 1679 givi.
1071 1635 1171 1669 Sch:
1206 1631 1271 1669 ἐπ.
1297 1635 1628 1688 συγκατετίθεντο,
1663 1629 1775 1685 συνή-

960 1693 1066 1715 νονν.
1103 1681 1246 1723 (revera
1273 1680 1397 1725 Argivi
1422 1680 1515 1724 pacti
1539 1684 1619 1712 sunt
1651 1681 1687 1711 et
1709 1678 1774 1711 mi-

960 1726 1218 1770 seruntTydeo
1239 1732 1274 1760 et
1290 1725 1442 1771 Polynici
1462 1724 1618 1767 auxilia.)
1646 1722 1719 1768 ετρ
1731 1736 1774 1758 ε-

960 1781 990 1818 ‘tp
1003 1785 1030 1808 ε.
1067 1772 1235 1807 ἐκώλυσε.
1265 1772 1436 1816 (pertinet
1454 1772 1519 1805 hoc
1537 1771 1580 1804 ad
1600 1770 1773 1804 infelicem

960 1820 1088 1854 exitum
1113 1819 1192 1853 belli
1218 1821 1249 1853 1.
1275 1817 1448 1852 'lhebani.
1483 1818 1605 1851 evertit
1627 1828 1698 1850 rem
1713 1817 1775 1851 Ju-
1807 1822 1809 1830 '

960 1866 1074 1911 piter‚
1099 1876 1162 1898 nec
1191 1870 1350 1898 eventum
1379 1864 1507 1897 habere
1536 1874 1659 1908 passus
1689 1863 1773 1907 est.)

959 1924 1067 1954 παρ.
1109 1910 1282 1953 ἐναντία,
1317 1908 1500 1953 παρεκτὸς
1530 1922 1599 1944 του
1633 1909 1772 1952 αἰσίου,

961 1955 985 1993 ὅ
1010 1956 1107 1992 ἐστιν
1132 1958 1182 2002 (2)
1209 1955 1326 1992 ἅπασι
1356 1955 1509 2002 χαλεπα.
1566 1954 1772 2001 σήματα.

960 2007 1106 2050 σημεῖα.

1006 2063 1085 2097 382.
1135 2061 1183 2097 οἱ
1207 2059 1268 2097 δέ.
1305 2060 1400 2119 Tyd.
1425 2064 1462 2095 et
1484 2060 1557 2095 Pol.
1583 2070 1657 2094 cum
1674 2060 1774 2094 auxi-

960 2107 1029 2142 liis.
1079 2108 1183 2141 Sch.:
1219 2105 1288 2155 ᾡχ.
1314 2105 1560 2164 ἐπορεύοντο.
1599 2106 1774 2150 (profecti

961 2158 1061 2187 erant
1084 2144 1257 2197 Thebas)
1303 2151 1325 2196 ἠ
1339 2151 1386 2187 δε
1410 2172 1455 2177 -
1479 2151 1538 2197 ἐγ.
1574 2152 1637 2186 καὶ
1659 2164 1774 2197 προε-

961 2200 1111 2244 γένοντο
1135 2201 1202 2244 τῆς
1226 2197 1425 2245 ἐπιΘήβας
1450 2196 1554 2234 ὁδοῦ.
1582 2199 1672 2242 (cum
1690 2208 1808 2244 pro-2

961 2246 1151 2280 fecissent
1141 2258 1178 2279 in
1197 2246 1334 2280 itinere.
1367 2257 1410 2279 ex
1435 2246 1500 2279 hac
1521 2243 1696 2279 locutione
1714 2256 1773 2279 or-
1804 2243 1810 2300 Ῑ

962 2296 1033 2326 tum
1045 2298 1098 2326 est
1112 2293 1242 2326 seriore
1261 2303 1346 2325 aevo
1363 2292 1485 2325 vocab.
1511 2291 1689 2335 φρουδος,
1704 2303 1772 2336 quo
1804 2311 1807 2340 3

961 2344 1108 2372 utuntur
1131 2341 1256 2383 poetae
1279 2338 1429 2379 scenici,
1453 2337 1609 2383 inprimis
1630 2337 1807 2382 Eurip)

1007 2395 1089 2430 383.
1139 2393 1213 2430 'AG
1262 2394 1430 2439 ποταμὸς
1463 2395 1657 2435 Βοιωτίας.
1690 2395 1771 2430 Sch.

959 2441 1052 2475 ultra
1077 2453 1175 2486 quem
1200 2441 1338 2475 fluvium
1362 2442 1452 2476 sitae
1487 2447 1588 2476 erant
1612 2441 1769 2476 Thebae.

961 2506 1007 2512 ——
1037 2489 1124 2531 λεχ.
1135 2513 1145 2529 ,
1171 2489 1362 2521 herbosum.
1396 2500 1428 2522 v.
1453 2486 1499 2536 β,
1525 2489 1604 2524 697.

1007 2544 1087 2579 384.
1136 2557 1271 2587 αντε,
1293 2558 1432 2588 rursus,
1458 2550 1590 2580 mutato
1614 2545 1767 2580 consilio.

961 2591 1190 2624 substiterunt
1220 2593 1340 2635 Argivi
1373 2597 1426 2634 et,
1462 2593 1662 2638 priusquam
1695 2593 1770 2625 lon-

962 2637 1039 2682 gius
1064 2637 1310 2681 procederent,
1335 2639 1487 2682 legatum
1511 2638 1649 2672 Thebas
1667 2637 1769 2671 mise-

961 2688 1044 2717 runt
1068 2683 1237 2727 Tydeum.
1263 2704 1305 2708 ——
1339 2683 1391 2728 ἀγ
1372 2698 1432 2729 γ.γ
1460 2685 1550 2719 ε’πι.
1586 2682 1647 2718 ε’πι
1671 2681 1766 2728 ἆγγ.,

962 2730 1005 2762 ad
1030 2729 1286 2763 renuntiandam
1314 2730 1531 2775 legationem.
1552 2749 1593 2754 -
1625 2730 1803 2774 Τυδῆ,

957 2780 995 2854 qlt
1019 2777 1191 2820 ῙιἸηκιστῆ
1216 2775 1248 2811 ο’
1250 2802 1260 2818 ,
1279 2777 1371 2820 339.,
1397 2777 1489 2822 quod
1507 2776 1640 2811 notavit
1650 2776 1765 2811 Schol.

990 2821 1051 2856 ict.

1001 2880 1081 2915 385.
1127 2892 1213 2923 κιχ.
1255 2878 1440 2925 κατέλαβε»
1476 2879 1557 2914 Sch.

956 2923 1014 2967 (ε’,
1042 2927 1120 2968 807,
1145 2924 1199 2969 ψ’,
1224 2927 1323 2969 680.)
1350 2927 1573 2969 Καδμείους,
1588 2923 1764 2968 ἄνακτας,

1615 2880 1762 2922 Καδμ.
1799 2879 1802 2894 ’

1802 2499 1806 2546 l

1801 2551 1805 2633 f

1800 2731 1803 2748 ι

1800 2834 1803 2850 l

1798 2902 1802 2959 ἓ

955 2972 1196 3006 Thebanorum
1235 2983 1418 3016 proceres,
1459 2973 1558 3018 quasi
1602 2972 1763 3006 oriundos
1798 2973 1801 3014 'f

954 3028 1070 3052 omnes
1094 3029 1114 3052 a
1138 3018 1318 3053 conditore
1342 3019 1493 3062 Cadmo,
1527 3030 1621 3055 more
1644 3018 1761 3053 dicen-

1797 3018 1801 3051 ῗ
