1811 3269
77 152 134 192 80

729 149 1131 192 ΟΜΗΡΟΥ

251 261 400 314 οἴνου,
436 257 698 329 ἀποβλύζων
727 259 776 302 ἐν
797 260 960 332 νηπιέῃ
990 258 1203 315 ἀλεγεινῇ.
1780 225 1785 357 1

251 316 309 368 ὡς
340 316 410 361 ἐπὶ
440 317 511 360 σοὶ
540 315 656 386 μάλα
683 314 808 386 az6223’
841 317 1012 360 ἔπαθον
1042 316 1118 359 καὶ
1147 313 1277 359 πόλλ’
1307 314 1513 372 ἐμόγησα,

247 374 302 416 τοὶ
331 373 558 444 φρονέων,
590 371 618 417 ὅ
646 389 722 442 μοι
752 372 851 417 οὔτι
878 374 978 417 θεοὶ
1005 371 1143 443 γόνον
1172 371 1404 423 ἐξετέλειον
1781 364 1786 419 i

250 430 293 482 ἐξ
325 429 451 485 ἐμεῦ·
483 429 593 473 ἀλλὰ
621 429 668 473 σὲ
697 432 859 483 παῖδα,
889 435 1012 481 θεοῖς
1040 427 1242 473 ἐπιείκελ’
1268 427 1474 484 Ἀχιλλεῦ,

136 487 219 534 495
249 486 484 555 ποιεύμην,
517 489 591 530 ἵνα
621 488 697 542 μοί
724 487 827 530 ποτ’
862 486 1008 530 ἀεικέα
1037 486 1189 541 λοιγὸν
1222 484 1407 556 ἀμύνῃς.

249 542 362 594 ἀλλ’,
391 543 578 596 Ἀχιλεῦ,
611 543 810 599 δάμασον
839 543 991 599 θυμον
1026 543 1184 598 μέγαν,
1216 540 1320 586 οὐδέ
1350 544 1392 585 τί
1421 554 1469 586 σε
1494 541 1579 597 χρή
1787 542 1789 545 ’

248 601 395 656 νηλεὲς
425 606 534 657 ήτορ
567 601 688 656 ἔχειν.

751 601 955 655 στρεπτοὶ
987 602 1032 672 δέ
1066 616 1111 643 τε
1144 599 1218 642 καὶ
1247 599 1345 643 θεοὶ
1375 598 1518 650 αὐτοὶ,

216 662 419 711 *τωνπερ
450 659 524 701 καὶ
552 660 709 713 μείζων
744 656 875 712 ἀρετὴ
910 658 1010 712 τιμή
1039 673 1084 699 τε
1117 658 1191 727 βίη
1219 670 1285 698 τε·

249 715 322 757 καὶ
353 715 432 768 μὲν
461 731 566 766 τους
594 716 772 758 θυέεσσι
801 716 875 758 καὶ
909 715 1109 784 εὐχωλῇς
1132 712 1360 769 ἀγανῇσιν,

138 774 220 817 500
250 774 378 842 λοιβῇ
408 787 474 824 τε,
505 773 660 829 κνίσση
688 788 751 824 τε,
781 769 1109 826 παρατρωπῶσ’
1141 770 1374 823 ἅνθρωποι

251 827 525 898 λισσόμενοι,
555 829 627 872 ὅτε
657 828 731 872 κέν
760 845 824 880 τις
851 827 1053 884 ὑπερβήῃ
1084 827 1156 870 καὶ
1187 825 1376 882 ἁμάρτῃ.

249 885 326 928 καὶ
354 884 438 941 γάρ
468 902 514 929 τε
542 887 673 928 Λιταί
703 887 784 928 εἰσι
813 885 925 935 Διὸς
954 889 1118 938 κοῦραι
1147 883 1381 953 μεγάλοιο,

250 944 387 1011 χωλαί
415 959 482 995 τε,
513 943 646 996 ῥυσαί
675 958 742 995 τε,
770 941 1060 1013 παραβλωπές
1088 940 1129 984 τ’
1162 938 1399 996 όφθαλμω,

252 1001 298 1043 οἵ
332 998 387 1052 ῥά
419 1015 463 1042 τε
492 1015 567 1042 και
596 997 827 1054 μετόπισθ’
847 998 979 1069 ”Ατης
1010 997 1215 1054 ἀλέγουσι
1244 1001 1434 1042 κιοῦσαι.

139 1059 220 1102 505
251 1054 277 1111 ἡ
310 1055 351 1099 δ’
369 1057 476 1125 Ατη
508 1055 701 1111 σθεναρή
731 1072 776 1099 τε
806 1057 881 1099 καὶ
912 1054 1116 1110 ἀρτίπος·
1149 1055 1311 1099 οὕνεκα
1340 1053 1485 1100 πάσας

250 1112 419 1155 πολλόν
446 1112 765 1166 ὑπεκπροθέει,
798 1112 968 1185 φθάνει
994 1114 1042 1156 δέ
1073 1128 1117 1155 τε
1147 1117 1293 1156 πᾶσαν
1323 1109 1392 1154 ἐπ’
1425 1107 1530 1153 αἶαν

251 1168 497 1226 βλάπτουσ’
530 1169 817 1226 ἀνθρώπους·
849 1172 896 1214 αἱ

82 1296 168 1324 σας,
192 1281 423 1328 κατέβρεξας.
470 1281 782 1343 ἀποβλύζων.
806 1280 898 1319 ἀπε-

81 1332 181 1375 μῶν,
215 1329 410 1375 ἐκβάλλων.
460 1330 736 1374 ονοματοποιΐα
762 1327 782 1366 ὁ
808 1329 897 1375 τρό-

81 1376 840 1434 πος.Ξο1ι.νηπ.ΗεεγοΙι.-νηπιεή,
877 1376 897 1422 ἦ

80 1425 156 1458 τῶν
180 1424 328 1457 παίδων
347 1421 484 1467 ἡλικία.
534 1424 582 1458 ἐν
607 1437 708 1468 νηπ.
737 1421 798 1458 ἀλ.
805 1450 815 1466 ,
838 1436 900 1468 per

80 1471 271 1513 infantiam
295 1481 356 1503 seu
380 1481 476 1503 more
498 1470 686 1511 infantiae,
711 1482 802 1514 quae
826 1470 901 1504 aliis

82 1517 255 1551 molestias
280 1522 389 1550 creat.
414 1515 569 1550 imitatus
595 1517 677 1550 haec
699 1522 752 1549 est
770 1517 814 1556 Q.
830 1517 901 1549 Ca-

81 1564 180 1597 laber
204 1564 252 1605 3,
278 1563 358 1599 460.
385 1563 505 1597 ΕτΗ.
554 1564 602 1599 cf.
625 1563 788 1608 Aeschyl.
812 1562 900 1597 Cho.

83 1611 152 1645 697
176 1620 274 1653 seqq

129 1655 253 1691 495-
263 1653 344 1692 497.
393 1650 749 1701 ὄνοι-ἀμύνῃς.
773 1659 813 1689 ut
832 1656 899 1688 ali-

83 1702 229 1756 quando
256 1713 278 1734 α
313 1713 367 1734 me
395 1713 477 1735 sene
504 1703 690 1745 perniciem
715 1703 899 1745 propulsa-

83 1761 151 1783 res.
191 1761 242 1789 ω,
269 1749 370 1782 186:
395 1749 535 1805 μνῆσαι
559 1747 700 1790 πατρὸς
723 1751 828 1789 σοῖο,
853 1767 899 1774 —

88 1799 145 1840 Τη
148 1796 274 1834 λίκον,
309 1793 428 1838 ω’σπερ
459 1792 572 1838 ἐγων,
610 1792 706 1840 ὀλοῷ
742 1792 801 1828 ἐπι
834 1791 899 1837 γή-

83 1855 175 1886 ραος
199 1840 314 1885 οὐδῷ.
361 1842 436 1875 Καὶ
460 1840 527 1884 μέν
549 1853 625 1875 που
650 1844 774 1875 κεῖνον
798 1853 901 1883 περι-

84 1888 231 1946 ναιέξαι
264 1887 382 1931 ἀμφὶς
419 1886 542 1927 ἐόντες
585 1885 773 1931 Τει’ρουσ’,
811 1886 900 1922 οὐδὲ

83 1938 141 1977 τίς
173 1934 270 1970 ἐστιν
305 1933 399 1978 ἀρήν
431 1935 493 1969 καὶ
518 1934 643 1979 λοιγὸν
669 1932 823 1976 ἀμῦναι.
855 1953 901 1960 -

84 1978 243 2026 θυμὸν
267 1981 428 2024 μέγαν.
455 1982 533 2017 109.
557 1999 603 2005 -·-
634 1966 740 2014 Seli..
765 1992 900 2023 στρε-

84 2030 208 2065 πτοί.
253 2026 587 2082 εὐμετάστρεπτοι,
621 2025 900 2071 εὐμετάβλητοι,

85 2072 286 2112 εύπειστοι.
334 2074 379 2107 cf.
406 2072 450 2115 o',
475 2075 544 2110 203
569 2078 636 2107 etc.
686 2073 776 2106 idem
804 2074 900 2108 dicas

86 2121 256 2165 τρεπτοὶ,
291 2121 383 2164 quod
417 2121 524 2154 haber.
559 2131 646 2154 unus
685 2119 833 2154 vindob.
867 2131 900 2154 v.

86 2172 173 2210 500,
200 2167 240 2210 ζ’,
266 2168 331 2208 61,
355 2166 401 2200 H.

130 2194 211 2250 498.
253 2211 398 2256 ἀρετὴ
424 2210 538 2256 τιμή
562 2224 608 2247 τε
633 2213 714 2258 βίη
739 2224 794 2266 τέ’.
820 2223 899 2245 ora-

84 2262 134 2297 tio
160 2260 303 2294 horrida
326 2264 363 2293 et.
387 2259 564 2303 perplexa.
624 2259 734 2292 malim
767 2255 900 2301 ἀρετῆς

85 2306 173 2353 τιμή
201 2319 239 2342 τε
243 2307 326 2354 βίη
346 2317 407 2346 τε,
442 2311 480 2338 ut
504 2306 555 2350 τῷ
580 2304 617 2339 οἱ
641 2304 745 2344 κλέος
769 2302 901 2340 οὔποτ’

87 2355 228 2391 ὀλεῖται
246 2353 311 2393 Ης
338 2349 471 2395 ἀρετῆς
505 2341 575 2385 O‘d.
601 2349 654 2394 ω’,
684 2353 760 2386 196.
803 2351 900 2386 simi-

87 2402 138 2436 les
170 2405 250 2434 sunt
275 2410 294 2434 6
320 2402 355 2432 et
382 2411 402 2432 τ
426 2398 564 2431 litterae
594 2397 631 2430 in
665 2397 785 2431 libris.
822 2398 902 2431 hinc

88 2449 180 2483 forte
213 2447 340 2480 factum
365 2448 470 2490 puto,
510 2450 548 2478 ut
573 2455 593 2477 6
619 2455 680 2489 pro
704 2457 724 2477 τ
749 2444 902 2477 habitum

87 2494 317 2528 omitteretur.
373 2495 522 2548 ceterum
556 2490 621 2523 hoc
646 2494 699 2523 est
721 2491 904 2534 hysteron-

89 2545 256 2586 proteron
290 2549 352 2582 pro
393 2535 525 2580 α’ρετῆς
559 2537 622 2581 βίη
658 2548 696 2571 τε
731 2536 819 2581 τιμή
853 2548 904 2577 τε,

90 2586 185 2631 quod
210 2596 230 2618 a
254 2590 361 2617 metro
387 2583 605 2616 abhorrebat.
655 2581 791 2626 α’ρετὴν
825 2594 906 2616 cor-

91 2632 187 2678 poris
210 2630 301 2670 dici,
327 2629 430 2662 facile
454 2629 671 2673 intelligitur.
710 2641 744 2664 v.
769 2630 816 2664 K.

138 2689 261 2724 499-
270 2688 350 2722 509.
399 2685 533 2730 ἀγαν.
558 2689 645 2727 113,
671 2684 717 2731 β’,
745 2685 822 2722 164.
838 2689 904 2718 etc.

94 2736 186 2769 votis
198 2735 324 2788 gratis
329 2735 543 2777 acceptisque
559 2734 689 2778 placari
707 2732 794 2766 dicit
811 2732 906 2766 deos.

94 2801 140 2806 —-
164 2794 246 2815 και
270 2778 355 2825 γάρ
380 2792 436 2814 τε.
469 2791 557 2813 unus
584 2779 755 2813 Vindobn
747 2803 755 2812 .
781 2793 812 2813 κ.
834 2791 905 2822 γαρ

92 2841 175 2870 τοι,
198 2828 260 2861 sed
286 2826 370 2860 nihil
395 2830 531 2859 mutem.
568 2838 602 2861 v.
628 2825 674 2865 α’,
698 2826 755 2861 63.
802 2826 906 2858 Scin:

94 2872 374 2910 ἀνειδωλοποιεῖ
406 2870 473 2911 τὰς
498 2871 612 2912 Λιτοὶς
640 2870 690 2911 ὡς
725 2868 908 2915 δαίμονάς

93 2934 209 2961 τινας
258 2917 410 2964 χωλας
434 2917 502 2962 μὲν
527 2913 596 2953 οὖν
620 2916 738 2958 αύτάς
761 2917 908 2960 κέκληκε

96 2968 160 3003 διὰ
195 2966 236 3003 τὸ
273 2965 439 3013 βραδέως
469 2978 502 3000 κ.
527 2963 633 3008 μόλις
656 2964 850 3020 προσιέναι
875 2977 908 2999 κ.

95 3017 320 3059 γονυκλινεῖς
341 3010 546 3048 λιτανεύειν
569 3010 747 3055 τούτους,
773 3007 841 3052 οὓς
864 3023 909 3045 αν

1005 1168 1252 1222 εξακέονται
1284 1167 1466 1213 ὀπίσσω.

942 1282 1232 1340 προηδικηκότες
1247 1278 1326 1340 αξσι,
1353 1279 1503 1339 ῥνσάς
1527 1274 1607 1321 (δε)
1629 1289 1661 1310 κ.
1675 1276 1755 1311 δια-

945 1331 1134 1373 στρόφους
1157 1330 1225 1372 τοὶς
1250 1329 1370 1373 ὄψεις,
1395 1326 1471 1363 ἐπει
1494 1324 1636 1382 βαρέως
1657 1337 1689 1358 κ.
1709 1336 1754 1358 ου

944 1376 1122 1423 γεγηθότι
1145 1378 1197 1424 τῷ
1221 1376 1431 1430 προσώπῳ,
1457 1371 1548 1408 ον’δὲ
1574 1369 1681 1426 ὀρθῷ
1704 1371 1756 1416 τῷ

947 1424 1136 1469 βλέμματι,
1160 1413 1351 1479 προσορᾷν
1369 1420 1550 1456 δύνανται
1569 1430 1657 1457 τους
1668 1430 1755 1462 προ

946 1470 1211 1516 ηδικημένονς,
1245 1483 1320 1525 παρ
1371 1466 1422 1503 ὧν
1453 1466 1649 1502 αἰτοῦνται
1672 1476 1757 1508 συγ-

946 1518 1124 1573 γνώμην.
1145 1518 1196 1550 E:
1221 1517 1288 1561 τήν
1313 1528 1380 1558 μεν
1397 1512 1549 1570 ”Ατην
1558 1511 1651 1556 λέγει
1670 1513 1757 1545 σθε-

946 1565 1066 1623 ναράν
1092 1562 1187 1599 εἶναι
1209 1566 1271 1599 καὶ
1297 1562 1500 1606 ἀρτίπουν,
1527 1558 1642 1604 ἤγουν
1670 1554 1760 1602 νγιῆ

946 1613 1036 1651 τούς
1059 1611 1198 1651 πόδας,
1224 1611 1372 1653 ἐπείπερ
1397 1622 1431 1643 οι
1455 1607 1678 1662 βλάπτοντες
1699 1603 1759 1639 εὖ·

947 1660 1091 1698 σθενῶς
1115 1670 1152 1692 τε
1177 1656 1319 1701 ἔχουσι,
1346 1654 1446 1690 καθὸ
1467 1653 1683 1713 βλάπτουσι,
1692 1649 1759 1686 καὶ

945 1701 1208 1747 ἐπιταχύνουσι
1229 1703 1294 1738 τὸν
1318 1699 1466 1751 καιρόν.
1507 1700 1545 1735 ἐν
1570 1697 1693 1738 ἄλλοις
1717 1695 1758 1732 δὲ

945 1750 1015 1794 (τ’,
1041 1751 1126 1793 92.)
1159 1763 1190 1784 κ.
1226 1748 1396 1789 ἁπαλονς
1430 1752 1526 1782 εἰναι
1556 1744 1680 1785 πόδας
1711 1746 1760 1800 τῇ

934 1795 1019 1843 ”Azy
1046 1796 1142 1839 ἐρεῖ,
1175 1810 1225 1837 ως
1255 1794 1542 1838 ἀνεπαισθήτως
1565 1789 1611 1827 τοὶ
1641 1789 1761 1827 πολλά

945 1857 1056 1878 τινων
1081 1843 1363 1888 βλαπτομένων,
1389 1839 1561 1898 ἀψοφητὶ
1588 1837 1669 1874 οἷον
1693 1839 1760 1881 τῆς

938 1889 1044 1934 ”Ατης
1077 1890 1319 1946 ἐπερχομένης
1349 1885 1602 1928 αὐτοῖςκαὶ
1634 1882 1677 1940 ἡ
1692 1884 1760 1929 μὲν

939 1936 1026 1980 ”Ατη
1047 1936 1221 1981 τοιαύτη·
1250 1939 1318 1978 τάς
1342 1934 1381 1971 δὲ
1407 1939 1461 1970 Λι
1473 1947 1554 1974 τας
1577 1928 1699 1987 χωλας
1720 1944 1759 1967 τε

948 1986 1201 2028 διαζωγραφεῐ
1221 1983 1317 2027 πρός
1339 1983 1541 2026 διαστολὴν
1563 1981 1628 2024 τῆς
1659 1974 1761 2021 οἷρτί-

947 2033 1064 2068 ποόος
1088 2029 1196 2075 ”Ατης
1231 2030 1294 2065 διὰ
1326 2030 1370 2064 τό
1403 2029 1560 2074 σχολαίῳ
1584 2026 1674 2061 ποδὶ
1697 2024 1759 2081 καὶ

949 2090 998 2117 ως
1024 2075 1105 2111 οἷον
1130 2075 1495 2120 συμπεποδισμενους
1508 2075 1652 2128 βαίνειν
1671 2070 1762 2111 τούς

946 2123 1206 2166 λισσομένους,
1232 2124 1294 2158 καὶ
1311 2122 1448 2166 ῥυσσας
1465 2118 1618 2165 (ῥνσάς)
1637 2116 1678 2153 δὲ
1695 2115 1761 2154 διὰ

948 2169 989 2205 to*
1013 2172 1134 2229 σχῆμα
1159 2171 1228 2206 τοῦ
1246 2169 1449 2213 προσώπου
1472 2169 1548 2202 τῶν
1582 2163 1762 2200 ἱκετευόν-

947 2230 1040 2258 των,
1062 2221 1122 2272 οἱς
1139 2215 1410 2260 σκνθρωπάζον
1427 2215 1490 2250 καὶ
1509 2212 1762 2267 συναγόμενον

946 2263 1140 2306 ῥικνοῦται
1171 2263 1212 2299 τό
1237 2262 1439 2306 πρόσωπον
1464 2267 1533 2296 etc.
1563 2277 1608 2287 —
1642 2255 1763 2298 Διὸς

948 2311 1106 2348 ἱκεσίου
1139 2309 1400 2355 ἐπιτιμήτορος
1422 2307 1600 2349 ἱκετάων,
1634 2310 1674 2339 ut
1698 2316 1761 2338 vo-

949 2365 1048 2392 catur
1073 2357 1143 2391 Od.
1169 2357 1204 2398 ι’,
1230 2360 1308 2392 Ξ70.
1336 2377 1380 2382 —
1405 2382 1429 2398 „
1419 2353 1668 2399 ,ἀλέγουσι
1690 2364 1761 2387 m.—

950 2405 1007 2439 οὗ
1019 2416 1110 2439 σαι
1160 2416 1221 2449 pro
1247 2408 1352 2445 πιεῖν,
1378 2415 1467 2447 quae
1484 2405 1608 2436 curant
1626 2408 1762 2432 currere

948 2456 1025 2496 post
1047 2452 1161 2492 Acen,
1195 2452 1227 2484 h.
1256 2462 1286 2484 e.
1313 2461 1400 2494 quae.
1429 2460 1502 2484 eam
1526 2446 1681 2481 studiose
1704 2456 1762 2478 se-

951 2503 1118 2553 quuntur.
1163 2497 1294 2531 Herod.
1321 2500 1362 2554 6,
1388 2497 1467 2531 74.ε
1492 2492 1692 2536 πρόθυμος
1713 2485 1762 2534 ἦν

952 2563 991 2566 -
1017 2542 1225 2600 ἀγινέωνρ.
1237 2541 1405 2588 ἀγινέειν.
1409 2545 1433 2561 “
1451 2543 1484 2575 Ε
1502 2542 1546 2574 Κ.
1571 2538 1762 2573 cs.Mattl1.

952 2593 985 2632 ἓ.
1006 2592 1096 2631 550,
1122 2592 1155 2624 4.
1204 2588 1428 2632 ἀρτίπος,
1453 2600 1487 2632 p.
1510 2586 1688 2641 ἀρτίπους
1707 2583 1762 2616 di-

952 2643 1043 2670 ctum
1068 2636 1167 2670 metri
1193 2638 1327 2681 gratia,
1353 2643 1393 2669 ut
1417 2631 1595 2674 αελλόπος
1614 2628 1667 2671 θ’,
1679 2628 1761 2670 409,

951 2696 1080 2725 τριπος
1106 2681 1149 2727 χ’,
1176 2684 1252 2718 164.
1298 2684 1418 2716 iterum
1452 2680 1579 2725 legitur
1608 2656 1680 2712 06.
1711 2673 1764 2717 θ,

950 2730 1030 2764 310.
1070 2730 1197 2765 v.Th.
1234 2729 1544 2771 §.168‚12.—
1577 2721 1764 2769 φθάνει

952 2775 1069 2821 priore
1092 2775 1216 2821 longa,
1251 2787 1350 2819 quam
1382 2773 1510 2807 scenici
1537 2776 1662 2819 ροόιοο
1685 2779 1765 2803 cor-

952 2823 1095 2868 ripiunt.
1144 2823 1194 2857 sic
1219 2825 1321 2857 etiam
1347 2821 1494 2866 φ’,262
1530 2819 1622 2866 quod
1646 2814 1765 2850 malfflt

953 2871 1173 2910 Zenodotus,
1201 2869 1360 2915 φθανέει
1380 2870 1433 2913 τῷ
1454 2880 1479 2901 α
1502 2868 1677 2910 correpto,
1701 2873 1763 2895 au-

955 2917 1118 2950 ctoritate
1141 2922 1257 2958 caret3
1282 2928 1346 2950 nec
1371 2914 1526 2948 dissimili
1549 2912 1684 2947 ratione
1707 2920 1763 2943 κι-
1809 2936 1811 2944 .

953 2968 1081 3008 χᾶνειν
1107 2963 1229 3007 Epici,
1262 2962 1391 2997 scenici
1425 2966 1549 3042 autem1
1562 2961 1686 3017 poetae
1709 2954 1763 2988 di·
1789 2946 1811 3030 {l

1509 3021 1534 3043 α
1573 3005 1693 3042 Λιταί.
1717 3022 1764 3030 -—
1809 3011 1811 3027 ¹

956 3014 1038 3045 cunt
1055 3009 1251 3055 κιγχᾶνειν.
1278 3027 1323 3034 —-
1348 3007 1397 3043 αἱ
1422 3006 1464 3044 δ’
