<?xml version="1.0" encoding="UTF-8"?>
<!DOCTYPE html PUBLIC "-//W3C//DTD XHTML 1.0 Transitional//EN"
    "http://www.w3.org/TR/xhtml1/DTD/xhtml1-transitional.dtd">
<html xmlns="http://www.w3.org/1999/xhtml" xml:lang="en" lang="en">
 <head>
  <title>
</title>
<meta http-equiv="Content-Type" content="text/html;charset=utf-8" />
  <meta name='ocr-system' content='tesseract 3.04.00' />
  <meta name='ocr-capabilities' content='ocr_page ocr_carea ocr_par ocr_line ocrx_word'/>
</head>
<body>
  <div class='ocr_page' id='page_1' title='image "./carmina01home/carmina01home_0184.png"; bbox 0 0 1811 3269; ppageno 0'>
   <div class='ocr_carea' id='block_1_1' title="bbox 103 146 1448 526">
    <p class='ocr_par' dir='ltr' id='par_1_1' title="bbox 103 146 1448 526">
     <span class='ocr_line' id='line_1_1' title="bbox 103 146 1140 196; baseline 0.014 -14"><span class='ocrx_word' id='word_1_1' title='bbox 103 146 182 185; x_wconf 78' lang='grc' dir='ltr'><em>1Ίο</em></span> <span class='ocrx_word' id='word_1_2' title='bbox 742 150 777 191; x_wconf 90' lang='lat' dir='ltr'><strong>O</strong></span> <span class='ocrx_word' id='word_1_3' title='bbox 809 151 861 189; x_wconf 88' lang='grc' dir='ltr'>Μ</span> <span class='ocrx_word' id='word_1_4' title='bbox 890 152 936 191; x_wconf 87' lang='lat' dir='ltr'><em>H</em></span> <span class='ocrx_word' id='word_1_5' title='bbox 962 153 999 192; x_wconf 92' lang='lat' dir='ltr'><em>P</em></span> <span class='ocrx_word' id='word_1_6' title='bbox 1031 154 1066 196; x_wconf 87' lang='grc' dir='ltr'><em>Ο</em></span> <span class='ocrx_word' id='word_1_7' title='bbox 1103 156 1140 195; x_wconf 76' lang='grc' dir='ltr'><em>Τ</em></span> 
     </span>
     <span class='ocr_line' id='line_1_2' title="bbox 269 253 1448 323; baseline 0.013 -25"><span class='ocrx_word' id='word_1_8' title='bbox 269 253 456 310; x_wconf 77' lang='grc' dir='ltr'><em>ἀνδράσι</em></span> <span class='ocrx_word' id='word_1_9' title='bbox 485 257 756 313; x_wconf 77' lang='grc' dir='ltr'><em>Πυγμαίοισι</em></span> <span class='ocrx_word' id='word_1_10' title='bbox 787 260 930 317; x_wconf 84' lang='grc' dir='ltr'><em>φόνον</em></span> <span class='ocrx_word' id='word_1_11' title='bbox 958 265 1032 308; x_wconf 81' lang='grc' dir='ltr'><em>καὶ</em></span> <span class='ocrx_word' id='word_1_12' title='bbox 1061 269 1176 322; x_wconf 74' lang='grc' dir='ltr'><em>κῆρα</em></span> <span class='ocrx_word' id='word_1_13' title='bbox 1207 268 1448 323; x_wconf 82' lang='grc' dir='ltr'><em>φέρουσαι·</em></span> 
     </span>
     <span class='ocr_line' id='line_1_3' title="bbox 269 311 1447 383; baseline 0.014 -29"><span class='ocrx_word' id='word_1_14' title='bbox 269 311 415 368; x_wconf 78' lang='grc' dir='ltr'><em>ἠέριαι</em></span> <span class='ocrx_word' id='word_1_15' title='bbox 442 312 482 357; x_wconf 81' lang='grc' dir='ltr'><em>δ’</em></span> <span class='ocrx_word' id='word_1_16' title='bbox 515 315 603 368; x_wconf 81' lang='grc' dir='ltr'><em>ἄρα</em></span> <span class='ocrx_word' id='word_1_17' title='bbox 632 317 751 371; x_wconf 80' lang='grc' dir='ltr'><em>ταίγε</em></span> <span class='ocrx_word' id='word_1_18' title='bbox 781 318 923 375; x_wconf 82' lang='grc' dir='ltr'><em>κακὴν</em></span> <span class='ocrx_word' id='word_1_19' title='bbox 952 321 1076 375; x_wconf 78' lang='grc' dir='ltr'><em>ἔριδα</em></span> <span class='ocrx_word' id='word_1_20' title='bbox 1105 324 1447 383; x_wconf 87' lang='grc' dir='ltr'><em>προφέρονται·)</em></span> 
     </span>
     <span class='ocr_line' id='line_1_4' title="bbox 269 368 1358 436; baseline 0.013 -25"><span class='ocrx_word' id='word_1_21' title='bbox 269 370 312 412; x_wconf 81' lang='grc' dir='ltr'><em>οἱ</em></span> <span class='ocrx_word' id='word_1_22' title='bbox 342 368 382 413; x_wconf 88' lang='grc' dir='ltr'><em>δ’</em></span> <span class='ocrx_word' id='word_1_23' title='bbox 415 369 491 424; x_wconf 75' lang='grc' dir='ltr'><em>ἄρ’</em></span> <span class='ocrx_word' id='word_1_24' title='bbox 519 373 620 414; x_wconf 79' lang='grc' dir='ltr'><em>ἰ’σαν</em></span> <span class='ocrx_word' id='word_1_25' title='bbox 649 378 751 429; x_wconf 82' lang='grc' dir='ltr'><em>σιγῇ</em></span> <span class='ocrx_word' id='word_1_26' title='bbox 781 377 909 429; x_wconf 82' lang='grc' dir='ltr'><em>μένεα</em></span> <span class='ocrx_word' id='word_1_27' title='bbox 936 381 1158 430; x_wconf 78' lang='grc' dir='ltr'><strong><em>πνείοντες</em></strong></span> <span class='ocrx_word' id='word_1_28' title='bbox 1186 379 1358 436; x_wconf 83' lang='grc' dir='ltr'><em>Ἀχαιοὶ,</em></span> 
     </span>
     <span class='ocr_line' id='line_1_5' title="bbox 183 425 1245 526; baseline 0.008 -58"><span class='ocrx_word' id='word_1_29' title='bbox 183 489 234 526; x_wconf 85' lang='lat'><em>10</em></span> <span class='ocrx_word' id='word_1_30' title='bbox 265 425 312 469; x_wconf 81' lang='grc' dir='ltr'><em>έν</em></span> <span class='ocrx_word' id='word_1_31' title='bbox 341 430 473 496; x_wconf 56' lang='lat' dir='ltr'><strong>finge}</strong></span> <span class='ocrx_word' id='word_1_32' title='bbox 501 432 723 495; x_wconf 67' lang='grc' dir='ltr'><em>μεμαῶτες</em></span> <span class='ocrx_word' id='word_1_33' title='bbox 753 429 950 488; x_wconf 84' lang='grc' dir='ltr'><em>α’λεξέμεν</em></span> <span class='ocrx_word' id='word_1_34' title='bbox 982 434 1245 491; x_wconf 76' lang='grc' dir='ltr'><em>ἀλλήλοισιν.</em></span> 
     </span>
    </p>
   </div>
   <div class='ocr_carea' id='block_1_2' title="bbox 350 486 1541 564">
    <p class='ocr_par' dir='ltr' id='par_1_2' title="bbox 350 486 1541 564">
     <span class='ocr_line' id='line_1_6' title="bbox 350 486 1541 564; baseline 0.013 -40"><span class='ocrx_word' id='word_1_35' title='bbox 350 486 449 525; x_wconf 86' lang='grc' dir='ltr'><em>Ηύτ</em></span> <span class='ocrx_word' id='word_1_36' title='bbox 500 500 626 536; x_wconf 89' lang='grc' dir='ltr'><em>ορεος</em></span> <span class='ocrx_word' id='word_1_37' title='bbox 656 493 881 546; x_wconf 83' lang='grc' dir='ltr'><em>κορυφῇσι</em></span> <span class='ocrx_word' id='word_1_38' title='bbox 912 491 1057 542; x_wconf 82' lang='grc' dir='ltr'><em>Νότος</em></span> <span class='ocrx_word' id='word_1_39' title='bbox 1088 492 1315 563; x_wconf 73' lang='grc' dir='ltr'><em>κατέχευεν</em></span> <span class='ocrx_word' id='word_1_40' title='bbox 1345 494 1541 564; x_wconf 67' lang='grc' dir='ltr'><em>(ξμίχλην,</em></span> 
     </span>
    </p>
   </div>
   <div class='ocr_carea' id='block_1_3' title="bbox 265 538 1520 607">
    <p class='ocr_par' dir='ltr' id='par_1_3' title="bbox 265 538 1520 607">
     <span class='ocr_line' id='line_1_7' title="bbox 265 538 1520 607; baseline 0.013 -27"><span class='ocrx_word' id='word_1_41' title='bbox 265 538 468 594; x_wconf 85' lang='grc' dir='ltr'><em>ποιμέσιν</em></span> <span class='ocrx_word' id='word_1_42' title='bbox 499 539 598 585; x_wconf 81' lang='grc' dir='ltr'><em>οὔτι</em></span> <span class='ocrx_word' id='word_1_43' title='bbox 630 544 784 601; x_wconf 82' lang='grc' dir='ltr'><em>φίλην,</em></span> <span class='ocrx_word' id='word_1_44' title='bbox 813 545 973 604; x_wconf 79' lang='grc' dir='ltr'><em>κλέπτῃ</em></span> <span class='ocrx_word' id='word_1_45' title='bbox 1004 549 1051 592; x_wconf 89' lang='grc' dir='ltr'><em>δέ</em></span> <span class='ocrx_word' id='word_1_46' title='bbox 1080 565 1125 592; x_wconf 81' lang='grc' dir='ltr'><em>τε</em></span> <span class='ocrx_word' id='word_1_47' title='bbox 1154 566 1314 601; x_wconf 85' lang='grc' dir='ltr'><em>νυκτος</em></span> <span class='ocrx_word' id='word_1_48' title='bbox 1344 555 1520 607; x_wconf 86' lang='grc' dir='ltr'><em>αμείνω,</em></span> 
     </span>
    </p>
   </div>
   <div class='ocr_carea' id='block_1_4' title="bbox 93 639 908 688">
    <p class='ocr_par' dir='ltr' id='par_1_4' title="bbox 93 639 908 688">
     <span class='ocr_line' id='line_1_8' title="bbox 93 639 908 688; baseline 0.015 -15"><span class='ocrx_word' id='word_1_49' title='bbox 93 660 137 666; x_wconf 91' lang='grc'><strong>-</strong></span> <span class='ocrx_word' id='word_1_50' title='bbox 171 641 274 675; x_wconf 85' lang='lat' dir='ltr'><strong>Seh.:</strong></span> <span class='ocrx_word' id='word_1_51' title='bbox 310 639 378 676; x_wconf 75' lang='grc' dir='ltr'><em>ἐπ’</em></span> <span class='ocrx_word' id='word_1_52' title='bbox 411 639 488 677; x_wconf 74' lang='grc' dir='ltr'><em>’.Ωκ-</em></span> <span class='ocrx_word' id='word_1_53' title='bbox 513 642 689 688; x_wconf 76' lang='grc' dir='ltr'><em>ῥοάων.</em></span> <span class='ocrx_word' id='word_1_54' title='bbox 727 646 810 683; x_wconf 77' lang='grc' dir='ltr'><em>ἀντὶ</em></span> <span class='ocrx_word' id='word_1_55' title='bbox 836 651 908 685; x_wconf 79' lang='grc' dir='ltr'><em>τοῦ</em></span> 
     </span>
    </p>
   </div>
   <div class='ocr_carea' id='block_1_5' title="bbox 68 685 905 3053">
    <p class='ocr_par' dir='ltr' id='par_1_5' title="bbox 89 685 905 921">
     <span class='ocr_line' id='line_1_9' title="bbox 91 685 905 735; baseline 0.014 -15"><span class='ocrx_word' id='word_1_56' title='bbox 91 686 151 722; x_wconf 76' lang='grc' dir='ltr'><em>ἐπὶ</em></span> <span class='ocrx_word' id='word_1_57' title='bbox 171 686 238 728; x_wconf 76' lang='grc' dir='ltr'><em>τας</em></span> <span class='ocrx_word' id='word_1_58' title='bbox 263 686 334 722; x_wconf 72' lang='grc' dir='ltr'><em>τοῦ</em></span> <span class='ocrx_word' id='word_1_59' title='bbox 352 685 528 726; x_wconf 82' lang='grc' dir='ltr'><em>Ὠκεανοῦ</em></span> <span class='ocrx_word' id='word_1_60' title='bbox 557 689 650 735; x_wconf 75' lang='grc' dir='ltr'><em>ῥοὰς</em></span> <span class='ocrx_word' id='word_1_61' title='bbox 680 695 742 729; x_wconf 84' lang='grc' dir='ltr'><em>καὶ</em></span> <span class='ocrx_word' id='word_1_62' title='bbox 773 694 819 729; x_wconf 76' lang='grc' dir='ltr'><em>τά</em></span> <span class='ocrx_word' id='word_1_63' title='bbox 839 700 905 730; x_wconf 91' lang='grc' dir='ltr'><em>Λι-</em></span> 
     </span>
     <span class='ocr_line' id='line_1_10' title="bbox 91 732 903 785; baseline 0.011 -19"><span class='ocrx_word' id='word_1_64' title='bbox 91 732 196 779; x_wconf 77' lang='grc' dir='ltr'><em>βύων</em></span> <span class='ocrx_word' id='word_1_65' title='bbox 214 735 382 777; x_wconf 81' lang='grc' dir='ltr'><em>κλίματα.</em></span> <span class='ocrx_word' id='word_1_66' title='bbox 402 754 449 761; x_wconf 90' lang='lat'><em>--</em></span> <span class='ocrx_word' id='word_1_67' title='bbox 463 732 638 780; x_wconf 81' lang='grc' dir='ltr'><em>Ἀττικῶς,</em></span> <span class='ocrx_word' id='word_1_68' title='bbox 663 740 774 785; x_wconf 86' lang='lat' dir='ltr'><strong>inquit</strong></span> <span class='ocrx_word' id='word_1_69' title='bbox 788 742 903 775; x_wconf 88' lang='lat' dir='ltr'><strong>Schol.</strong></span> 
     </span>
     <span class='ocr_line' id='line_1_11' title="bbox 90 780 904 828; baseline 0.012 -16"><span class='ocrx_word' id='word_1_70' title='bbox 90 780 131 813; x_wconf 84' lang='lat' dir='ltr'><em>A.</em></span> <span class='ocrx_word' id='word_1_71' title='bbox 158 781 202 813; x_wconf 80' lang='lat' dir='ltr'><em>cf.</em></span> <span class='ocrx_word' id='word_1_72' title='bbox 227 780 340 823; x_wconf 62' lang='lat' dir='ltr'><strong>Suid„</strong></span> <span class='ocrx_word' id='word_1_73' title='bbox 365 780 409 823; x_wconf 87' lang='grc' dir='ltr'><em>Ε,</em></span> <span class='ocrx_word' id='word_1_74' title='bbox 433 783 488 825; x_wconf 88' lang='grc' dir='ltr'><em>Η,</em></span> <span class='ocrx_word' id='word_1_75' title='bbox 513 784 639 818; x_wconf 79' lang='lat' dir='ltr'><em>Matth.</em></span> <span class='ocrx_word' id='word_1_76' title='bbox 665 786 696 828; x_wconf 58' lang='grc' dir='ltr'><em>ἕ.</em></span> <span class='ocrx_word' id='word_1_77' title='bbox 717 787 797 822; x_wconf 69' lang='lat'><strong>584.</strong></span> <span class='ocrx_word' id='word_1_78' title='bbox 819 788 904 822; x_wconf 84' lang='lat' dir='ltr'><strong>dicit</strong></span> 
     </span>
     <span class='ocr_line' id='line_1_12' title="bbox 89 831 903 875; baseline 0.012 -17"><span class='ocrx_word' id='word_1_79' title='bbox 89 831 244 860; x_wconf 80' lang='lat' dir='ltr'><strong>extrema</strong></span> <span class='ocrx_word' id='word_1_80' title='bbox 269 832 405 868; x_wconf 81' lang='lat' dir='ltr'><strong>terrae,</strong></span> <span class='ocrx_word' id='word_1_81' title='bbox 442 841 541 875; x_wconf 84' lang='lat' dir='ltr'><strong>quam</strong></span> <span class='ocrx_word' id='word_1_82' title='bbox 567 831 726 865; x_wconf 88' lang='lat' dir='ltr'>Oceanus</span> <span class='ocrx_word' id='word_1_83' title='bbox 758 833 903 868; x_wconf 80' lang='lat' dir='ltr'><strong>circum-</strong></span> 
     </span>
     <span class='ocr_line' id='line_1_13' title="bbox 89 872 711 921; baseline 0.013 -17"><span class='ocrx_word' id='word_1_84' title='bbox 89 872 178 905; x_wconf 78' lang='lat' dir='ltr'><strong>fluit.</strong></span> <span class='ocrx_word' id='word_1_85' title='bbox 205 873 250 906; x_wconf 87' lang='lat' dir='ltr'><em>cf.</em></span> <span class='ocrx_word' id='word_1_86' title='bbox 275 872 322 913; x_wconf 88' lang='grc' dir='ltr'><em>α’,</em></span> <span class='ocrx_word' id='word_1_87' title='bbox 346 873 427 909; x_wconf 73' lang='grc'><strong>423.</strong></span> <span class='ocrx_word' id='word_1_88' title='bbox 454 880 489 908; x_wconf 91' lang='lat' dir='ltr'><strong>et</strong></span> <span class='ocrx_word' id='word_1_89' title='bbox 513 887 609 921; x_wconf 88' lang='lat' dir='ltr'><strong>sequ.</strong></span> <span class='ocrx_word' id='word_1_90' title='bbox 633 889 711 912; x_wconf 86' lang='lat' dir='ltr'><em>ann.</em></span> 
     </span>
    </p>

    <p class='ocr_par' dir='ltr' id='par_1_6' title="bbox 68 919 902 3053">
     <span class='ocr_line' id='line_1_14' title="bbox 137 919 902 969; baseline 0.012 -19"><span class='ocrx_word' id='word_1_91' title='bbox 137 920 169 954; x_wconf 91' lang='lat'><em>6.</em></span> <span class='ocrx_word' id='word_1_92' title='bbox 218 919 360 953; x_wconf 89' lang='lat' dir='ltr'><strong>Aristot.</strong></span> <span class='ocrx_word' id='word_1_93' title='bbox 395 921 419 954; x_wconf 92' lang='lat' dir='ltr'><em>l.</em></span> <span class='ocrx_word' id='word_1_94' title='bbox 452 933 481 955; x_wconf 90' lang='lat' dir='ltr'><em>c.</em></span> <span class='ocrx_word' id='word_1_95' title='bbox 517 923 560 955; x_wconf 88' lang='lat' dir='ltr'><strong>de</strong></span> <span class='ocrx_word' id='word_1_96' title='bbox 593 924 759 966; x_wconf 82' lang='lat' dir='ltr'>gruibus:</span> <span class='ocrx_word' id='word_1_97' title='bbox 791 938 902 969; x_wconf 81' lang='grc' dir='ltr'><em>μετα-</em></span> 
     </span>
     <span class='ocr_line' id='line_1_15' title="bbox 87 963 899 1014; baseline 0.01 -16"><span class='ocrx_word' id='word_1_98' title='bbox 87 963 267 1010; x_wconf 79' lang='grc' dir='ltr'><em>βάλλουσι</em></span> <span class='ocrx_word' id='word_1_99' title='bbox 298 964 366 1009; x_wconf 75' lang='grc' dir='ltr'><em>γᾶρ</em></span> <span class='ocrx_word' id='word_1_100' title='bbox 401 965 440 1001; x_wconf 78' lang='grc' dir='ltr'><em>ἐκ</em></span> <span class='ocrx_word' id='word_1_101' title='bbox 474 969 549 1002; x_wconf 80' lang='grc' dir='ltr'><em>τῶν</em></span> <span class='ocrx_word' id='word_1_102' title='bbox 577 971 781 1004; x_wconf 79' lang='grc' dir='ltr'><em>Σκυθικῶν</em></span> <span class='ocrx_word' id='word_1_103' title='bbox 815 969 899 1014; x_wconf 89' lang='grc' dir='ltr'><em>(τό-</em></span> 
     </span>
     <span class='ocr_line' id='line_1_16' title="bbox 86 1010 900 1061; baseline 0.011 -17"><span class='ocrx_word' id='word_1_104' title='bbox 86 1011 189 1054; x_wconf 83' lang='grc' dir='ltr'><em>πων)</em></span> <span class='ocrx_word' id='word_1_105' title='bbox 218 1012 268 1051; x_wconf 82' lang='grc' dir='ltr'><em>εἰς</em></span> <span class='ocrx_word' id='word_1_106' title='bbox 285 1010 331 1045; x_wconf 76' lang='grc' dir='ltr'><em>τοὶ</em></span> <span class='ocrx_word' id='word_1_107' title='bbox 351 1010 412 1057; x_wconf 75' lang='grc' dir='ltr'><em>ἕλη</em></span> <span class='ocrx_word' id='word_1_108' title='bbox 442 1011 489 1047; x_wconf 74' lang='grc' dir='ltr'><em>τοὶ</em></span> <span class='ocrx_word' id='word_1_109' title='bbox 513 1011 589 1048; x_wconf 76' lang='grc' dir='ltr'><em>ἅνω</em></span> <span class='ocrx_word' id='word_1_110' title='bbox 618 1017 683 1060; x_wconf 82' lang='grc' dir='ltr'><em>τῆς</em></span> <span class='ocrx_word' id='word_1_111' title='bbox 700 1016 900 1061; x_wconf 83' lang='grc' dir='ltr'><em>Αἰγύπτου,</em></span> 
     </span>
     <span class='ocr_line' id='line_1_17' title="bbox 89 1054 900 1105; baseline 0.01 -14"><span class='ocrx_word' id='word_1_112' title='bbox 89 1056 183 1092; x_wconf 78' lang='grc' dir='ltr'><em>ὅθεν</em></span> <span class='ocrx_word' id='word_1_113' title='bbox 204 1054 223 1091; x_wconf 83' lang='grc' dir='ltr'>ὁ</span> <span class='ocrx_word' id='word_1_114' title='bbox 245 1060 380 1098; x_wconf 74' lang='grc' dir='ltr'><em>Νεῖλος</em></span> <span class='ocrx_word' id='word_1_115' title='bbox 401 1058 468 1103; x_wconf 78' lang='grc' dir='ltr'><em>ῥεῖ.</em></span> <span class='ocrx_word' id='word_1_116' title='bbox 503 1059 578 1095; x_wconf 73' lang='grc' dir='ltr'><em>ἔστι</em></span> <span class='ocrx_word' id='word_1_117' title='bbox 600 1060 639 1096; x_wconf 75' lang='grc' dir='ltr'><em>δὲ</em></span> <span class='ocrx_word' id='word_1_118' title='bbox 662 1061 681 1098; x_wconf 88' lang='grc' dir='ltr'>ὁ</span> <span class='ocrx_word' id='word_1_119' title='bbox 702 1062 816 1105; x_wconf 86' lang='grc' dir='ltr'><em>τόπος</em></span> <span class='ocrx_word' id='word_1_120' title='bbox 836 1060 900 1099; x_wconf 77' lang='grc' dir='ltr'><em>οὗ·</em></span> 
     </span>
     <span class='ocr_line' id='line_1_18' title="bbox 86 1101 899 1151; baseline 0.01 -13"><span class='ocrx_word' id='word_1_121' title='bbox 86 1116 172 1145; x_wconf 85' lang='grc' dir='ltr'><em>τος,</em></span> <span class='ocrx_word' id='word_1_122' title='bbox 195 1105 277 1147; x_wconf 73' lang='grc' dir='ltr'><em>περὶ</em></span> <span class='ocrx_word' id='word_1_123' title='bbox 304 1101 346 1139; x_wconf 78' lang='grc' dir='ltr'><em>ὃν</em></span> <span class='ocrx_word' id='word_1_124' title='bbox 377 1106 412 1140; x_wconf 79' lang='grc' dir='ltr'><em>οἱ</em></span> <span class='ocrx_word' id='word_1_125' title='bbox 438 1107 627 1151; x_wconf 81' lang='grc' dir='ltr'><em>Πυγμαῖοι</em></span> <span class='ocrx_word' id='word_1_126' title='bbox 651 1112 899 1146; x_wconf 77' lang='grc' dir='ltr'><em>κατοικοῦσιν.</em></span> 
     </span>
     <span class='ocr_line' id='line_1_19' title="bbox 86 1148 900 1196; baseline 0.01 -12"><span class='ocrx_word' id='word_1_127' title='bbox 86 1148 134 1184; x_wconf 78' lang='grc' dir='ltr'><em>οὕ</em></span> <span class='ocrx_word' id='word_1_128' title='bbox 153 1148 222 1195; x_wconf 78' lang='grc' dir='ltr'><em>γάρ</em></span> <span class='ocrx_word' id='word_1_129' title='bbox 240 1151 314 1186; x_wconf 84' lang='grc' dir='ltr'><em>έστι</em></span> <span class='ocrx_word' id='word_1_130' title='bbox 335 1153 449 1188; x_wconf 85' lang='grc' dir='ltr'><em>τοῦτο</em></span> <span class='ocrx_word' id='word_1_131' title='bbox 472 1156 610 1196; x_wconf 85' lang='grc' dir='ltr'><em>μῦθος,</em></span> <span class='ocrx_word' id='word_1_132' title='bbox 636 1153 718 1191; x_wconf 69' lang='grc' dir='ltr'><em>ἀλλ’</em></span> <span class='ocrx_word' id='word_1_133' title='bbox 736 1155 810 1192; x_wconf 77' lang='grc' dir='ltr'><em>ἔστι</em></span> <span class='ocrx_word' id='word_1_134' title='bbox 835 1171 900 1192; x_wconf 82' lang='grc' dir='ltr'><em>κα·-</em></span> 
     </span>
     <span class='ocr_line' id='line_1_20' title="bbox 83 1195 893 1246; baseline 0.011 -15"><span class='ocrx_word' id='word_1_135' title='bbox 83 1195 133 1232; x_wconf 79' lang='grc' dir='ltr'><em>τοὶ</em></span> <span class='ocrx_word' id='word_1_136' title='bbox 150 1197 218 1242; x_wconf 80' lang='grc' dir='ltr'><em>τήν</em></span> <span class='ocrx_word' id='word_1_137' title='bbox 237 1196 420 1242; x_wconf 84' lang='grc' dir='ltr'><em>ἀλήθειαν</em></span> <span class='ocrx_word' id='word_1_138' title='bbox 442 1200 547 1244; x_wconf 85' lang='grc' dir='ltr'><em>γένος</em></span> <span class='ocrx_word' id='word_1_139' title='bbox 565 1201 696 1245; x_wconf 83' lang='grc' dir='ltr'><em>μικρὸν</em></span> <span class='ocrx_word' id='word_1_140' title='bbox 714 1202 800 1246; x_wconf 77' lang='grc' dir='ltr'><em>μὲν,</em></span> <span class='ocrx_word' id='word_1_141' title='bbox 825 1202 893 1240; x_wconf 68' lang='grc' dir='ltr'><em>ὥσ·</em></span> 
     </span>
     <span class='ocr_line' id='line_1_21' title="bbox 83 1243 893 1287; baseline 0.01 -9"><span class='ocrx_word' id='word_1_142' title='bbox 83 1256 152 1287; x_wconf 78' lang='grc' dir='ltr'><em>περ</em></span> <span class='ocrx_word' id='word_1_143' title='bbox 182 1243 341 1287; x_wconf 83' lang='grc' dir='ltr'><em>λέγεται,</em></span> <span class='ocrx_word' id='word_1_144' title='bbox 375 1245 437 1279; x_wconf 86' lang='grc' dir='ltr'><em>καὶ</em></span> <span class='ocrx_word' id='word_1_145' title='bbox 474 1247 583 1282; x_wconf 75' lang='grc' dir='ltr'><em>αὐτοὶ</em></span> <span class='ocrx_word' id='word_1_146' title='bbox 611 1249 673 1283; x_wconf 83' lang='grc' dir='ltr'><em>καὶ</em></span> <span class='ocrx_word' id='word_1_147' title='bbox 701 1249 737 1283; x_wconf 76' lang='grc' dir='ltr'><em>οἱ</em></span> <span class='ocrx_word' id='word_1_148' title='bbox 766 1251 893 1286; x_wconf 78' lang='grc' dir='ltr'><em>ἵπποι·</em></span> 
     </span>
     <span class='ocr_line' id='line_1_22' title="bbox 81 1289 895 1341; baseline 0.01 -18"><span class='ocrx_word' id='word_1_149' title='bbox 81 1289 336 1334; x_wconf 81' lang='grc' dir='ltr'><em>τρωγλοδύται</em></span> <span class='ocrx_word' id='word_1_150' title='bbox 376 1289 417 1326; x_wconf 79' lang='grc' dir='ltr'><em>δ’</em></span> <span class='ocrx_word' id='word_1_151' title='bbox 455 1294 524 1328; x_wconf 86' lang='grc' dir='ltr'><em>εἰσὶ</em></span> <span class='ocrx_word' id='word_1_152' title='bbox 562 1292 627 1329; x_wconf 89' lang='grc' dir='ltr'><em>τὸν</em></span> <span class='ocrx_word' id='word_1_153' title='bbox 668 1296 763 1341; x_wconf 86' lang='grc' dir='ltr'><em>βίον.</em></span> <span class='ocrx_word' id='word_1_154' title='bbox 831 1297 895 1331; x_wconf 88' lang='lat' dir='ltr'><em>sed</em></span> 
     </span>
     <span class='ocr_line' id='line_1_23' title="bbox 81 1337 893 1384; baseline 0.011 -15"><span class='ocrx_word' id='word_1_155' title='bbox 81 1337 209 1370; x_wconf 84' lang='lat' dir='ltr'><strong>Strabo</strong></span> <span class='ocrx_word' id='word_1_156' title='bbox 246 1338 301 1372; x_wconf 87' lang='lat'><em>17.</em></span> <span class='ocrx_word' id='word_1_157' title='bbox 334 1347 369 1381; x_wconf 89' lang='lat' dir='ltr'><em>p.</em></span> <span class='ocrx_word' id='word_1_158' title='bbox 400 1337 503 1373; x_wconf 86' lang='lat'><strong>565.:</strong></span> <span class='ocrx_word' id='word_1_159' title='bbox 538 1339 757 1384; x_wconf 83' lang='grc' dir='ltr'><em>(Αἰθίοπες)</em></span> <span class='ocrx_word' id='word_1_160' title='bbox 784 1341 893 1378; x_wconf 92' lang='grc' dir='ltr'><em>κακό-</em></span> 
     </span>
     <span class='ocr_line' id='line_1_24' title="bbox 81 1380 894 1430; baseline 0.011 -14"><span class='ocrx_word' id='word_1_161' title='bbox 81 1384 159 1429; x_wconf 83' lang='grc' dir='ltr'><em>βιοί</em></span> <span class='ocrx_word' id='word_1_162' title='bbox 176 1395 213 1417; x_wconf 88' lang='grc' dir='ltr'><em>τε</em></span> <span class='ocrx_word' id='word_1_163' title='bbox 238 1380 284 1425; x_wconf 79' lang='grc' dir='ltr'><em>δή</em></span> <span class='ocrx_word' id='word_1_164' title='bbox 310 1382 373 1417; x_wconf 85' lang='grc' dir='ltr'><em>καὶ</em></span> <span class='ocrx_word' id='word_1_165' title='bbox 400 1386 580 1430; x_wconf 85' lang='grc' dir='ltr'><em>γνμνῆτές</em></span> <span class='ocrx_word' id='word_1_166' title='bbox 610 1389 680 1422; x_wconf 81' lang='grc' dir='ltr'><em>εἰσι</em></span> <span class='ocrx_word' id='word_1_167' title='bbox 705 1388 752 1424; x_wconf 76' lang='grc' dir='ltr'><em>τὰ</em></span> <span class='ocrx_word' id='word_1_168' title='bbox 775 1389 894 1425; x_wconf 77' lang='grc' dir='ltr'><em>πολλοὶ</em></span> 
     </span>
     <span class='ocr_line' id='line_1_25' title="bbox 80 1428 895 1478; baseline 0.011 -15"><span class='ocrx_word' id='word_1_169' title='bbox 80 1428 144 1464; x_wconf 81' lang='grc' dir='ltr'><em>καὶ</em></span> <span class='ocrx_word' id='word_1_170' title='bbox 168 1429 350 1473; x_wconf 78' lang='grc' dir='ltr'><em>νομάδες,</em></span> <span class='ocrx_word' id='word_1_171' title='bbox 387 1429 435 1464; x_wconf 76' lang='grc' dir='ltr'><em>τά</em></span> <span class='ocrx_word' id='word_1_172' title='bbox 458 1444 497 1467; x_wconf 87' lang='grc' dir='ltr'><em>τε</em></span> <span class='ocrx_word' id='word_1_173' title='bbox 525 1433 742 1478; x_wconf 86' lang='grc' dir='ltr'><em>βοσκήματα</em></span> <span class='ocrx_word' id='word_1_174' title='bbox 763 1434 895 1478; x_wconf 77' lang='grc' dir='ltr'><em>αὐτοῖς</em></span> 
     </span>
     <span class='ocr_line' id='line_1_26' title="bbox 80 1474 893 1529; baseline 0.011 -19"><span class='ocrx_word' id='word_1_175' title='bbox 80 1474 157 1511; x_wconf 77' lang='grc' dir='ltr'><em>ἐστι</em></span> <span class='ocrx_word' id='word_1_176' title='bbox 176 1475 289 1520; x_wconf 78' lang='grc' dir='ltr'><em>μικροὶ</em></span> <span class='ocrx_word' id='word_1_177' title='bbox 307 1474 477 1522; x_wconf 87' lang='grc' dir='ltr'><em>πρόβατα</em></span> <span class='ocrx_word' id='word_1_178' title='bbox 507 1480 571 1515; x_wconf 86' lang='grc' dir='ltr'><em>καὶ</em></span> <span class='ocrx_word' id='word_1_179' title='bbox 597 1481 697 1526; x_wconf 80' lang='grc' dir='ltr'><em>αἶγες</em></span> <span class='ocrx_word' id='word_1_180' title='bbox 722 1483 785 1518; x_wconf 86' lang='grc' dir='ltr'><em>καὶ</em></span> <span class='ocrx_word' id='word_1_181' title='bbox 807 1482 893 1529; x_wconf 85' lang='grc' dir='ltr'><em>βόες</em></span> 
     </span>
     <span class='ocr_line' id='line_1_27' title="bbox 78 1521 892 1574; baseline 0.009 -16"><span class='ocrx_word' id='word_1_182' title='bbox 78 1523 143 1558; x_wconf 84' lang='grc' dir='ltr'><em>καὶ</em></span> <span class='ocrx_word' id='word_1_183' title='bbox 162 1521 271 1563; x_wconf 86' lang='grc' dir='ltr'><em>κύνες</em></span> <span class='ocrx_word' id='word_1_184' title='bbox 287 1525 432 1567; x_wconf 84' lang='grc' dir='ltr'><em>μικροὶ,</em></span> <span class='ocrx_word' id='word_1_185' title='bbox 459 1530 605 1571; x_wconf 80' lang='grc' dir='ltr'><em>τραχεῖς</em></span> <span class='ocrx_word' id='word_1_186' title='bbox 634 1527 673 1563; x_wconf 80' lang='grc' dir='ltr'><em>δὲ</em></span> <span class='ocrx_word' id='word_1_187' title='bbox 694 1528 757 1564; x_wconf 83' lang='grc' dir='ltr'><em>καὶ</em></span> <span class='ocrx_word' id='word_1_188' title='bbox 784 1528 892 1574; x_wconf 82' lang='grc' dir='ltr'><em>μάχι-</em></span> 
     </span>
     <span class='ocr_line' id='line_1_28' title="bbox 79 1569 891 1619; baseline 0.011 -17"><span class='ocrx_word' id='word_1_189' title='bbox 79 1582 143 1614; x_wconf 87' lang='grc' dir='ltr'><em>μοι</em></span> <span class='ocrx_word' id='word_1_190' title='bbox 157 1569 233 1613; x_wconf 76' lang='grc' dir='ltr'><em>(οἱ)</em></span> <span class='ocrx_word' id='word_1_191' title='bbox 246 1571 449 1611; x_wconf 76' lang='grc' dir='ltr'><em>οἰκοῦντες,</em></span> <span class='ocrx_word' id='word_1_192' title='bbox 468 1573 593 1616; x_wconf 85' lang='grc' dir='ltr'><em>μικροὶ</em></span> <span class='ocrx_word' id='word_1_193' title='bbox 612 1571 727 1615; x_wconf 79' lang='grc' dir='ltr'><em>ὄντες.</em></span> <span class='ocrx_word' id='word_1_194' title='bbox 745 1575 839 1619; x_wconf 82' lang='grc' dir='ltr'><em>τάχα</em></span> <span class='ocrx_word' id='word_1_195' title='bbox 851 1574 891 1611; x_wconf 73' lang='grc' dir='ltr'><em>δὲ</em></span> 
     </span>
     <span class='ocr_line' id='line_1_29' title="bbox 78 1614 891 1665; baseline 0.01 -15"><span class='ocrx_word' id='word_1_196' title='bbox 78 1616 142 1651; x_wconf 84' lang='grc' dir='ltr'><em>καὶ</em></span> <span class='ocrx_word' id='word_1_197' title='bbox 169 1614 261 1655; x_wconf 81' lang='grc' dir='ltr'><em>τοὺς</em></span> <span class='ocrx_word' id='word_1_198' title='bbox 290 1618 512 1661; x_wconf 82' lang='grc' dir='ltr'><em>Πυγμαίους</em></span> <span class='ocrx_word' id='word_1_199' title='bbox 548 1618 621 1656; x_wconf 80' lang='grc' dir='ltr'><em>ἀπὸ</em></span> <span class='ocrx_word' id='word_1_200' title='bbox 651 1622 717 1665; x_wconf 85' lang='grc' dir='ltr'><em>τῆς</em></span> <span class='ocrx_word' id='word_1_201' title='bbox 744 1622 891 1659; x_wconf 82' lang='grc' dir='ltr'><em>τούτων</em></span> 
     </span>
     <span class='ocr_line' id='line_1_30' title="bbox 77 1661 890 1714; baseline 0.009 -17"><span class='ocrx_word' id='word_1_202' title='bbox 77 1662 309 1707; x_wconf 69' lang='grc' dir='ltr'><em>μικροφυΐας</em></span> <span class='ocrx_word' id='word_1_203' title='bbox 335 1661 542 1714; x_wconf 70' lang='grc' dir='ltr'><em>ἐπενόησαν</em></span> <span class='ocrx_word' id='word_1_204' title='bbox 565 1666 627 1701; x_wconf 84' lang='grc' dir='ltr'><em>καὶ</em></span> <span class='ocrx_word' id='word_1_205' title='bbox 655 1665 866 1705; x_wconf 78' lang='grc' dir='ltr'><em>ἀνέπλασαν</em></span> <span class='ocrx_word' id='word_1_206' title='bbox 881 1681 890 1690; x_wconf 89' lang='grc'><em>·</em></span> 
     </span>
     <span class='ocr_line' id='line_1_31' title="bbox 77 1706 892 1758; baseline 0.012 -16"><span class='ocrx_word' id='word_1_207' title='bbox 77 1706 249 1754; x_wconf 72' lang='grc' dir='ltr'><em>ἑωρακώς</em></span> <span class='ocrx_word' id='word_1_208' title='bbox 274 1707 343 1752; x_wconf 77' lang='grc' dir='ltr'><em>μὲν</em></span> <span class='ocrx_word' id='word_1_209' title='bbox 361 1708 431 1754; x_wconf 84' lang='grc' dir='ltr'><em>γὰρ</em></span> <span class='ocrx_word' id='word_1_210' title='bbox 459 1713 585 1753; x_wconf 76' lang='grc' dir='ltr'><em>οὐδεὶς</em></span> <span class='ocrx_word' id='word_1_211' title='bbox 612 1712 792 1758; x_wconf 76' lang='grc' dir='ltr'><em>ἐξηγεῖται</em></span> <span class='ocrx_word' id='word_1_212' title='bbox 818 1718 892 1752; x_wconf 74' lang='grc' dir='ltr'><em>τῶν</em></span> 
     </span>
     <span class='ocr_line' id='line_1_32' title="bbox 77 1756 892 1805; baseline 0.007 -15"><span class='ocrx_word' id='word_1_213' title='bbox 77 1758 237 1797; x_wconf 87' lang='grc' dir='ltr'><em>πίστεως</em></span> <span class='ocrx_word' id='word_1_214' title='bbox 257 1756 372 1798; x_wconf 80' lang='grc' dir='ltr'><em>ἀξίων</em></span> <span class='ocrx_word' id='word_1_215' title='bbox 402 1756 562 1800; x_wconf 68' lang='grc' dir='ltr'><em>ἀνδρῶν.</em></span> <span class='ocrx_word' id='word_1_216' title='bbox 598 1761 778 1805; x_wconf 80' lang='lat' dir='ltr'><strong>postremis</strong></span> <span class='ocrx_word' id='word_1_217' title='bbox 798 1763 892 1797; x_wconf 89' lang='lat' dir='ltr'><strong>hisce</strong></span> 
     </span>
     <span class='ocr_line' id='line_1_33' title="bbox 77 1803 890 1851; baseline 0.009 -15"><span class='ocrx_word' id='word_1_218' title='bbox 77 1803 195 1837; x_wconf 71' lang='lat' dir='ltr'><strong>verbis</strong></span> <span class='ocrx_word' id='word_1_219' title='bbox 220 1813 286 1835; x_wconf 93' lang='lat' dir='ltr'><strong>non</strong></span> <span class='ocrx_word' id='word_1_220' title='bbox 311 1807 380 1836; x_wconf 89' lang='lat' dir='ltr'><em>tam</em></span> <span class='ocrx_word' id='word_1_221' title='bbox 403 1803 639 1849; x_wconf 88' lang='lat' dir='ltr'><strong>philosophum</strong></span> <span class='ocrx_word' id='word_1_222' title='bbox 664 1811 810 1851; x_wconf 82' lang='lat' dir='ltr'><strong>tangere</strong></span> <span class='ocrx_word' id='word_1_223' title='bbox 837 1809 890 1843; x_wconf 85' lang='lat' dir='ltr'><strong>vi-</strong></span> 
     </span>
     <span class='ocr_line' id='line_1_34' title="bbox 77 1848 891 1900; baseline 0.009 -18"><span class='ocrx_word' id='word_1_224' title='bbox 77 1848 194 1889; x_wconf 88' lang='lat' dir='ltr'><strong>detur,</strong></span> <span class='ocrx_word' id='word_1_225' title='bbox 219 1853 375 1882; x_wconf 84' lang='lat' dir='ltr'><strong>secutum</strong></span> <span class='ocrx_word' id='word_1_226' title='bbox 397 1850 492 1883; x_wconf 89' lang='lat' dir='ltr'><strong>illum</strong></span> <span class='ocrx_word' id='word_1_227' title='bbox 510 1851 601 1885; x_wconf 85' lang='lat' dir='ltr'><strong>haud</strong></span> <span class='ocrx_word' id='word_1_228' title='bbox 621 1852 725 1886; x_wconf 87' lang='lat' dir='ltr'><strong>dubie</strong></span> <span class='ocrx_word' id='word_1_229' title='bbox 742 1854 891 1900; x_wconf 89' lang='lat' dir='ltr'><strong>scripto-</strong></span> 
     </span>
     <span class='ocr_line' id='line_1_35' title="bbox 75 1896 888 1942; baseline 0.01 -14"><span class='ocrx_word' id='word_1_230' title='bbox 75 1906 134 1929; x_wconf 87' lang='lat' dir='ltr'><em>res</em></span> <span class='ocrx_word' id='word_1_231' title='bbox 157 1905 272 1929; x_wconf 88' lang='lat' dir='ltr'><strong>rerum</strong></span> <span class='ocrx_word' id='word_1_232' title='bbox 296 1896 482 1930; x_wconf 82' lang='lat' dir='ltr'>Alexandri</span> <span class='ocrx_word' id='word_1_233' title='bbox 506 1897 575 1939; x_wconf 76' lang='lat' dir='ltr'><em>M,</em></span> <span class='ocrx_word' id='word_1_234' title='bbox 605 1910 706 1942; x_wconf 80' lang='lat' dir='ltr'><strong>quam</strong></span> <span class='ocrx_word' id='word_1_235' title='bbox 737 1900 888 1935; x_wconf 84' lang='lat' dir='ltr'><strong>Ctesiam</strong></span> 
     </span>
     <span class='ocr_line' id='line_1_36' title="bbox 74 1941 888 1988; baseline 0.007 -13"><span class='ocrx_word' id='word_1_236' title='bbox 74 1945 181 1986; x_wconf 81' lang='lat' dir='ltr'><strong>atque</strong></span> <span class='ocrx_word' id='word_1_237' title='bbox 212 1941 444 1983; x_wconf 81' lang='lat' dir='ltr'><strong>Hecataeum,</strong></span> <span class='ocrx_word' id='word_1_238' title='bbox 478 1953 544 1986; x_wconf 92' lang='lat' dir='ltr'><strong>quo</strong></span> <span class='ocrx_word' id='word_1_239' title='bbox 579 1944 716 1988; x_wconf 86' lang='lat' dir='ltr'><strong>quidem</strong></span> <span class='ocrx_word' id='word_1_240' title='bbox 747 1953 888 1981; x_wconf 86' lang='lat' dir='ltr'><strong>auctore</strong></span> 
     </span>
     <span class='ocr_line' id='line_1_37' title="bbox 76 1987 888 2032; baseline 0.007 -11"><span class='ocrx_word' id='word_1_241' title='bbox 76 1987 226 2021; x_wconf 82' lang='lat' dir='ltr'>Plinium</span> <span class='ocrx_word' id='word_1_242' title='bbox 251 1989 285 2027; x_wconf 89' lang='lat'><em>7,</em></span> <span class='ocrx_word' id='word_1_243' title='bbox 311 1989 344 2022; x_wconf 76' lang='lat'><em>2.</em></span> <span class='ocrx_word' id='word_1_244' title='bbox 371 1999 405 2032; x_wconf 87' lang='lat' dir='ltr'><em>p.</em></span> <span class='ocrx_word' id='word_1_245' title='bbox 428 1990 510 2024; x_wconf 86' lang='lat'><strong>373.</strong></span> <span class='ocrx_word' id='word_1_246' title='bbox 535 1989 590 2024; x_wconf 85' lang='lat' dir='ltr'><em>ed.</em></span> <span class='ocrx_word' id='word_1_247' title='bbox 607 1990 775 2026; x_wconf 87' lang='lat' dir='ltr'><strong>Harduin.</strong></span> <span class='ocrx_word' id='word_1_248' title='bbox 801 1994 888 2027; x_wconf 85' lang='lat' dir='ltr'><strong>haec</strong></span> 
     </span>
     <span class='ocr_line' id='line_1_38' title="bbox 76 2032 887 2080; baseline 0.01 -15"><span class='ocrx_word' id='word_1_249' title='bbox 76 2033 276 2078; x_wconf 79' lang='lat' dir='ltr'>prodidisse</span> <span class='ocrx_word' id='word_1_250' title='bbox 300 2032 343 2066; x_wconf 83' lang='lat' dir='ltr'><strong>de</strong></span> <span class='ocrx_word' id='word_1_251' title='bbox 367 2034 572 2078; x_wconf 81' lang='lat' dir='ltr'><strong>Pygmaeis:</strong></span> <span class='ocrx_word' id='word_1_252' title='bbox 589 2038 698 2079; x_wconf 85' lang='lat' dir='ltr'><em>fama</em></span> <span class='ocrx_word' id='word_1_253' title='bbox 718 2044 779 2080; x_wconf 83' lang='lat' dir='ltr'><strong>est,</strong></span> <span class='ocrx_word' id='word_1_254' title='bbox 803 2040 887 2073; x_wconf 84' lang='lat' dir='ltr'><strong>insi-</strong></span> 
     </span>
     <span class='ocr_line' id='line_1_39' title="bbox 74 2080 887 2126; baseline 0.007 -13"><span class='ocrx_word' id='word_1_255' title='bbox 74 2081 195 2113; x_wconf 79' lang='lat' dir='ltr'><em>dentes</em></span> <span class='ocrx_word' id='word_1_256' title='bbox 215 2080 364 2114; x_wconf 78' lang='lat' dir='ltr'><strong>arietum</strong></span> <span class='ocrx_word' id='word_1_257' title='bbox 392 2092 644 2126; x_wconf 80' lang='lat' dir='ltr'><strong>caprarumque</strong></span> <span class='ocrx_word' id='word_1_258' title='bbox 671 2084 800 2126; x_wconf 82' lang='lat' dir='ltr'><em>dorsis,</em></span> <span class='ocrx_word' id='word_1_259' title='bbox 826 2097 887 2119; x_wconf 83' lang='lat' dir='ltr'><strong>ar-</strong></span> 
     </span>
     <span class='ocr_line' id='line_1_40' title="bbox 72 2127 886 2172; baseline 0.007 -12"><span class='ocrx_word' id='word_1_260' title='bbox 72 2131 183 2160; x_wconf 79' lang='lat' dir='ltr'><strong>matos</strong></span> <span class='ocrx_word' id='word_1_261' title='bbox 226 2127 389 2170; x_wconf 76' lang='lat' dir='ltr'><strong><em>sagittis,</em></strong></span> <span class='ocrx_word' id='word_1_262' title='bbox 426 2128 518 2161; x_wconf 78' lang='lat' dir='ltr'><strong>veris</strong></span> <span class='ocrx_word' id='word_1_263' title='bbox 555 2133 707 2172; x_wconf 83' lang='lat' dir='ltr'><strong>tempore</strong></span> <span class='ocrx_word' id='word_1_264' title='bbox 745 2131 886 2167; x_wconf 78' lang='lat' dir='ltr'><strong>univero</strong></span> 
     </span>
     <span class='ocr_line' id='line_1_41' title="bbox 74 2173 888 2218; baseline 0.01 -14"><span class='ocrx_word' id='word_1_265' title='bbox 74 2173 205 2216; x_wconf 87' lang='lat' dir='ltr'><strong>(malim</strong></span> <span class='ocrx_word' id='word_1_266' title='bbox 235 2173 431 2217; x_wconf 82' lang='lat' dir='ltr'><strong>universos)</strong></span> <span class='ocrx_word' id='word_1_267' title='bbox 456 2175 599 2218; x_wconf 79' lang='lat' dir='ltr'><em>agmine</em></span> <span class='ocrx_word' id='word_1_268' title='bbox 625 2176 674 2208; x_wconf 85' lang='lat' dir='ltr'><em>ad</em></span> <span class='ocrx_word' id='word_1_269' title='bbox 702 2187 800 2211; x_wconf 86' lang='lat' dir='ltr'><strong>mare</strong></span> <span class='ocrx_word' id='word_1_270' title='bbox 826 2178 888 2211; x_wconf 85' lang='lat' dir='ltr'><strong>de-</strong></span> 
     </span>
     <span class='ocr_line' id='line_1_42' title="bbox 71 2219 886 2264; baseline 0.007 -13"><span class='ocrx_word' id='word_1_271' title='bbox 71 2219 256 2260; x_wconf 76' lang='lat' dir='ltr'><strong>scendere,</strong></span> <span class='ocrx_word' id='word_1_272' title='bbox 281 2223 314 2252; x_wconf 83' lang='lat' dir='ltr'><strong>et</strong></span> <span class='ocrx_word' id='word_1_273' title='bbox 338 2231 404 2252; x_wconf 85' lang='lat' dir='ltr'><em>ova</em></span> <span class='ocrx_word' id='word_1_274' title='bbox 421 2222 598 2264; x_wconf 74' lang='lat' dir='ltr'><strong>pullosque</strong></span> <span class='ocrx_word' id='word_1_275' title='bbox 619 2233 738 2255; x_wconf 82' lang='lat' dir='ltr'><strong>carum</strong></span> <span class='ocrx_word' id='word_1_276' title='bbox 761 2224 886 2258; x_wconf 77' lang='lat' dir='ltr'><strong>alitum</strong></span> 
     </span>
     <span class='ocr_line' id='line_1_43' title="bbox 72 2264 885 2313; baseline 0.009 -17"><span class='ocrx_word' id='word_1_277' title='bbox 72 2265 194 2308; x_wconf 83' lang='lat' dir='ltr'><strong>(grues</strong></span> <span class='ocrx_word' id='word_1_278' title='bbox 225 2264 329 2309; x_wconf 78' lang='lat' dir='ltr'><strong>dicit)</strong></span> <span class='ocrx_word' id='word_1_279' title='bbox 357 2277 552 2300; x_wconf 84' lang='lat' dir='ltr'><strong>consumere</strong></span> <span class='ocrx_word' id='word_1_280' title='bbox 561 2279 575 2307; x_wconf 82' lang='lat'><em>‚-</em></span> <span class='ocrx_word' id='word_1_281' title='bbox 608 2268 716 2301; x_wconf 80' lang='lat' dir='ltr'><strong>ternis</strong></span> <span class='ocrx_word' id='word_1_282' title='bbox 745 2271 885 2313; x_wconf 71' lang='lat' dir='ltr'><strong>expedi-</strong></span> 
     </span>
     <span class='ocr_line' id='line_1_44' title="bbox 70 2313 882 2359; baseline 0.006 -14"><span class='ocrx_word' id='word_1_283' title='bbox 70 2313 197 2345; x_wconf 82' lang='lat' dir='ltr'><em>tionem</em></span> <span class='ocrx_word' id='word_1_284' title='bbox 225 2322 301 2344; x_wconf 87' lang='lat' dir='ltr'><em>eam</em></span> <span class='ocrx_word' id='word_1_285' title='bbox 325 2313 494 2345; x_wconf 83' lang='lat' dir='ltr'><strong>mensibus</strong></span> <span class='ocrx_word' id='word_1_286' title='bbox 525 2314 666 2356; x_wconf 82' lang='lat' dir='ltr'><strong>confici3</strong></span> <span class='ocrx_word' id='word_1_287' title='bbox 699 2316 805 2349; x_wconf 83' lang='lat' dir='ltr'><strong>aliter</strong></span> <span class='ocrx_word' id='word_1_288' title='bbox 824 2319 882 2359; x_wconf 79' lang='lat' dir='ltr'><em>fn—</em></span> 
     </span>
     <span class='ocr_line' id='line_1_45' title="bbox 68 2357 884 2402; baseline 0.005 -10"><span class='ocrx_word' id='word_1_289' title='bbox 68 2358 157 2392; x_wconf 81' lang='lat' dir='ltr'><strong>turis</strong></span> <span class='ocrx_word' id='word_1_290' title='bbox 178 2357 348 2402; x_wconf 76' lang='lat' dir='ltr'><em>gregibus</em></span> <span class='ocrx_word' id='word_1_291' title='bbox 374 2369 442 2391; x_wconf 80' lang='lat' dir='ltr'><strong>non</strong></span> <span class='ocrx_word' id='word_1_292' title='bbox 466 2359 591 2400; x_wconf 82' lang='lat' dir='ltr'><em>resisti,</em></span> <span class='ocrx_word' id='word_1_293' title='bbox 630 2371 673 2393; x_wconf 85' lang='lat' dir='ltr'><strong>ex</strong></span> <span class='ocrx_word' id='word_1_294' title='bbox 700 2361 827 2395; x_wconf 90' lang='lat' dir='ltr'><strong>Scholl.</strong></span> <span class='ocrx_word' id='word_1_295' title='bbox 853 2363 884 2396; x_wconf 92' lang='lat' dir='ltr'>A</span> 
     </span>
     <span class='ocr_line' id='line_1_46' title="bbox 69 2402 884 2451; baseline 0.009 -15"><span class='ocrx_word' id='word_1_296' title='bbox 69 2408 108 2437; x_wconf 86' lang='lat' dir='ltr'><strong>et</strong></span> <span class='ocrx_word' id='word_1_297' title='bbox 141 2403 171 2436; x_wconf 93' lang='lat' dir='ltr'>B</span> <span class='ocrx_word' id='word_1_298' title='bbox 204 2402 348 2437; x_wconf 84' lang='lat' dir='ltr'><strong>Venetis</strong></span> <span class='ocrx_word' id='word_1_299' title='bbox 393 2408 428 2437; x_wconf 88' lang='lat' dir='ltr'><strong>et</strong></span> <span class='ocrx_word' id='word_1_300' title='bbox 460 2405 636 2449; x_wconf 88' lang='lat' dir='ltr'><strong>Lipsiensi</strong></span> <span class='ocrx_word' id='word_1_301' title='bbox 668 2405 884 2451; x_wconf 73' lang='lat' dir='ltr'><strong>intelligitur.</strong></span> 
     </span>
     <span class='ocr_line' id='line_1_47' title="bbox 70 2449 883 2496; baseline 0.006 -13"><span class='ocrx_word' id='word_1_302' title='bbox 70 2449 180 2483; x_wconf 83' lang='lat' dir='ltr'>tradit</span> <span class='ocrx_word' id='word_1_303' title='bbox 202 2455 315 2483; x_wconf 81' lang='lat' dir='ltr'><strong>autem</strong></span> <span class='ocrx_word' id='word_1_304' title='bbox 337 2449 425 2483; x_wconf 90' lang='lat' dir='ltr'><strong>Plin.</strong></span> <span class='ocrx_word' id='word_1_305' title='bbox 443 2457 540 2485; x_wconf 87' lang='lat' dir='ltr'><strong>certe</strong></span> <span class='ocrx_word' id='word_1_306' title='bbox 565 2453 597 2487; x_wconf 91' lang='lat' dir='ltr'><em>h.</em></span> <span class='ocrx_word' id='word_1_307' title='bbox 621 2452 643 2485; x_wconf 93' lang='lat' dir='ltr'><em>l.</em></span> <span class='ocrx_word' id='word_1_308' title='bbox 671 2452 735 2496; x_wconf 89' lang='lat' dir='ltr'><strong>(cf.</strong></span> <span class='ocrx_word' id='word_1_309' title='bbox 755 2453 883 2488; x_wconf 87' lang='lat' dir='ltr'><strong>Cellar.</strong></span> 
     </span>
     <span class='ocr_line' id='line_1_48' title="bbox 68 2495 884 2542; baseline 0.004 -12"><span class='ocrx_word' id='word_1_310' title='bbox 68 2496 103 2536; x_wconf 75' lang='lat'><em>2,</em></span> <span class='ocrx_word' id='word_1_311' title='bbox 128 2495 163 2535; x_wconf 86' lang='lat'><em>4,</em></span> <span class='ocrx_word' id='word_1_312' title='bbox 187 2496 219 2532; x_wconf 82' lang='lat'><em>8.</em></span> <span class='ocrx_word' id='word_1_313' title='bbox 245 2507 278 2540; x_wconf 89' lang='lat' dir='ltr'><em>p.</em></span> <span class='ocrx_word' id='word_1_314' title='bbox 303 2495 417 2540; x_wconf 57' lang='lat'>246),</span> <span class='ocrx_word' id='word_1_315' title='bbox 443 2507 519 2531; x_wconf 87' lang='lat' dir='ltr'><strong>esse</strong></span> <span class='ocrx_word' id='word_1_316' title='bbox 544 2497 737 2542; x_wconf 80' lang='lat' dir='ltr'><em>Pygmaeos</em></span> <span class='ocrx_word' id='word_1_317' title='bbox 760 2499 795 2532; x_wconf 93' lang='lat' dir='ltr'><strong>in</strong></span> <span class='ocrx_word' id='word_1_318' title='bbox 821 2511 884 2534; x_wconf 88' lang='lat' dir='ltr'><strong>ex-</strong></span> 
     </span>
     <span class='ocr_line' id='line_1_49' title="bbox 68 2541 880 2587; baseline 0.007 -13"><span class='ocrx_word' id='word_1_319' title='bbox 68 2542 186 2575; x_wconf 81' lang='lat' dir='ltr'><strong>tremis</strong></span> <span class='ocrx_word' id='word_1_320' title='bbox 220 2541 341 2576; x_wconf 82' lang='lat' dir='ltr'>Indiae</span> <span class='ocrx_word' id='word_1_321' title='bbox 365 2543 537 2587; x_wconf 80' lang='lat' dir='ltr'><strong>gentibus.</strong></span> <span class='ocrx_word' id='word_1_322' title='bbox 578 2555 643 2578; x_wconf 90' lang='lat' dir='ltr'><strong>nec</strong></span> <span class='ocrx_word' id='word_1_323' title='bbox 668 2544 771 2578; x_wconf 85' lang='lat' dir='ltr'><strong>aliter</strong></span> <span class='ocrx_word' id='word_1_324' title='bbox 795 2547 880 2580; x_wconf 81' lang='lat' dir='ltr'><strong>Cte-</strong></span> 
     </span>
     <span class='ocr_line' id='line_1_50' title="bbox 68 2587 881 2635; baseline 0.006 -15"><span class='ocrx_word' id='word_1_325' title='bbox 68 2588 138 2620; x_wconf 83' lang='lat' dir='ltr'><strong>sias</strong></span> <span class='ocrx_word' id='word_1_326' title='bbox 154 2587 277 2632; x_wconf 84' lang='lat' dir='ltr'><strong>Eclog.</strong></span> <span class='ocrx_word' id='word_1_327' title='bbox 297 2588 374 2622; x_wconf 89' lang='lat' dir='ltr'><em>Ind.</em></span> <span class='ocrx_word' id='word_1_328' title='bbox 399 2601 475 2634; x_wconf 87' lang='lat' dir='ltr'><strong>cap.</strong></span> <span class='ocrx_word' id='word_1_329' title='bbox 497 2591 531 2623; x_wconf 70' lang='grc' dir='ltr'><em>Ξ.</em></span> <span class='ocrx_word' id='word_1_330' title='bbox 549 2591 674 2634; x_wconf 74' lang='lat' dir='ltr'><strong>p.250.</strong></span> <span class='ocrx_word' id='word_1_331' title='bbox 694 2591 748 2624; x_wconf 89' lang='lat' dir='ltr'><em>ed.</em></span> <span class='ocrx_word' id='word_1_332' title='bbox 761 2591 881 2635; x_wconf 61' lang='lat' dir='ltr'><strong>Bahr„</strong></span> 
     </span>
     <span class='ocr_line' id='line_1_51' title="bbox 68 2632 882 2682; baseline 0.009 -16"><span class='ocrx_word' id='word_1_333' title='bbox 68 2632 130 2666; x_wconf 90' lang='lat' dir='ltr'><strong>ubi</strong></span> <span class='ocrx_word' id='word_1_334' title='bbox 155 2633 241 2667; x_wconf 86' lang='lat' dir='ltr'><strong>haec</strong></span> <span class='ocrx_word' id='word_1_335' title='bbox 265 2634 449 2679; x_wconf 81' lang='lat' dir='ltr'><strong>leguntur:</strong></span> <span class='ocrx_word' id='word_1_336' title='bbox 486 2633 546 2670; x_wconf 79' lang='grc' dir='ltr'><em>ὅτι</em></span> <span class='ocrx_word' id='word_1_337' title='bbox 577 2634 615 2671; x_wconf 81' lang='grc' dir='ltr'><em>έν</em></span> <span class='ocrx_word' id='word_1_338' title='bbox 643 2635 732 2682; x_wconf 84' lang='grc' dir='ltr'><em>μέσῃ</em></span> <span class='ocrx_word' id='word_1_339' title='bbox 753 2640 800 2682; x_wconf 88' lang='grc' dir='ltr'><em>τῇ</em></span> <span class='ocrx_word' id='word_1_340' title='bbox 815 2635 882 2673; x_wconf 85' lang='grc' dir='ltr'><em>Ἰν-</em></span> 
     </span>
     <span class='ocr_line' id='line_1_52' title="bbox 70 2678 882 2725; baseline 0.007 -12"><span class='ocrx_word' id='word_1_341' title='bbox 70 2679 156 2725; x_wconf 82' lang='grc' dir='ltr'><em>δικῇ</em></span> <span class='ocrx_word' id='word_1_342' title='bbox 191 2678 390 2721; x_wconf 78' lang='grc' dir='ltr'><em>ἄνθρωποί</em></span> <span class='ocrx_word' id='word_1_343' title='bbox 420 2683 490 2717; x_wconf 88' lang='grc' dir='ltr'><em>εἰσι</em></span> <span class='ocrx_word' id='word_1_344' title='bbox 518 2681 690 2725; x_wconf 86' lang='grc' dir='ltr'><em>μέλανες,</em></span> <span class='ocrx_word' id='word_1_345' title='bbox 724 2685 788 2719; x_wconf 82' lang='grc' dir='ltr'><em>καὶ</em></span> <span class='ocrx_word' id='word_1_346' title='bbox 815 2697 882 2719; x_wconf 81' lang='grc' dir='ltr'><em>κα-</em></span> 
     </span>
     <span class='ocr_line' id='line_1_53' title="bbox 69 2726 882 2774; baseline 0.006 -13"><span class='ocrx_word' id='word_1_347' title='bbox 69 2726 224 2761; x_wconf 80' lang='grc' dir='ltr'><em>λοῦνται</em></span> <span class='ocrx_word' id='word_1_348' title='bbox 259 2728 475 2770; x_wconf 69' lang='grc' dir='ltr'><em>Πυγμαῖοι,</em></span> <span class='ocrx_word' id='word_1_349' title='bbox 519 2732 600 2771; x_wconf 82' lang='grc' dir='ltr'><em>τοῖς</em></span> <span class='ocrx_word' id='word_1_350' title='bbox 634 2727 757 2769; x_wconf 73' lang='grc' dir='ltr'><em>ἄλλοις</em></span> <span class='ocrx_word' id='word_1_351' title='bbox 788 2728 882 2774; x_wconf 85' lang='grc' dir='ltr'><em>ὁμό-</em></span> 
     </span>
     <span class='ocr_line' id='line_1_54' title="bbox 69 2770 881 2820; baseline 0.006 -14"><span class='ocrx_word' id='word_1_352' title='bbox 69 2774 225 2817; x_wconf 82' lang='grc' dir='ltr'><em>γλωσσοι</em></span> <span class='ocrx_word' id='word_1_353' title='bbox 257 2770 406 2813; x_wconf 67' lang='grc' dir='ltr'><em>Ἰνδοῖς·</em></span> <span class='ocrx_word' id='word_1_354' title='bbox 445 2775 570 2819; x_wconf 82' lang='grc' dir='ltr'><em>μικροὶ</em></span> <span class='ocrx_word' id='word_1_355' title='bbox 609 2775 651 2812; x_wconf 84' lang='grc' dir='ltr'><em>δέ</em></span> <span class='ocrx_word' id='word_1_356' title='bbox 685 2777 756 2810; x_wconf 82' lang='grc' dir='ltr'><em>εἰσι</em></span> <span class='ocrx_word' id='word_1_357' title='bbox 786 2778 881 2820; x_wconf 83' lang='grc' dir='ltr'><em>λίαν,</em></span> 
     </span>
     <span class='ocr_line' id='line_1_55' title="bbox 71 2818 881 2865; baseline 0.005 -11"><span class='ocrx_word' id='word_1_358' title='bbox 71 2819 108 2854; x_wconf 76' lang='grc' dir='ltr'><em>οἱ</em></span> <span class='ocrx_word' id='word_1_359' title='bbox 126 2818 356 2863; x_wconf 82' lang='grc' dir='ltr'><em>μακρότατοι</em></span> <span class='ocrx_word' id='word_1_360' title='bbox 377 2819 524 2865; x_wconf 84' lang='grc' dir='ltr'><em>πήχεων</em></span> <span class='ocrx_word' id='word_1_361' title='bbox 550 2818 620 2857; x_wconf 77' lang='grc' dir='ltr'><em>δύο</em></span> <span class='ocrx_word' id='word_1_362' title='bbox 633 2847 644 2864; x_wconf 91' lang='grc'><em>,</em></span> <span class='ocrx_word' id='word_1_363' title='bbox 669 2821 706 2857; x_wconf 83' lang='grc' dir='ltr'><em>οὶ</em></span> <span class='ocrx_word' id='word_1_364' title='bbox 725 2819 765 2857; x_wconf 74' lang='grc' dir='ltr'><em>δὲ</em></span> <span class='ocrx_word' id='word_1_365' title='bbox 782 2826 881 2859; x_wconf 87' lang='grc' dir='ltr'><em>πλεῖ-</em></span> 
     </span>
     <span class='ocr_line' id='line_1_56' title="bbox 71 2863 880 2913; baseline 0.005 -13"><span class='ocrx_word' id='word_1_366' title='bbox 71 2877 152 2900; x_wconf 83' lang='grc' dir='ltr'><em>στοι</em></span> <span class='ocrx_word' id='word_1_367' title='bbox 182 2863 265 2906; x_wconf 69' lang='grc' dir='ltr'><em>ἑνὸς</em></span> <span class='ocrx_word' id='word_1_368' title='bbox 295 2865 417 2910; x_wconf 89' lang='grc' dir='ltr'><em>(καὶ)</em></span> <span class='ocrx_word' id='word_1_369' title='bbox 459 2866 608 2911; x_wconf 86' lang='grc' dir='ltr'><em>ἡμίσεος</em></span> <span class='ocrx_word' id='word_1_370' title='bbox 636 2867 781 2913; x_wconf 83' lang='grc' dir='ltr'><em>πήχεως</em></span> <span class='ocrx_word' id='word_1_371' title='bbox 812 2873 880 2904; x_wconf 88' lang='lat' dir='ltr'><strong>etc.</strong></span> 
     </span>
     <span class='ocr_line' id='line_1_57' title="bbox 69 2912 879 2958; baseline 0.005 -13"><span class='ocrx_word' id='word_1_372' title='bbox 69 2917 206 2957; x_wconf 87' lang='lat' dir='ltr'><strong>spectat</strong></span> <span class='ocrx_word' id='word_1_373' title='bbox 231 2913 297 2946; x_wconf 87' lang='lat' dir='ltr'><strong>hoc</strong></span> <span class='ocrx_word' id='word_1_374' title='bbox 320 2912 364 2946; x_wconf 80' lang='lat' dir='ltr'><em>ad</em></span> <span class='ocrx_word' id='word_1_375' title='bbox 383 2913 557 2958; x_wconf 82' lang='lat' dir='ltr'><strong>vulgarem</strong></span> <span class='ocrx_word' id='word_1_376' title='bbox 584 2915 793 2949; x_wconf 86' lang='lat' dir='ltr'><strong>notationem</strong></span> <span class='ocrx_word' id='word_1_377' title='bbox 816 2927 879 2949; x_wconf 89' lang='lat' dir='ltr'><strong>no-</strong></span> 
     </span>
     <span class='ocr_line' id='line_1_58' title="bbox 71 2958 879 3006; baseline 0.006 -16"><span class='ocrx_word' id='word_1_378' title='bbox 71 2958 170 2991; x_wconf 81' lang='lat' dir='ltr'><strong>minis</strong></span> <span class='ocrx_word' id='word_1_379' title='bbox 187 2960 392 3003; x_wconf 79' lang='grc' dir='ltr'><em>Πυγμαῖος.</em></span> <span class='ocrx_word' id='word_1_380' title='bbox 424 2959 468 2994; x_wconf 90' lang='lat' dir='ltr'><strong>de</strong></span> <span class='ocrx_word' id='word_1_381' title='bbox 489 2960 627 3006; x_wconf 92' lang='lat' dir='ltr'><strong>populis</strong></span> <span class='ocrx_word' id='word_1_382' title='bbox 651 2961 793 3005; x_wconf 83' lang='lat' dir='ltr'><strong>pusillis,</strong></span> <span class='ocrx_word' id='word_1_383' title='bbox 819 2961 879 3006; x_wconf 88' lang='lat' dir='ltr'><strong>qui</strong></span> 
     </span>
     <span class='ocr_line' id='line_1_59' title="bbox 72 3004 881 3053; baseline 0.005 -15"><span class='ocrx_word' id='word_1_384' title='bbox 72 3008 108 3038; x_wconf 85' lang='lat' dir='ltr'><strong>et</strong></span> <span class='ocrx_word' id='word_1_385' title='bbox 129 3004 208 3039; x_wconf 87' lang='lat' dir='ltr'><strong>olim</strong></span> <span class='ocrx_word' id='word_1_386' title='bbox 233 3005 393 3047; x_wconf 79' lang='lat' dir='ltr'><strong>suerunt,</strong></span> <span class='ocrx_word' id='word_1_387' title='bbox 417 3009 454 3039; x_wconf 83' lang='lat' dir='ltr'><strong>et</strong></span> <span class='ocrx_word' id='word_1_388' title='bbox 477 3006 590 3040; x_wconf 80' lang='lat' dir='ltr'><strong>adhuc</strong></span> <span class='ocrx_word' id='word_1_389' title='bbox 613 3011 713 3048; x_wconf 80' lang='lat' dir='ltr'><strong>sunt,</strong></span> <span class='ocrx_word' id='word_1_390' title='bbox 738 3012 881 3053; x_wconf 84' lang='lat' dir='ltr'><strong>praeter</strong></span> 
     </span>
    </p>
   </div>
   <div class='ocr_carea' id='block_1_6' title="bbox 924 649 1811 3078">
    <p class='ocr_par' dir='ltr' id='par_1_7' title="bbox 947 649 1760 1112">
     <span class='ocr_line' id='line_1_60' title="bbox 951 649 1759 698; baseline 0.009 -16"><span class='ocrx_word' id='word_1_391' title='bbox 951 649 1094 683; x_wconf 85' lang='lat' dir='ltr'><strong>Buffoni</strong></span> <span class='ocrx_word' id='word_1_392' title='bbox 1117 655 1152 685; x_wconf 84' lang='lat' dir='ltr'><strong>et</strong></span> <span class='ocrx_word' id='word_1_393' title='bbox 1169 651 1310 686; x_wconf 85' lang='lat' dir='ltr'><strong>aliorum</strong></span> <span class='ocrx_word' id='word_1_394' title='bbox 1331 652 1626 698; x_wconf 85' lang='lat' dir='ltr'><strong>disputationesH</strong></span> <span class='ocrx_word' id='word_1_395' title='bbox 1646 655 1759 689; x_wconf 82' lang='lat' dir='ltr'><strong>evolvi</strong></span> 
     </span>
     <span class='ocr_line' id='line_1_61' title="bbox 948 696 1760 739; baseline 0.007 -11"><span class='ocrx_word' id='word_1_396' title='bbox 948 696 1054 739; x_wconf 85' lang='lat' dir='ltr'><strong>jussit</strong></span> <span class='ocrx_word' id='word_1_397' title='bbox 1078 697 1175 730; x_wconf 87' lang='lat' dir='ltr'><strong>Cami</strong></span> <span class='ocrx_word' id='word_1_398' title='bbox 1203 698 1310 731; x_wconf 81' lang='lat' dir='ltr'><strong>Notes</strong></span> <span class='ocrx_word' id='word_1_399' title='bbox 1331 710 1392 732; x_wconf 85' lang='lat' dir='ltr'><em>sur</em></span> <span class='ocrx_word' id='word_1_400' title='bbox 1411 701 1432 732; x_wconf 88' lang='lat' dir='ltr'><em>l&#39;</em></span> <span class='ocrx_word' id='word_1_401' title='bbox 1444 700 1583 734; x_wconf 76' lang='lat' dir='ltr'><strong>histoire</strong></span> <span class='ocrx_word' id='word_1_402' title='bbox 1603 701 1663 734; x_wconf 87' lang='lat' dir='ltr'><em>des</em></span> <span class='ocrx_word' id='word_1_403' title='bbox 1683 701 1760 734; x_wconf 77' lang='lat' dir='ltr'><strong>ani—</strong></span> 
     </span>
     <span class='ocr_line' id='line_1_62' title="bbox 950 743 1757 791; baseline 0.007 -17"><span class='ocrx_word' id='word_1_404' title='bbox 950 753 1056 775; x_wconf 71' lang='lat' dir='ltr'><em>mauoe</em></span> <span class='ocrx_word' id='word_1_405' title='bbox 1082 743 1275 777; x_wconf 73' lang='lat' dir='ltr'><strong>d’Aristote</strong></span> <span class='ocrx_word' id='word_1_406' title='bbox 1309 750 1334 777; x_wconf 90' lang='lat' dir='ltr'><em>t.</em></span> <span class='ocrx_word' id='word_1_407' title='bbox 1357 747 1390 780; x_wconf 73' lang='lat'><em>2.</em></span> <span class='ocrx_word' id='word_1_408' title='bbox 1425 756 1458 789; x_wconf 90' lang='lat' dir='ltr'><em>p.</em></span> <span class='ocrx_word' id='word_1_409' title='bbox 1482 747 1561 781; x_wconf 88' lang='grc'><strong>398.</strong></span> <span class='ocrx_word' id='word_1_410' title='bbox 1585 757 1679 791; x_wconf 90' lang='lat' dir='ltr'><strong>sequ.</strong></span> <span class='ocrx_word' id='word_1_411' title='bbox 1711 747 1757 780; x_wconf 85' lang='lat' dir='ltr'><em>cf.</em></span> 
     </span>
     <span class='ocr_line' id='line_1_63' title="bbox 950 789 1757 835; baseline 0.007 -14"><span class='ocrx_word' id='word_1_412' title='bbox 950 789 994 822; x_wconf 88' lang='lat' dir='ltr'><em>K.</em></span> <span class='ocrx_word' id='word_1_413' title='bbox 1021 789 1063 822; x_wconf 89' lang='lat' dir='ltr'><em>ab</em></span> <span class='ocrx_word' id='word_1_414' title='bbox 1096 789 1160 823; x_wconf 91' lang='lat' dir='ltr'><strong>hoc</strong></span> <span class='ocrx_word' id='word_1_415' title='bbox 1184 789 1280 823; x_wconf 87' lang='lat' dir='ltr'><strong>initio</strong></span> <span class='ocrx_word' id='word_1_416' title='bbox 1314 791 1491 835; x_wconf 84' lang='lat' dir='ltr'><strong>profectus</strong></span> <span class='ocrx_word' id='word_1_417' title='bbox 1515 791 1674 826; x_wconf 82' lang='lat' dir='ltr'><strong>Swiftius</strong></span> <span class='ocrx_word' id='word_1_418' title='bbox 1699 804 1757 827; x_wconf 83' lang='lat' dir='ltr'><strong>ex-</strong></span> 
     </span>
     <span class='ocr_line' id='line_1_64' title="bbox 950 835 1758 879; baseline 0.006 -12"><span class='ocrx_word' id='word_1_419' title='bbox 950 835 1120 879; x_wconf 83' lang='lat' dir='ltr'><strong>cogitavit</strong></span> <span class='ocrx_word' id='word_1_420' title='bbox 1138 836 1334 879; x_wconf 89' lang='lat' dir='ltr'><strong>Lilliputios</strong></span> <span class='ocrx_word' id='word_1_421' title='bbox 1357 848 1449 878; x_wconf 84' lang='lat' dir='ltr'><strong>suos,</strong></span> <span class='ocrx_word' id='word_1_422' title='bbox 1472 837 1600 870; x_wconf 77' lang='lat' dir='ltr'><strong>human</strong></span> <span class='ocrx_word' id='word_1_423' title='bbox 1621 843 1758 872; x_wconf 83' lang='lat' dir='ltr'><strong>creatu-</strong></span> 
     </span>
     <span class='ocr_line' id='line_1_65' title="bbox 948 882 1758 927; baseline 0.005 -14"><span class='ocrx_word' id='word_1_424' title='bbox 948 891 1003 913; x_wconf 88' lang='lat' dir='ltr'><em>res</em></span> <span class='ocrx_word' id='word_1_425' title='bbox 1028 886 1085 914; x_wconf 81' lang='lat' dir='ltr'><strong>not</strong></span> <span class='ocrx_word' id='word_1_426' title='bbox 1110 882 1163 914; x_wconf 68' lang='lat' dir='ltr'><em>sis</em></span> <span class='ocrx_word' id='word_1_427' title='bbox 1181 883 1297 915; x_wconf 83' lang='lat' dir='ltr'><strong>inchcs</strong></span> <span class='ocrx_word' id='word_1_428' title='bbox 1320 883 1427 927; x_wconf 75' lang='lat' dir='ltr'><strong><em>high,</em></strong></span> <span class='ocrx_word' id='word_1_429' title='bbox 1450 883 1535 916; x_wconf 80' lang='lat' dir='ltr'><em>with</em></span> <span class='ocrx_word' id='word_1_430' title='bbox 1552 895 1575 916; x_wconf 88' lang='lat' dir='ltr'><em>a</em></span> <span class='ocrx_word' id='word_1_431' title='bbox 1596 884 1667 917; x_wconf 79' lang='lat' dir='ltr'><em>bow</em></span> <span class='ocrx_word' id='word_1_432' title='bbox 1688 885 1758 918; x_wconf 82' lang='lat' dir='ltr'><em>and</em></span> 
     </span>
     <span class='ocr_line' id='line_1_66' title="bbox 947 928 1759 973; baseline 0.006 -14"><span class='ocrx_word' id='word_1_433' title='bbox 947 938 1060 960; x_wconf 83' lang='lat' dir='ltr'><strong>arrow</strong></span> <span class='ocrx_word' id='word_1_434' title='bbox 1081 928 1116 960; x_wconf 84' lang='lat' dir='ltr'><em>in</em></span> <span class='ocrx_word' id='word_1_435' title='bbox 1134 928 1186 961; x_wconf 80' lang='lat' dir='ltr'><strong>his</strong></span> <span class='ocrx_word' id='word_1_436' title='bbox 1204 929 1338 968; x_wconf 82' lang='lat' dir='ltr'><strong>hands,</strong></span> <span class='ocrx_word' id='word_1_437' title='bbox 1364 930 1435 962; x_wconf 87' lang='lat' dir='ltr'><em>and</em></span> <span class='ocrx_word' id='word_1_438' title='bbox 1461 941 1484 962; x_wconf 86' lang='lat' dir='ltr'><em>a</em></span> <span class='ocrx_word' id='word_1_439' title='bbox 1511 930 1631 973; x_wconf 81' lang='lat' dir='ltr'><strong>quiver</strong></span> <span class='ocrx_word' id='word_1_440' title='bbox 1648 935 1687 964; x_wconf 84' lang='lat' dir='ltr'><em>at</em></span> <span class='ocrx_word' id='word_1_441' title='bbox 1705 931 1759 964; x_wconf 81' lang='lat' dir='ltr'><strong>his</strong></span> 
     </span>
     <span class='ocr_line' id='line_1_67' title="bbox 947 973 1756 1021; baseline 0.004 -14"><span class='ocrx_word' id='word_1_442' title='bbox 947 973 1045 1015; x_wconf 78' lang='lat' dir='ltr'><strong><em>back,</em></strong></span> <span class='ocrx_word' id='word_1_443' title='bbox 1074 978 1112 1007; x_wconf 85' lang='lat' dir='ltr'><em>ut</em></span> <span class='ocrx_word' id='word_1_444' title='bbox 1125 973 1173 1008; x_wconf 86' lang='lat' dir='ltr'><strong>ait</strong></span> <span class='ocrx_word' id='word_1_445' title='bbox 1193 974 1227 1007; x_wconf 91' lang='lat' dir='ltr'><strong>in</strong></span> <span class='ocrx_word' id='word_1_446' title='bbox 1246 986 1267 1007; x_wconf 90' lang='grc' dir='ltr'><em>α</em></span> <span class='ocrx_word' id='word_1_447' title='bbox 1285 975 1425 1020; x_wconf 74' lang='lat' dir='ltr'><strong>Voyage</strong></span> <span class='ocrx_word' id='word_1_448' title='bbox 1438 980 1472 1008; x_wconf 85' lang='lat' dir='ltr'><strong>to</strong></span> <span class='ocrx_word' id='word_1_449' title='bbox 1491 974 1638 1019; x_wconf 66' lang='lat' dir='ltr'><strong>Lilliput</strong></span> <span class='ocrx_word' id='word_1_450' title='bbox 1657 977 1756 1021; x_wconf 79' lang='lat' dir='ltr'><strong>chap-</strong></span> 
     </span>
     <span class='ocr_line' id='line_1_68' title="bbox 948 1018 1756 1067; baseline 0.002 -13"><span class='ocrx_word' id='word_1_451' title='bbox 948 1022 979 1054; x_wconf 90' lang='lat'><em>1.</em></span> <span class='ocrx_word' id='word_1_452' title='bbox 996 1039 1033 1043; x_wconf 90' lang='lat'>—</span> <span class='ocrx_word' id='word_1_453' title='bbox 1059 1033 1086 1064; x_wconf 85' lang='grc' dir='ltr'><em>φ</em></span> <span class='ocrx_word' id='word_1_454' title='bbox 1099 1018 1148 1054; x_wconf 87' lang='grc' dir='ltr'><em>όν</em></span> <span class='ocrx_word' id='word_1_455' title='bbox 1161 1033 1214 1055; x_wconf 91' lang='grc' dir='ltr'><em>ον</em></span> <span class='ocrx_word' id='word_1_456' title='bbox 1233 1034 1265 1055; x_wconf 90' lang='grc' dir='ltr'><em>κ.</em></span> <span class='ocrx_word' id='word_1_457' title='bbox 1285 1034 1315 1054; x_wconf 87' lang='grc' dir='ltr'><em>κ.</em></span> <span class='ocrx_word' id='word_1_458' title='bbox 1340 1034 1380 1065; x_wconf 83' lang='grc' dir='ltr'><em>φ.</em></span> <span class='ocrx_word' id='word_1_459' title='bbox 1407 1021 1450 1054; x_wconf 79' lang='lat' dir='ltr'><em>cf.</em></span> <span class='ocrx_word' id='word_1_460' title='bbox 1471 1020 1517 1066; x_wconf 86' lang='grc' dir='ltr'><em>β’,</em></span> <span class='ocrx_word' id='word_1_461' title='bbox 1530 1023 1610 1063; x_wconf 75' lang='grc'><em>352,</em></span> <span class='ocrx_word' id='word_1_462' title='bbox 1628 1022 1756 1067; x_wconf 83' lang='lat' dir='ltr'><strong>odyss.</strong></span> 
     </span>
     <span class='ocr_line' id='line_1_69' title="bbox 947 1063 1661 1112; baseline -0.001 -11"><span class='ocrx_word' id='word_1_463' title='bbox 947 1063 992 1107; x_wconf 78' lang='grc' dir='ltr'><em>δ’,</em></span> <span class='ocrx_word' id='word_1_464' title='bbox 1018 1068 1100 1106; x_wconf 71' lang='grc'><em>273,</em></span> <span class='ocrx_word' id='word_1_465' title='bbox 1123 1064 1174 1108; x_wconf 85' lang='grc' dir='ltr'><em>θ’,</em></span> <span class='ocrx_word' id='word_1_466' title='bbox 1199 1068 1278 1108; x_wconf 84' lang='grc'><em>513,</em></span> <span class='ocrx_word' id='word_1_467' title='bbox 1304 1065 1348 1110; x_wconf 73' lang='grc' dir='ltr'><em>ρ’,</em></span> <span class='ocrx_word' id='word_1_468' title='bbox 1377 1068 1432 1101; x_wconf 74' lang='grc'><em>82.</em></span> <span class='ocrx_word' id='word_1_469' title='bbox 1458 1068 1661 1112; x_wconf 83' lang='lat' dir='ltr'><strong>hendiadys.</strong></span> 
     </span>
    </p>

    <p class='ocr_par' dir='ltr' id='par_1_8' title="bbox 937 1110 1754 1528">
     <span class='ocr_line' id='line_1_70' title="bbox 991 1110 1754 1158; baseline 0 -10"><span class='ocrx_word' id='word_1_470' title='bbox 991 1113 1024 1148; x_wconf 89' lang='lat'><em>7.</em></span> <span class='ocrx_word' id='word_1_471' title='bbox 1075 1110 1239 1157; x_wconf 79' lang='grc' dir='ltr'><em>ἠέριαι</em></span> <span class='ocrx_word' id='word_1_472' title='bbox 1263 1125 1445 1158; x_wconf 87' lang='lat' dir='ltr'><em>perperam</em></span> <span class='ocrx_word' id='word_1_473' title='bbox 1471 1114 1577 1157; x_wconf 56' lang='lat' dir='ltr'><strong>Seth,</strong></span> <span class='ocrx_word' id='word_1_474' title='bbox 1604 1119 1640 1147; x_wconf 87' lang='lat' dir='ltr'><em>nt</em></span> <span class='ocrx_word' id='word_1_475' title='bbox 1665 1113 1754 1151; x_wconf 87' lang='lat' dir='ltr'><strong>Plin.</strong></span> 
     </span>
     <span class='ocr_line' id='line_1_71' title="bbox 944 1158 1753 1204; baseline 0.002 -12"><span class='ocrx_word' id='word_1_476' title='bbox 944 1159 968 1195; x_wconf 81' lang='lat'><em>1.</em></span> <span class='ocrx_word' id='word_1_477' title='bbox 993 1171 1041 1192; x_wconf 90' lang='lat' dir='ltr'><em>c.:</em></span> <span class='ocrx_word' id='word_1_478' title='bbox 1066 1158 1223 1203; x_wconf 83' lang='grc' dir='ltr'><em>εἀριναί.</em></span> <span class='ocrx_word' id='word_1_479' title='bbox 1248 1158 1283 1192; x_wconf 89' lang='lat' dir='ltr'><strong>id</strong></span> <span class='ocrx_word' id='word_1_480' title='bbox 1297 1160 1397 1194; x_wconf 88' lang='lat' dir='ltr'><strong>Hom.</strong></span> <span class='ocrx_word' id='word_1_481' title='bbox 1420 1159 1565 1192; x_wconf 84' lang='lat' dir='ltr'><strong>dixisset</strong></span> <span class='ocrx_word' id='word_1_482' title='bbox 1583 1160 1753 1204; x_wconf 87' lang='grc' dir='ltr'><em>εἰαριναί.</em></span> 
     </span>
     <span class='ocr_line' id='line_1_72' title="bbox 940 1204 1754 1251; baseline 0.004 -12"><span class='ocrx_word' id='word_1_483' title='bbox 940 1216 974 1239; x_wconf 89' lang='lat' dir='ltr'><em>v.</em></span> <span class='ocrx_word' id='word_1_484' title='bbox 990 1205 1121 1240; x_wconf 89' lang='lat' dir='ltr'><strong>Buttm.</strong></span> <span class='ocrx_word' id='word_1_485' title='bbox 1146 1206 1254 1240; x_wconf 77' lang='lat' dir='ltr'><strong>Lexil.</strong></span> <span class='ocrx_word' id='word_1_486' title='bbox 1274 1204 1303 1239; x_wconf 90' lang='grc' dir='ltr'><em>Ι.</em></span> <span class='ocrx_word' id='word_1_487' title='bbox 1330 1218 1363 1251; x_wconf 92' lang='lat' dir='ltr'><em>p.</em></span> <span class='ocrx_word' id='word_1_488' title='bbox 1387 1207 1465 1241; x_wconf 76' lang='lat'><strong>121.</strong></span> <span class='ocrx_word' id='word_1_489' title='bbox 1492 1217 1571 1239; x_wconf 82' lang='lat' dir='ltr'><em>ann.</em></span> <span class='ocrx_word' id='word_1_490' title='bbox 1608 1207 1661 1240; x_wconf 76' lang='lat' dir='ltr'><em>E:</em></span> <span class='ocrx_word' id='word_1_491' title='bbox 1686 1204 1754 1250; x_wconf 88' lang='grc' dir='ltr'><em>η’έ-</em></span> 
     </span>
     <span class='ocr_line' id='line_1_73' title="bbox 940 1250 1753 1296; baseline 0.004 -12"><span class='ocrx_word' id='word_1_492' title='bbox 940 1264 1044 1295; x_wconf 87' lang='grc' dir='ltr'><em>ριαι</em></span> <span class='ocrx_word' id='word_1_493' title='bbox 1068 1250 1107 1286; x_wconf 77' lang='grc' dir='ltr'><em>δὲ</em></span> <span class='ocrx_word' id='word_1_494' title='bbox 1125 1255 1203 1292; x_wconf 87' lang='grc' dir='ltr'><em>τοῖς</em></span> <span class='ocrx_word' id='word_1_495' title='bbox 1225 1253 1433 1295; x_wconf 84' lang='grc' dir='ltr'><em>Πυγμαίοις</em></span> <span class='ocrx_word' id='word_1_496' title='bbox 1448 1251 1487 1285; x_wconf 80' lang='grc' dir='ltr'><em>αὶ</em></span> <span class='ocrx_word' id='word_1_497' title='bbox 1505 1251 1652 1296; x_wconf 84' lang='grc' dir='ltr'><em>γέρανοι</em></span> <span class='ocrx_word' id='word_1_498' title='bbox 1675 1251 1753 1287; x_wconf 80' lang='grc' dir='ltr'><em>ἐπι-</em></span> 
     </span>
     <span class='ocr_line' id='line_1_74' title="bbox 939 1295 1753 1342; baseline 0.002 -10"><span class='ocrx_word' id='word_1_499' title='bbox 939 1300 1129 1340; x_wconf 80' lang='grc' dir='ltr'><em>τίθενται,</em></span> <span class='ocrx_word' id='word_1_500' title='bbox 1164 1295 1184 1334; x_wconf 77' lang='grc' dir='ltr'>ὅ</span> <span class='ocrx_word' id='word_1_501' title='bbox 1213 1296 1288 1332; x_wconf 83' lang='grc' dir='ltr'><em>ἐστι</em></span> <span class='ocrx_word' id='word_1_502' title='bbox 1314 1297 1497 1342; x_wconf 82' lang='grc' dir='ltr'><em>πρωϊναὶ,</em></span> <span class='ocrx_word' id='word_1_503' title='bbox 1538 1295 1560 1341; x_wconf 85' lang='grc' dir='ltr'>ἢ</span> <span class='ocrx_word' id='word_1_504' title='bbox 1591 1297 1655 1333; x_wconf 81' lang='grc' dir='ltr'><em>διοὶ</em></span> <span class='ocrx_word' id='word_1_505' title='bbox 1683 1300 1753 1334; x_wconf 85' lang='grc' dir='ltr'><em>τοῦ</em></span> 
     </span>
     <span class='ocr_line' id='line_1_75' title="bbox 940 1341 1754 1389; baseline 0.001 -11"><span class='ocrx_word' id='word_1_506' title='bbox 940 1341 1049 1389; x_wconf 78' lang='grc' dir='ltr'><em>οῗέρος</em></span> <span class='ocrx_word' id='word_1_507' title='bbox 1071 1342 1279 1389; x_wconf 85' lang='grc' dir='ltr'><em>πετόμεναι.</em></span> <span class='ocrx_word' id='word_1_508' title='bbox 1325 1345 1400 1379; x_wconf 88' lang='lat' dir='ltr'><strong>sine</strong></span> <span class='ocrx_word' id='word_1_509' title='bbox 1434 1343 1504 1377; x_wconf 86' lang='lat' dir='ltr'><strong>ulla</strong></span> <span class='ocrx_word' id='word_1_510' title='bbox 1537 1344 1754 1379; x_wconf 74' lang='lat' dir='ltr'><strong>dubitatione</strong></span> 
     </span>
     <span class='ocr_line' id='line_1_76' title="bbox 939 1388 1751 1437; baseline 0.004 -13"><span class='ocrx_word' id='word_1_511' title='bbox 939 1392 1026 1435; x_wconf 78' lang='lat' dir='ltr'><strong>Ap.=</strong></span> <span class='ocrx_word' id='word_1_512' title='bbox 1059 1389 1182 1436; x_wconf 85' lang='grc' dir='ltr'><em>ἠερίη·</em></span> <span class='ocrx_word' id='word_1_513' title='bbox 1218 1390 1380 1435; x_wconf 80' lang='grc' dir='ltr'><em>ὄρθριά,</em></span> <span class='ocrx_word' id='word_1_514' title='bbox 1415 1388 1572 1436; x_wconf 84' lang='grc' dir='ltr'><em>πρωϊνή.</em></span> <span class='ocrx_word' id='word_1_515' title='bbox 1613 1389 1751 1437; x_wconf 83' lang='grc' dir='ltr'><em>ἠέριαι·</em></span> 
     </span>
     <span class='ocr_line' id='line_1_77' title="bbox 937 1437 1752 1528; baseline 0.002 -11"><span class='ocrx_word' id='word_1_516' title='bbox 937 1437 1334 1528; x_wconf 42' lang='grc' dir='ltr'><em>ῗρῗηὲὲὶιῖῗῆωἶαῗ»</em></span> <span class='ocrx_word' id='word_1_517' title='bbox 1364 1437 1752 1519; x_wconf 61' lang='lat'><em>3²15⁰?‘⁹1›2⁰5‘1&gt;¹?0‘1{2¹;</em></span> 
     </span>
    </p>

    <p class='ocr_par' dir='ltr' id='par_1_9' title="bbox 965 1507 1522 1524">
     <span class='ocr_line' id='line_1_78' title="bbox 965 1507 1522 1524; baseline 0 -7"><span class='ocrx_word' id='word_1_518' title='bbox 965 1508 975 1517; x_wconf 86' lang='lat'><strong>.</strong></span> <span class='ocrx_word' id='word_1_519' title='bbox 1025 1510 1030 1515; x_wconf 93' lang='lat'><strong>.</strong></span> <span class='ocrx_word' id='word_1_520' title='bbox 1173 1510 1182 1520; x_wconf 94' lang='lat'><strong>.</strong></span> <span class='ocrx_word' id='word_1_521' title='bbox 1222 1510 1231 1518; x_wconf 88' lang='lat'><strong>.</strong></span> <span class='ocrx_word' id='word_1_522' title='bbox 1277 1508 1286 1517; x_wconf 90' lang='lat'><strong>.</strong></span> <span class='ocrx_word' id='word_1_523' title='bbox 1338 1508 1346 1517; x_wconf 91' lang='lat'><strong>.</strong></span> <span class='ocrx_word' id='word_1_524' title='bbox 1442 1510 1451 1518; x_wconf 95' lang='lat'><strong>.</strong></span> <span class='ocrx_word' id='word_1_525' title='bbox 1466 1508 1474 1516; x_wconf 91' lang='lat'><strong>.</strong></span> <span class='ocrx_word' id='word_1_526' title='bbox 1499 1507 1522 1524; x_wconf 91' lang='lat'><em>‚,</em></span> 
     </span>
    </p>

    <p class='ocr_par' dir='ltr' id='par_1_10' title="bbox 937 1528 1751 1851">
     <span class='ocr_line' id='line_1_79' title="bbox 937 1528 1751 1575; baseline 0.004 -13"><span class='ocrx_word' id='word_1_527' title='bbox 937 1529 1042 1563; x_wconf 82' lang='lat' dir='ltr'><strong>denkt</strong></span> <span class='ocrx_word' id='word_1_528' title='bbox 1067 1531 1153 1572; x_wconf 89' lang='lat' dir='ltr'><strong>sich,</strong></span> <span class='ocrx_word' id='word_1_529' title='bbox 1179 1530 1257 1564; x_wconf 81' lang='lat' dir='ltr'><strong>dass</strong></span> <span class='ocrx_word' id='word_1_530' title='bbox 1279 1528 1335 1563; x_wconf 89' lang='lat' dir='ltr'><em>die</em></span> <span class='ocrx_word' id='word_1_531' title='bbox 1348 1528 1536 1570; x_wconf 85' lang='lat' dir='ltr'><strong>Kraniche,</strong></span> <span class='ocrx_word' id='word_1_532' title='bbox 1563 1529 1671 1564; x_wconf 85' lang='lat' dir='ltr'><strong>sowie</strong></span> <span class='ocrx_word' id='word_1_533' title='bbox 1688 1543 1751 1575; x_wconf 87' lang='lat' dir='ltr'><strong>ge-</strong></span> 
     </span>
     <span class='ocr_line' id='line_1_80' title="bbox 937 1574 1750 1619; baseline 0.004 -11"><span class='ocrx_word' id='word_1_534' title='bbox 937 1576 1112 1609; x_wconf 76' lang='lat' dir='ltr'><strong>wohnlich</strong></span> <span class='ocrx_word' id='word_1_535' title='bbox 1137 1576 1193 1610; x_wconf 87' lang='lat' dir='ltr'><em>bei</em></span> <span class='ocrx_word' id='word_1_536' title='bbox 1217 1586 1279 1609; x_wconf 90' lang='lat' dir='ltr'><em>uns</em></span> <span class='ocrx_word' id='word_1_537' title='bbox 1304 1574 1361 1608; x_wconf 86' lang='lat' dir='ltr'><em>die</em></span> <span class='ocrx_word' id='word_1_538' title='bbox 1382 1575 1576 1619; x_wconf 72' lang='lat' dir='ltr'><strong>Zugvogel,</strong></span> <span class='ocrx_word' id='word_1_539' title='bbox 1601 1587 1639 1610; x_wconf 92' lang='lat' dir='ltr'><em>so</em></span> <span class='ocrx_word' id='word_1_540' title='bbox 1664 1577 1750 1611; x_wconf 88' lang='lat' dir='ltr'><strong>auch</strong></span> 
     </span>
     <span class='ocr_line' id='line_1_81' title="bbox 937 1620 1748 1666; baseline 0.004 -12"><span class='ocrx_word' id='word_1_541' title='bbox 937 1621 983 1655; x_wconf 91' lang='lat' dir='ltr'><strong>im</strong></span> <span class='ocrx_word' id='word_1_542' title='bbox 1008 1622 1195 1665; x_wconf 64' lang='lat' dir='ltr'><strong>Sffllande,</strong></span> <span class='ocrx_word' id='word_1_543' title='bbox 1224 1621 1279 1655; x_wconf 88' lang='lat' dir='ltr'><em>bei</em></span> <span class='ocrx_word' id='word_1_544' title='bbox 1298 1620 1418 1655; x_wconf 81' lang='lat' dir='ltr'><strong>Nacht</strong></span> <span class='ocrx_word' id='word_1_545' title='bbox 1442 1622 1654 1666; x_wconf 84' lang='lat' dir='ltr'><strong>ankommen,</strong></span> <span class='ocrx_word' id='word_1_546' title='bbox 1679 1624 1748 1657; x_wconf 90' lang='lat' dir='ltr'><em>und</em></span> 
     </span>
     <span class='ocr_line' id='line_1_82' title="bbox 939 1665 1750 1713; baseline 0.004 -13"><span class='ocrx_word' id='word_1_547' title='bbox 939 1667 1053 1712; x_wconf 83' lang='lat' dir='ltr'><strong>gleich</strong></span> <span class='ocrx_word' id='word_1_548' title='bbox 1077 1668 1111 1702; x_wconf 91' lang='lat' dir='ltr'><strong>in</strong></span> <span class='ocrx_word' id='word_1_549' title='bbox 1137 1668 1200 1702; x_wconf 90' lang='lat' dir='ltr'><em>der</em></span> <span class='ocrx_word' id='word_1_550' title='bbox 1220 1667 1338 1701; x_wconf 80' lang='lat' dir='ltr'><strong>Friihe</strong></span> <span class='ocrx_word' id='word_1_551' title='bbox 1361 1665 1418 1700; x_wconf 83' lang='lat' dir='ltr'><em>die</em></span> <span class='ocrx_word' id='word_1_552' title='bbox 1441 1666 1617 1713; x_wconf 71' lang='lat' dir='ltr'><strong>Pygm5en</strong></span> <span class='ocrx_word' id='word_1_553' title='bbox 1647 1669 1750 1703; x_wconf 73' lang='lat' dir='ltr'><strong>iiber—</strong></span> 
     </span>
     <span class='ocr_line' id='line_1_83' title="bbox 938 1712 1749 1759; baseline 0.005 -13"><span class='ocrx_word' id='word_1_554' title='bbox 938 1714 1083 1748; x_wconf 86' lang='lat' dir='ltr'><strong>fallen.“</strong></span> <span class='ocrx_word' id='word_1_555' title='bbox 1117 1734 1164 1739; x_wconf 97' lang='lat'><strong>—</strong></span> <span class='ocrx_word' id='word_1_556' title='bbox 1199 1714 1300 1747; x_wconf 82' lang='lat' dir='ltr'><strong>Sch.=</strong></span> <span class='ocrx_word' id='word_1_557' title='bbox 1334 1725 1421 1756; x_wconf 87' lang='grc' dir='ltr'><em>προ</em></span> <span class='ocrx_word' id='word_1_558' title='bbox 1434 1726 1473 1758; x_wconf 87' lang='grc' dir='ltr'><em>φ.</em></span> <span class='ocrx_word' id='word_1_559' title='bbox 1498 1712 1749 1759; x_wconf 78' lang='grc' dir='ltr'><em>ἐπιφέρουσιν.</em></span> 
     </span>
     <span class='ocr_line' id='line_1_84' title="bbox 938 1758 1747 1803; baseline 0.005 -10"><span class='ocrx_word' id='word_1_560' title='bbox 938 1760 1004 1793; x_wconf 87' lang='lat' dir='ltr'><em>K.:</em></span> <span class='ocrx_word' id='word_1_561' title='bbox 1029 1760 1161 1796; x_wconf 85' lang='lat' dir='ltr'><strong>Herod.</strong></span> <span class='ocrx_word' id='word_1_562' title='bbox 1187 1761 1220 1801; x_wconf 89' lang='grc'><em>7,</em></span> <span class='ocrx_word' id='word_1_563' title='bbox 1244 1762 1321 1795; x_wconf 73' lang='lat'><strong>20.:</strong></span> <span class='ocrx_word' id='word_1_564' title='bbox 1344 1758 1462 1803; x_wconf 85' lang='grc' dir='ltr'><em>μέλλει</em></span> <span class='ocrx_word' id='word_1_565' title='bbox 1486 1772 1541 1800; x_wconf 90' lang='grc' dir='ltr'><em>τις</em></span> <span class='ocrx_word' id='word_1_566' title='bbox 1571 1759 1747 1797; x_wconf 72' lang='grc' dir='ltr'><em>ἀντιώσε-</em></span> 
     </span>
     <span class='ocr_line' id='line_1_85' title="bbox 938 1805 1747 1851; baseline 0.001 -10"><span class='ocrx_word' id='word_1_567' title='bbox 938 1808 1032 1841; x_wconf 87' lang='grc' dir='ltr'><em>σθαι</em></span> <span class='ocrx_word' id='word_1_568' title='bbox 1049 1805 1210 1851; x_wconf 84' lang='grc' dir='ltr'><em>πόλεμον</em></span> <span class='ocrx_word' id='word_1_569' title='bbox 1227 1805 1438 1850; x_wconf 84' lang='grc' dir='ltr'><em>προφέρων.</em></span> <span class='ocrx_word' id='word_1_570' title='bbox 1463 1806 1592 1851; x_wconf 85' lang='lat' dir='ltr'><strong>Odyss.</strong></span> <span class='ocrx_word' id='word_1_571' title='bbox 1610 1806 1651 1851; x_wconf 83' lang='grc' dir='ltr'><em>ζ’,</em></span> <span class='ocrx_word' id='word_1_572' title='bbox 1668 1810 1747 1845; x_wconf 70' lang='grc' dir='ltr'><em>92.ε</em></span> 
     </span>
    </p>

    <p class='ocr_par' dir='ltr' id='par_1_11' title="bbox 939 1851 1811 1899">
     <span class='ocr_line' id='line_1_86' title="bbox 939 1851 1811 1899; baseline 0 -12"><span class='ocrx_word' id='word_1_573' title='bbox 939 1851 1044 1899; x_wconf 76' lang='grc' dir='ltr'><em>ἔριδα</em></span> <span class='ocrx_word' id='word_1_574' title='bbox 1065 1852 1326 1897; x_wconf 79' lang='grc' dir='ltr'><em>προφέρουσαι</em></span> <span class='ocrx_word' id='word_1_575' title='bbox 1339 1876 1348 1893; x_wconf 88' lang='grc'><em>,</em></span> <span class='ocrx_word' id='word_1_576' title='bbox 1375 1853 1585 1887; x_wconf 81' lang='lat' dir='ltr'><em>aemulatae.</em></span> <span class='ocrx_word' id='word_1_577' title='bbox 1810 1875 1811 1878; x_wconf 64' lang='lat'><em>=</em></span> 
     </span>
    </p>

    <p class='ocr_par' dir='ltr' id='par_1_12' title="bbox 982 1898 1561 1943">
     <span class='ocr_line' id='line_1_87' title="bbox 982 1898 1561 1943; baseline -0.003 -9"><span class='ocrx_word' id='word_1_578' title='bbox 982 1901 1015 1935; x_wconf 90' lang='grc'><em>8.</em></span> <span class='ocrx_word' id='word_1_579' title='bbox 1063 1899 1203 1943; x_wconf 86' lang='grc' dir='ltr'><em>μένεα</em></span> <span class='ocrx_word' id='word_1_580' title='bbox 1227 1911 1297 1934; x_wconf 89' lang='grc' dir='ltr'><em>πν.</em></span> <span class='ocrx_word' id='word_1_581' title='bbox 1328 1898 1376 1943; x_wconf 86' lang='grc' dir='ltr'><em>β’,</em></span> <span class='ocrx_word' id='word_1_582' title='bbox 1399 1899 1468 1933; x_wconf 86' lang='grc'><em>536</em></span> <span class='ocrx_word' id='word_1_583' title='bbox 1492 1902 1561 1933; x_wconf 87' lang='lat' dir='ltr'><strong>etc.</strong></span> 
     </span>
    </p>

    <p class='ocr_par' dir='ltr' id='par_1_13' title="bbox 979 1944 1495 1992">
     <span class='ocr_line' id='line_1_88' title="bbox 979 1944 1495 1992; baseline -0.004 -12"><span class='ocrx_word' id='word_1_584' title='bbox 979 1947 1013 1980; x_wconf 87' lang='lat'><em>9.</em></span> <span class='ocrx_word' id='word_1_585' title='bbox 1063 1944 1129 1980; x_wconf 74' lang='grc' dir='ltr'><em>ἀλ.</em></span> <span class='ocrx_word' id='word_1_586' title='bbox 1155 1945 1386 1992; x_wconf 76' lang='grc' dir='ltr'><em>ἐπιβοηθεῖν.</em></span> <span class='ocrx_word' id='word_1_587' title='bbox 1412 1945 1495 1978; x_wconf 84' lang='lat' dir='ltr'><strong>Sch.</strong></span> 
     </span>
    </p>

    <p class='ocr_par' dir='ltr' id='par_1_14' title="bbox 927 1989 1787 2596">
     <span class='ocr_line' id='line_1_89' title="bbox 982 1989 1747 2035; baseline 0 -9"><span class='ocrx_word' id='word_1_588' title='bbox 982 1994 1037 2027; x_wconf 89' lang='grc'><em>10.</em></span> <span class='ocrx_word' id='word_1_589' title='bbox 1076 1993 1284 2026; x_wconf 87' lang='lat' dir='ltr'><strong>Buttmanno</strong></span> <span class='ocrx_word' id='word_1_590' title='bbox 1312 1991 1419 2025; x_wconf 71' lang='lat' dir='ltr'><strong>Lexil.</strong></span> <span class='ocrx_word' id='word_1_591' title='bbox 1443 1989 1490 2023; x_wconf 90' lang='lat'><em>11.</em></span> <span class='ocrx_word' id='word_1_592' title='bbox 1514 2001 1549 2035; x_wconf 89' lang='lat' dir='ltr'><em>p.</em></span> <span class='ocrx_word' id='word_1_593' title='bbox 1575 1991 1655 2027; x_wconf 74' lang='lat'><strong>229.</strong></span> <span class='ocrx_word' id='word_1_594' title='bbox 1683 1992 1747 2026; x_wconf 88' lang='lat' dir='ltr'><strong>ob-</strong></span> 
     </span>
     <span class='ocr_line' id='line_1_90' title="bbox 934 2031 1747 2083; baseline 0.004 -13"><span class='ocrx_word' id='word_1_595' title='bbox 934 2042 1072 2071; x_wconf 83' lang='lat' dir='ltr'><strong>secutus</strong></span> <span class='ocrx_word' id='word_1_596' title='bbox 1095 2038 1221 2083; x_wconf 88' lang='lat' dir='ltr'><strong>scripsi</strong></span> <span class='ocrx_word' id='word_1_597' title='bbox 1245 2031 1333 2082; x_wconf 77' lang='grc' dir='ltr'><em>ηῧτ’</em></span> <span class='ocrx_word' id='word_1_598' title='bbox 1361 2048 1424 2081; x_wconf 89' lang='lat' dir='ltr'><em>pro</em></span> <span class='ocrx_word' id='word_1_599' title='bbox 1450 2031 1545 2078; x_wconf 78' lang='grc' dir='ltr'><em>εὖτ’,</em></span> <span class='ocrx_word' id='word_1_600' title='bbox 1575 2036 1667 2081; x_wconf 86' lang='lat' dir='ltr'><strong>quod</strong></span> <span class='ocrx_word' id='word_1_601' title='bbox 1692 2042 1747 2073; x_wconf 77' lang='lat' dir='ltr'><strong>est</strong></span> 
     </span>
     <span class='ocr_line' id='line_1_91' title="bbox 934 2080 1744 2128; baseline 0.001 -12"><span class='ocrx_word' id='word_1_602' title='bbox 934 2080 1019 2125; x_wconf 84' lang='grc' dir='ltr'><em>ὅτε,</em></span> <span class='ocrx_word' id='word_1_603' title='bbox 1053 2085 1201 2128; x_wconf 80' lang='lat' dir='ltr'><em>quaudo.</em></span> <span class='ocrx_word' id='word_1_604' title='bbox 1258 2084 1308 2117; x_wconf 86' lang='lat' dir='ltr'><strong>ita</strong></span> <span class='ocrx_word' id='word_1_605' title='bbox 1341 2084 1384 2125; x_wconf 82' lang='grc' dir='ltr'><em>τ’,</em></span> <span class='ocrx_word' id='word_1_606' title='bbox 1417 2083 1499 2118; x_wconf 90' lang='grc'><strong>386.</strong></span> <span class='ocrx_word' id='word_1_607' title='bbox 1533 2083 1606 2128; x_wconf 57' lang='lat' dir='ltr'><strong>cod:</strong></span> <span class='ocrx_word' id='word_1_608' title='bbox 1646 2083 1744 2126; x_wconf 83' lang='lat' dir='ltr'><strong>Ven.,</strong></span> 
     </span>
     <span class='ocr_line' id='line_1_92' title="bbox 931 2124 1744 2174; baseline 0.005 -13"><span class='ocrx_word' id='word_1_609' title='bbox 931 2128 1048 2163; x_wconf 90' lang='lat' dir='ltr'><strong>Schol.</strong></span> <span class='ocrx_word' id='word_1_610' title='bbox 1075 2131 1104 2163; x_wconf 94' lang='lat' dir='ltr'><strong>A</strong></span> <span class='ocrx_word' id='word_1_611' title='bbox 1129 2135 1165 2163; x_wconf 84' lang='lat' dir='ltr'><strong>et</strong></span> <span class='ocrx_word' id='word_1_612' title='bbox 1188 2133 1274 2163; x_wconf 81' lang='lat' dir='ltr'><strong>vett.</strong></span> <span class='ocrx_word' id='word_1_613' title='bbox 1294 2128 1393 2163; x_wconf 83' lang='lat' dir='ltr'><strong>edd.=</strong></span> <span class='ocrx_word' id='word_1_614' title='bbox 1417 2129 1470 2174; x_wconf 79' lang='grc' dir='ltr'><em>τῷ</em></span> <span class='ocrx_word' id='word_1_615' title='bbox 1488 2124 1526 2163; x_wconf 81' lang='grc' dir='ltr'><em>δ’</em></span> <span class='ocrx_word' id='word_1_616' title='bbox 1549 2128 1639 2172; x_wconf 79' lang='grc' dir='ltr'><em>ηὐτε</em></span> <span class='ocrx_word' id='word_1_617' title='bbox 1660 2142 1744 2165; x_wconf 87' lang='grc' dir='ltr'><em>πτε-</em></span> 
     </span>
     <span class='ocr_line' id='line_1_93' title="bbox 932 2173 1744 2220; baseline 0.001 -11"><span class='ocrx_word' id='word_1_618' title='bbox 932 2175 980 2218; x_wconf 77' lang='grc' dir='ltr'><em>ρά</em></span> <span class='ocrx_word' id='word_1_619' title='bbox 995 2173 1146 2219; x_wconf 78' lang='grc' dir='ltr'><em>γίγνετ’,</em></span> <span class='ocrx_word' id='word_1_620' title='bbox 1172 2174 1271 2217; x_wconf 78' lang='grc' dir='ltr'><em>ἄειρε</em></span> <span class='ocrx_word' id='word_1_621' title='bbox 1289 2173 1330 2210; x_wconf 74' lang='grc' dir='ltr'><em>δὲ</em></span> <span class='ocrx_word' id='word_1_622' title='bbox 1345 2174 1515 2220; x_wconf 55' lang='grc' dir='ltr'><em>ποιμένα</em></span> <span class='ocrx_word' id='word_1_623' title='bbox 1523 2176 1636 2210; x_wconf 77' lang='grc' dir='ltr'><em>λαῶν.</em></span> <span class='ocrx_word' id='word_1_624' title='bbox 1667 2187 1744 2210; x_wconf 87' lang='lat' dir='ltr'><em>nam</em></span> 
     </span>
     <span class='ocr_line' id='line_1_94' title="bbox 933 2220 1743 2262; baseline 0.004 -9"><span class='ocrx_word' id='word_1_625' title='bbox 933 2221 992 2260; x_wconf 52' lang='lat' dir='ltr'><strong>alii</strong></span> <span class='ocrx_word' id='word_1_626' title='bbox 1015 2221 1094 2256; x_wconf 89' lang='lat' dir='ltr'><strong>libri</strong></span> <span class='ocrx_word' id='word_1_627' title='bbox 1113 2221 1215 2256; x_wconf 85' lang='lat' dir='ltr'><strong>etiam</strong></span> <span class='ocrx_word' id='word_1_628' title='bbox 1238 2221 1308 2255; x_wconf 85' lang='lat' dir='ltr'><strong>illic</strong></span> <span class='ocrx_word' id='word_1_629' title='bbox 1326 2220 1453 2254; x_wconf 86' lang='lat' dir='ltr'><strong>habent</strong></span> <span class='ocrx_word' id='word_1_630' title='bbox 1473 2221 1566 2262; x_wconf 82' lang='grc' dir='ltr'><em>εὐτε,</em></span> <span class='ocrx_word' id='word_1_631' title='bbox 1591 2222 1656 2256; x_wconf 88' lang='lat' dir='ltr'><strong>hoc</strong></span> <span class='ocrx_word' id='word_1_632' title='bbox 1681 2233 1743 2256; x_wconf 87' lang='lat' dir='ltr'><em>au-</em></span> 
     </span>
     <span class='ocr_line' id='line_1_95' title="bbox 931 2265 1743 2308; baseline 0.002 -7"><span class='ocrx_word' id='word_1_633' title='bbox 931 2271 1000 2301; x_wconf 87' lang='lat' dir='ltr'><em>tem</em></span> <span class='ocrx_word' id='word_1_634' title='bbox 1024 2268 1100 2302; x_wconf 91' lang='lat' dir='ltr'><strong>loco</strong></span> <span class='ocrx_word' id='word_1_635' title='bbox 1124 2268 1306 2301; x_wconf 83' lang='lat' dir='ltr'><strong>nonnullae</strong></span> <span class='ocrx_word' id='word_1_636' title='bbox 1329 2265 1510 2308; x_wconf 76' lang='grc' dir='ltr'><em>ἐκδόσεις,</em></span> <span class='ocrx_word' id='word_1_637' title='bbox 1534 2267 1630 2301; x_wconf 86' lang='lat' dir='ltr'><strong>velut</strong></span> <span class='ocrx_word' id='word_1_638' title='bbox 1654 2268 1743 2304; x_wconf 83' lang='lat' dir='ltr'><strong>Chia</strong></span> 
     </span>
     <span class='ocr_line' id='line_1_96' title="bbox 931 2310 1740 2358; baseline 0.002 -11"><span class='ocrx_word' id='word_1_639' title='bbox 931 2317 966 2348; x_wconf 86' lang='lat' dir='ltr'><strong>et</strong></span> <span class='ocrx_word' id='word_1_640' title='bbox 986 2313 1226 2355; x_wconf 79' lang='lat' dir='ltr'><strong>Massiliensis,</strong></span> <span class='ocrx_word' id='word_1_641' title='bbox 1251 2314 1481 2347; x_wconf 85' lang='lat' dir='ltr'><strong>ostendebant</strong></span> <span class='ocrx_word' id='word_1_642' title='bbox 1504 2310 1592 2357; x_wconf 75' lang='grc' dir='ltr'><em>ἠΰτ’</em></span> <span class='ocrx_word' id='word_1_643' title='bbox 1620 2311 1740 2358; x_wconf 84' lang='grc' dir='ltr'><em>ὅρευς,</em></span> 
     </span>
     <span class='ocr_line' id='line_1_97' title="bbox 930 2359 1741 2395; baseline 0.004 -4"><span class='ocrx_word' id='word_1_644' title='bbox 930 2361 1165 2394; x_wconf 86' lang='lat' dir='ltr'><strong>contractione</strong></span> <span class='ocrx_word' id='word_1_645' title='bbox 1205 2359 1374 2393; x_wconf 83' lang='lat' dir='ltr'><strong>inusitata</strong></span> <span class='ocrx_word' id='word_1_646' title='bbox 1408 2361 1560 2394; x_wconf 83' lang='lat' dir='ltr'><strong>Homero</strong></span> <span class='ocrx_word' id='word_1_647' title='bbox 1600 2359 1635 2393; x_wconf 88' lang='lat' dir='ltr'><strong>in</strong></span> <span class='ocrx_word' id='word_1_648' title='bbox 1676 2361 1741 2395; x_wconf 89' lang='lat' dir='ltr'><strong>hoc</strong></span> 
     </span>
     <span class='ocr_line' id='line_1_98' title="bbox 929 2403 1737 2452; baseline 0.002 -14"><span class='ocrx_word' id='word_1_649' title='bbox 929 2406 1108 2440; x_wconf 73' lang='lat' dir='ltr'><strong>vocabulo.</strong></span> <span class='ocrx_word' id='word_1_650' title='bbox 1142 2407 1186 2440; x_wconf 86' lang='lat' dir='ltr'><em>cf.</em></span> <span class='ocrx_word' id='word_1_651' title='bbox 1211 2404 1257 2452; x_wconf 85' lang='grc' dir='ltr'><em>β’,</em></span> <span class='ocrx_word' id='word_1_652' title='bbox 1281 2403 1371 2447; x_wconf 86' lang='grc'><em>684,</em></span> <span class='ocrx_word' id='word_1_653' title='bbox 1409 2405 1555 2440; x_wconf 76' lang='lat' dir='ltr'><strong>Hesiod.</strong></span> <span class='ocrx_word' id='word_1_654' title='bbox 1585 2406 1655 2440; x_wconf 88' lang='lat' dir='ltr'><em>Th.</em></span> <span class='ocrx_word' id='word_1_655' title='bbox 1681 2408 1737 2443; x_wconf 88' lang='lat'><em>97.</em></span> 
     </span>
     <span class='ocr_line' id='line_1_99' title="bbox 929 2449 1739 2497; baseline 0.002 -13"><span class='ocrx_word' id='word_1_656' title='bbox 929 2455 996 2486; x_wconf 83' lang='lat' dir='ltr'><strong>etc.</strong></span> <span class='ocrx_word' id='word_1_657' title='bbox 1019 2471 1066 2476; x_wconf 94' lang='lat'><strong>—</strong></span> <span class='ocrx_word' id='word_1_658' title='bbox 1096 2464 1146 2487; x_wconf 84' lang='grc' dir='ltr'><em>κο</em></span> <span class='ocrx_word' id='word_1_659' title='bbox 1161 2466 1192 2497; x_wconf 89' lang='grc' dir='ltr'><em>ρ.</em></span> <span class='ocrx_word' id='word_1_660' title='bbox 1228 2449 1322 2487; x_wconf 73' lang='grc' dir='ltr'><em>κατὰ</em></span> <span class='ocrx_word' id='word_1_661' title='bbox 1352 2450 1534 2497; x_wconf 77' lang='grc' dir='ltr'><em>κορυφάς.</em></span> <span class='ocrx_word' id='word_1_662' title='bbox 1559 2471 1605 2477; x_wconf 88' lang='lat'><em>-—</em></span> <span class='ocrx_word' id='word_1_663' title='bbox 1638 2465 1739 2488; x_wconf 88' lang='grc' dir='ltr'><em>κατ.</em></span> 
     </span>
     <span class='ocr_line' id='line_1_100' title="bbox 927 2496 1740 2544; baseline 0.006 -15"><span class='ocrx_word' id='word_1_664' title='bbox 927 2498 1104 2541; x_wconf 80' lang='lat' dir='ltr'><strong>offundere</strong></span> <span class='ocrx_word' id='word_1_665' title='bbox 1123 2500 1219 2533; x_wconf 85' lang='lat' dir='ltr'><strong>solet.</strong></span> <span class='ocrx_word' id='word_1_666' title='bbox 1253 2496 1376 2532; x_wconf 88' lang='lat' dir='ltr'><strong>aoristi</strong></span> <span class='ocrx_word' id='word_1_667' title='bbox 1397 2510 1480 2532; x_wconf 89' lang='lat' dir='ltr'><strong>usus</strong></span> <span class='ocrx_word' id='word_1_668' title='bbox 1497 2498 1740 2544; x_wconf 77' lang='lat' dir='ltr'><strong>pervulgatus-</strong></span> 
     </span>
     <span class='ocr_line' id='line_1_101' title="bbox 928 2543 1787 2596; baseline 0.001 -20"><span class='ocrx_word' id='word_1_669' title='bbox 928 2543 973 2577; x_wconf 83' lang='lat' dir='ltr'><em>cf.</em></span> <span class='ocrx_word' id='word_1_670' title='bbox 999 2545 1056 2586; x_wconf 75' lang='lat'><em>23,</em></span> <span class='ocrx_word' id='word_1_671' title='bbox 1079 2545 1136 2585; x_wconf 88' lang='lat'><em>33,</em></span> <span class='ocrx_word' id='word_1_672' title='bbox 1162 2544 1291 2578; x_wconf 76' lang='lat' dir='ltr'><em>Matth.</em></span> <span class='ocrx_word' id='word_1_673' title='bbox 1325 2547 1358 2587; x_wconf 70' lang='grc' dir='ltr'><em>ς.</em></span> <span class='ocrx_word' id='word_1_674' title='bbox 1382 2545 1470 2585; x_wconf 85' lang='lat'>503,</span> <span class='ocrx_word' id='word_1_675' title='bbox 1494 2546 1528 2579; x_wconf 85' lang='lat'><em>3.</em></span> <span class='ocrx_word' id='word_1_676' title='bbox 1555 2548 1622 2578; x_wconf 75' lang='lat' dir='ltr'><em>etc.</em></span> <span class='ocrx_word' id='word_1_677' title='bbox 1784 2573 1787 2596; x_wconf 30' lang='grc' dir='ltr'><em>Α</em></span> 
     </span>
    </p>

    <p class='ocr_par' dir='ltr' id='par_1_15' title="bbox 924 2587 1786 3056">
     <span class='ocr_line' id='line_1_102' title="bbox 975 2587 1786 2636; baseline 0.004 -12"><span class='ocrx_word' id='word_1_678' title='bbox 975 2591 1029 2625; x_wconf 89' lang='grc'><em>11.</em></span> <span class='ocrx_word' id='word_1_679' title='bbox 1079 2587 1192 2625; x_wconf 74' lang='grc' dir='ltr'><em>οὔτι</em></span> <span class='ocrx_word' id='word_1_680' title='bbox 1225 2590 1389 2635; x_wconf 84' lang='grc' dir='ltr'><em>φίλην.</em></span> <span class='ocrx_word' id='word_1_681' title='bbox 1426 2588 1602 2633; x_wconf 77' lang='grc' dir='ltr'><em>οὐδαμῶς</em></span> <span class='ocrx_word' id='word_1_682' title='bbox 1625 2602 1738 2636; x_wconf 79' lang='grc' dir='ltr'><em>προσ·</em></span> <span class='ocrx_word' id='word_1_683' title='bbox 1784 2597 1786 2600; x_wconf 76' lang='grc'>’</span> 
     </span>
     <span class='ocr_line' id='line_1_103' title="bbox 928 2634 1783 2684; baseline 0.004 -15"><span class='ocrx_word' id='word_1_684' title='bbox 928 2637 1030 2680; x_wconf 86' lang='grc' dir='ltr'><em>φιλῆ.</em></span> <span class='ocrx_word' id='word_1_685' title='bbox 1053 2637 1232 2681; x_wconf 77' lang='lat' dir='ltr'><strong>(invisam,</strong></span> <span class='ocrx_word' id='word_1_686' title='bbox 1254 2637 1475 2671; x_wconf 82' lang='lat' dir='ltr'><em>illaudatam.</em></span> <span class='ocrx_word' id='word_1_687' title='bbox 1495 2637 1549 2670; x_wconf 84' lang='lat' dir='ltr'><em>W.</em></span> <span class='ocrx_word' id='word_1_688' title='bbox 1561 2634 1738 2684; x_wconf 82' lang='grc' dir='ltr'><em>λιτότης.)</em></span> <span class='ocrx_word' id='word_1_689' title='bbox 1780 2673 1783 2680; x_wconf 62' lang='grc'><em>,</em></span> 
     </span>
     <span class='ocr_line' id='line_1_104' title="bbox 927 2680 1782 2729; baseline 0.006 -13"><span class='ocrx_word' id='word_1_690' title='bbox 927 2680 995 2726; x_wconf 88' lang='grc' dir='ltr'><em>τὴν</em></span> <span class='ocrx_word' id='word_1_691' title='bbox 1019 2680 1169 2729; x_wconf 84' lang='grc' dir='ltr'><em>ὁμίχλην</em></span> <span class='ocrx_word' id='word_1_692' title='bbox 1190 2683 1281 2728; x_wconf 84' lang='grc' dir='ltr'><em>φησὶ</em></span> <span class='ocrx_word' id='word_1_693' title='bbox 1299 2686 1381 2724; x_wconf 85' lang='grc' dir='ltr'><em>τοῖς</em></span> <span class='ocrx_word' id='word_1_694' title='bbox 1399 2680 1467 2727; x_wconf 74' lang='grc' dir='ltr'><em>μὲν</em></span> <span class='ocrx_word' id='word_1_695' title='bbox 1492 2681 1663 2727; x_wconf 84' lang='grc' dir='ltr'><em>ποιμέσιν</em></span> <span class='ocrx_word' id='word_1_696' title='bbox 1689 2682 1738 2720; x_wconf 71' lang='grc' dir='ltr'><em>ἆ·</em></span> <span class='ocrx_word' id='word_1_697' title='bbox 1780 2686 1782 2714; x_wconf 72' lang='grc' dir='ltr'>ἶ</span> 
     </span>
     <span class='ocr_line' id='line_1_105' title="bbox 928 2726 1738 2774; baseline 0.006 -11"><span class='ocrx_word' id='word_1_698' title='bbox 928 2726 1124 2774; x_wconf 79' lang='grc' dir='ltr'><em>σύμφορον</em></span> <span class='ocrx_word' id='word_1_699' title='bbox 1151 2727 1266 2770; x_wconf 83' lang='grc' dir='ltr'><em>εἶναι,</em></span> <span class='ocrx_word' id='word_1_700' title='bbox 1300 2733 1379 2770; x_wconf 88' lang='grc' dir='ltr'><em>τοῖς</em></span> <span class='ocrx_word' id='word_1_701' title='bbox 1404 2727 1445 2765; x_wconf 76' lang='grc' dir='ltr'><em>δὲ</em></span> <span class='ocrx_word' id='word_1_702' title='bbox 1472 2729 1642 2772; x_wconf 83' lang='grc' dir='ltr'><em>κλέπταις</em></span> <span class='ocrx_word' id='word_1_703' title='bbox 1673 2731 1738 2768; x_wconf 73' lang='grc' dir='ltr'><em>καὶ</em></span> 
     </span>
     <span class='ocr_line' id='line_1_106' title="bbox 928 2773 1736 2822; baseline 0.006 -13"><span class='ocrx_word' id='word_1_704' title='bbox 928 2775 1061 2818; x_wconf 82' lang='grc' dir='ltr'><em>νυκτὸς</em></span> <span class='ocrx_word' id='word_1_705' title='bbox 1081 2773 1377 2822; x_wconf 66' lang='grc' dir='ltr'><em>ὠφελιμωτέραν,</em></span> <span class='ocrx_word' id='word_1_706' title='bbox 1404 2775 1482 2811; x_wconf 80' lang='grc' dir='ltr'><em>ἐπεὶ</em></span> <span class='ocrx_word' id='word_1_707' title='bbox 1500 2778 1567 2822; x_wconf 87' lang='grc' dir='ltr'><em>τῆς</em></span> <span class='ocrx_word' id='word_1_708' title='bbox 1583 2776 1652 2820; x_wconf 74' lang='grc' dir='ltr'><em>μὲν</em></span> <span class='ocrx_word' id='word_1_709' title='bbox 1670 2791 1736 2814; x_wconf 84' lang='grc' dir='ltr'><em>νυ-</em></span> 
     </span>
     <span class='ocr_line' id='line_1_107' title="bbox 926 2819 1776 2870; baseline 0.005 -14"><span class='ocrx_word' id='word_1_710' title='bbox 926 2820 1036 2865; x_wconf 80' lang='grc' dir='ltr'><em>κτὸς,</em></span> <span class='ocrx_word' id='word_1_711' title='bbox 1080 2820 1279 2868; x_wconf 78' lang='grc' dir='ltr'><em>ὡρισμένον</em></span> <span class='ocrx_word' id='word_1_712' title='bbox 1316 2819 1471 2868; x_wconf 77' lang='grc' dir='ltr'><em>ἐχούσης</em></span> <span class='ocrx_word' id='word_1_713' title='bbox 1508 2822 1661 2868; x_wconf 84' lang='grc' dir='ltr'><em>καιρὸν,</em></span> <span class='ocrx_word' id='word_1_714' title='bbox 1694 2823 1737 2860; x_wconf 78' lang='grc' dir='ltr'><em>ἐν</em></span> <span class='ocrx_word' id='word_1_715' title='bbox 1774 2862 1776 2870; x_wconf 65' lang='grc'><em>,</em></span> 
     </span>
     <span class='ocr_line' id='line_1_108' title="bbox 926 2865 1775 2921; baseline 0.001 -18"><span class='ocrx_word' id='word_1_716' title='bbox 926 2865 1110 2916; x_wconf 70' lang='grc' dir='ltr'><em>ἀσφαλείᾳ</em></span> <span class='ocrx_word' id='word_1_717' title='bbox 1127 2867 1349 2915; x_wconf 81' lang='grc' dir='ltr'><em>φυλάττεται</em></span> <span class='ocrx_word' id='word_1_718' title='bbox 1366 2868 1412 2905; x_wconf 77' lang='grc' dir='ltr'><em>τοὶ</em></span> <span class='ocrx_word' id='word_1_719' title='bbox 1429 2869 1656 2916; x_wconf 82' lang='grc' dir='ltr'><em>βοσκήματα,</em></span> <span class='ocrx_word' id='word_1_720' title='bbox 1670 2872 1736 2916; x_wconf 77' lang='grc' dir='ltr'><em>τῆς</em></span> <span class='ocrx_word' id='word_1_721' title='bbox 1771 2887 1775 2921; x_wconf 49' lang='lat'><em>5</em></span> 
     </span>
     <span class='ocr_line' id='line_1_109' title="bbox 926 2913 1734 2961; baseline 0.005 -11"><span class='ocrx_word' id='word_1_722' title='bbox 926 2913 968 2950; x_wconf 81' lang='grc' dir='ltr'><em>δὲ</em></span> <span class='ocrx_word' id='word_1_723' title='bbox 997 2913 1134 2960; x_wconf 85' lang='grc' dir='ltr'><em>ἡμέρας</em></span> <span class='ocrx_word' id='word_1_724' title='bbox 1170 2914 1447 2961; x_wconf 81' lang='grc' dir='ltr'><em>ἐσκεδασμένοις</em></span> <span class='ocrx_word' id='word_1_725' title='bbox 1477 2918 1602 2952; x_wconf 86' lang='grc' dir='ltr'><em>τοῖσδε</em></span> <span class='ocrx_word' id='word_1_726' title='bbox 1636 2917 1734 2954; x_wconf 73' lang='grc' dir='ltr'><em>κατὰ</em></span> 
     </span>
     <span class='ocr_line' id='line_1_110' title="bbox 925 2958 1770 3010; baseline 0.005 -14"><span class='ocrx_word' id='word_1_727' title='bbox 925 2958 993 3003; x_wconf 75' lang='grc' dir='ltr'><em>τοὶς</em></span> <span class='ocrx_word' id='word_1_728' title='bbox 1007 2960 1125 3007; x_wconf 79' lang='grc' dir='ltr'><em>νομὰς</em></span> <span class='ocrx_word' id='word_1_729' title='bbox 1143 2961 1284 2998; x_wconf 87' lang='grc' dir='ltr'><em>ὁπόταν</em></span> <span class='ocrx_word' id='word_1_730' title='bbox 1300 2963 1478 3007; x_wconf 78' lang='grc' dir='ltr'><em>’ἐξαίφνης</em></span> <span class='ocrx_word' id='word_1_731' title='bbox 1499 2962 1635 3010; x_wconf 81' lang='grc' dir='ltr'><em>ἐπέλθῃ</em></span> <span class='ocrx_word' id='word_1_732' title='bbox 1651 2960 1732 3008; x_wconf 81' lang='grc' dir='ltr'><em>ὃμί-</em></span> <span class='ocrx_word' id='word_1_733' title='bbox 1767 2999 1770 3010; x_wconf 79' lang='grc'><em>,</em></span> 
     </span>
     <span class='ocr_line' id='line_1_111' title="bbox 924 3006 1770 3056; baseline 0 -12"><span class='ocrx_word' id='word_1_734' title='bbox 924 3011 1010 3054; x_wconf 71' lang='grc' dir='ltr'><em>χλη,</em></span> <span class='ocrx_word' id='word_1_735' title='bbox 1034 3006 1192 3052; x_wconf 68' lang='grc' dir='ltr'><em>εὐκόλως</em></span> <span class='ocrx_word' id='word_1_736' title='bbox 1210 3008 1309 3045; x_wconf 78' lang='grc' dir='ltr'><em>αὐτὰ</em></span> <span class='ocrx_word' id='word_1_737' title='bbox 1336 3009 1601 3055; x_wconf 76' lang='grc' dir='ltr'><em>ἀφαιροῦνται.</em></span> <span class='ocrx_word' id='word_1_738' title='bbox 1626 3010 1707 3045; x_wconf 82' lang='lat' dir='ltr'><strong>sch.</strong></span> <span class='ocrx_word' id='word_1_739' title='bbox 1766 3013 1770 3056; x_wconf 67' lang='lat' dir='ltr'><strong><em>J</em></strong></span> 
     </span>
    </p>

    <p class='ocr_par' dir='ltr' id='par_1_16' title="bbox 1764 3062 1767 3078">
     <span class='ocr_line' id='line_1_112' title="bbox 1764 3062 1767 3078; baseline 0 0"><span class='ocrx_word' id='word_1_740' title='bbox 1764 3062 1767 3078; x_wconf 75' lang='lat' dir='ltr'><strong>l</strong></span> 
     </span>
    </p>
   </div>
   <div class='ocr_carea' id='block_1_7' title="bbox 1769 1878 1811 3269">
    <p class='ocr_par' dir='ltr' id='par_1_17' title="bbox 1769 1878 1811 3269">
     <span class='ocr_line' id='line_1_113' title="bbox 1769 1878 1811 3269; baseline 0 0"><span class='ocrx_word' id='word_1_741' title='bbox 1769 1878 1811 3269; x_wconf 95' lang='lat' dir='ltr'><em> </em></span> 
     </span>
    </p>
   </div>
  </div>
 </body>
</html>
