1811 3269
609 149 1047 192 ΙΛΙΑΔΟΣ
1112 150 1162 191 Β.

1634 143 1719 188 127

222 266 270 309 οἴ
295 280 340 308 τε
369 262 558 306 Λίλαιαν
591 259 693 316 ἔχον
716 263 864 330 πηγῇς
893 260 963 303 ἔπι
992 261 1238 317 Κηφισοῖο·

219 327 312 372 τοῖς
341 318 385 363 δ’
419 316 508 372 α’μα
537 316 864 372 τεσσαράκοντα
894 317 1096 388 μέλαιναι
1124 320 1225 372 νῆες
1254 313 1426 358 ἕποντο.

106 381 188 424 525
221 381 265 422 οἱ
293 377 372 432 μὲν
409 373 608 446 Φωκήων
638 376 806 447 στίχας
811 375 998 418 ἔστασαν
1025 372 1339 444 ἀμφιέποντες·

221 436 432 478 Βοιωτων
464 430 509 475 δ’
538 431 727 503 ἔμπλην
735 430 806 476 ἐπ’
837 430 1044 486 ἀριστερά
1073 430 1381 487 θωρήσσοντο.

295 493 487 543 Λοκρων
518 486 559 531 δ’

574 487 858 559 ἡγεμόνευεν
883 487 1056 544 Ὀϊλῆος
1083 488 1216 543 ταχὺς
1246 489 1374 539 Αἴας,

215 548 373 602 μείων,
404 545 503 589 οὔτι
533 543 666 598 τόσος
695 563 743 602 γε
774 545 879 598 όσος
913 544 1193 600 Τελαμώνιος
1224 547 1348 596 Α’ίας,

217 603 328 648 ἀλλὰ
358 603 474 647 πολύ
505 604 640 658 μείων
673 603 838 659 (ὀλίγος
867 603 944 658 μὲν
975 603 1072 660 ε’,ην
1081 602 1370 674 λινοθώρηξ,

100 664 184 707 530
215 661 356 718 ἐγχείῃ
388 659 434 704 δ’
469 659 535 703 ἐκε
527 660 673 704 καστο
707 663 993 715 Πανέλληνας
1023 659 1094 703 καὶ
1122 657 1365 715 Ἀχαιούς)·

213 722 257 762 οἱ
287 717 446 762 Κυνόν
475 715 521 761 τ’
550 716 764 774 ἐνέμοντ’,
795 716 1004 762 Ὀπόεντά
1033 733 1099 769 τε,
1131 714 1389 772 Καλλίαρόν
1417 724 1476 762 τε,

40 846 114 875 ται,
133 832 209 868 υπὸ
234 831 275 868 δέ
294 846 405 868 τινων
420 829 726 887 Παραποτάμιοι.
739 831 860 874 (Stra—

41 881 86 914 bo
104 882 139 921 9,
164 881 197 914 3
223 892 258 925 Ρ.
279 880 381 915 649st
412 877 705 923 Παραποταμιοι
727 876 765 912 6'
788 878 859 913 εἰσὶ

41 928 213 962 κατοικία
248 939 304 967 τις
339 925 399 961 ἐπὶ
423 926 475 973 τῷ
501 927 682 971 Κηφισσῷ
709 924 859 968 ιδρυμέ-

41 987 111 1018 νη,
135 973 291 1015 πλησίον
318 962 526 1007 Φανοτεῦσι
549 972 611 1007 καὶ
641 973 859 1014 Χαιρωνεῦ-

43 1032 80 1056 σι
104 1019 167 1054 καὶ
189 1019 356 1054 Ελατεία
381 1020 467 1063 etc)
494 1015 513 1053 6
539 1018 580 1054 65
607 1018 859 1074 Κηφισσός

40 1064 210 1124 ποταμός
242 1064 320 1101 ἐστι
352 1066 417 1110 τῆς
452 1067 639 1107 Φωκίδος,
675 1065 767 1108 ἔχων
792 1064 859 1106 τοὶς

43 1125 169 1172 πηγας
192 1110 230 1148 ἐκ
255 1115 432 1154 Λιλαίας,
458 1109 508 1153 ὥς
534 1124 648 1158 φησιν
663 1110 855 1151 Ησίοδος·

41 1157 95 1200 ός
125 1172 171 1194 τε
207 1157 348 1203 (ὅστε)
385 1161 612 1204 Λιλαίῃσι
656 1158 857 1202 προρέει

41 1206 119 1251 (ap.
145 1206 177 1239 Ε
203 1210 238 1238 et
262 1207 378 1250 hymn.
402 1206 436 1239 in
462 1206 573 1251 Apoll.
595 1205 675 1241 241.
700 1207 856 1261 Λιλάιη-

39 1255 112 1287 θεν
154 1252 333 1296 προχέει)
376 1252 673 1297 καλλίῤῥοον
707 1250 855 1296 ὕδωρ.

40 1299 123 1332 Sch.
157 1298 276 1332 itidem
303 1299 347 1332 de
372 1299 436 1332 hoc
462 1299 646 1344 Cephisso‚
675 1300 734 1343 qui
760 1300 854 1332 Pho—

41 1345 151 1379 cidem
177 1355 360 1388 pererrans
384 1345 419 1377 in
447 1345 625 1379 Boeotiam
645 1346 757 1378 tendit
775 1356 853 1379 ver-

40 1402 98 1426 sus
123 1390 327 1446 Copaidem,
352 1390 524 1425 Hesiodus
548 1404 603 1436 ap.
633 1393 776 1426 Strab.:
804 1386 855 1430 ο“ς

39 1435 169 1481 παρὰ
222 1438 487 1472 Πανοπίδα
534 1436 795 1519 ΓλήκωνάΟ
813 1436 853 1472 τ’

38 1482 257 1528 ἐρυμνήν
287 1483 367 1518 καὶ
403 1481 450 1518 65
483 1482 649 1534 (καδδὲ)
669 1482 725 1519 δι’

38 1531 253 1587 χομενοῦ
287 1528 566 1573 εἱλιγμένος
604 1534 698 1565 εισι
736 1529 855 1573 δρα-

37 1591 134 1613 κων
159 1575 226 1616 ω’ς.
284 1575 352 1609 alia
398 1575 496 1619 hujus
538 1576 681 1610 nominis
714 1576 854 1610 flumina

37 1623 269 1669 geographus
279 1622 559 1656 commemoravit
579 1622 613 1655 in
633 1623 763 1665 Attica,
785 1623 853 1657 Sa-

37 1670 180 1711 lamine,
207 1669 376 1713 Sicyone,
401 1668 467 1712 Scy
465 1679 533 1709 ro,
566 1669 690 1713 ArgiS,
716 1674 752 1703 et
774 1669 852 1703 son-

38 1719 107 1750 tem
128 1715 332 1760 Apolloniae
341 1725 468 1771 prope
486 1715 714 1759 Epidaurum.
746 1716 851 1750 Paus.

40 1764 109 1804 10,
134 1763 201 1803 33,
227 1759 284 1796 4.
309 1760 355 1804 γῆ
387 1760 427 1795 65
457 1761 740 1818 διακεκριμένως
765 1760 849 1805 ἀρί-

38 1819 106 1854 στη
131 1809 197 1865 τῆς
218 1808 384 1847 Φωκίδος
403 1804 540 1843 ἐστὶν
520 1821 541 1852 η
567 1821 670 1852 παρα
688 1809 755 1844 τόν
773 1812 851 1854 Κη

39 1853 176 1913 φισσόν
199 1854 261 1889 και
279 1854 474 1910 φυτεῦσαι,
500 1854 562 1889 καὶ
588 1857 762 1901 σπείρειν,
786 1855 850 1890 καὶ

40 1901 186 1938 ανεῖναι
218 1899 360 1944 νομοὶς,
394 1901 456 1936 καὶ
488 1906 699 1947 γεωργεῖται
730 1904 851 1937 ταῦτα

36 1948 198 1994 μάλιστα
228 1948 293 1993 τῆς
314 1944 446 2004 χώρας
481 1954 549 1984 etc.
604 1948 695 1981 idem
727 1949 773 1983 ib.
797 1951 850 1983 2.;

38 1997 245 2031 Λίλαιαν
287 1992 329 2029 65
362 2007 437 2029 των
470 1993 709 2036 καλουμένων
749 1995 850 2031 Ναΐ-

0 2075 1 2090 ,
39 2044 118 2078 δων
141 2042 204 2078 καὶ
227 2039 420 2096 θυγατέρα
441 2039 538 2076 εἶναι
557 2043 625 2076 τοῦ
639 2043 849 2086 Κηφισσοῦ,

37 2089 101 2125 καὶ
122 2087 196 2124 ἀπὸ
229 2088 296 2133 τῆς
317 2085 468 2132 νύμφης
484 2084 526 2123 τὸ
546 2086 666 2131 ὄνομα
689 2091 850 2147 τεθῆναι

37 2137 84 2182 τῇ
107 2134 234 2177 πόλει,
261 2136 374 2179 φασί·
401 2134 463 2169 καὶ
484 2132 503 2169 6
515 2134 700 2190 ποταμὸς
720 2134 850 2171 ἐνταῦ-

37 2185 94 2219 θοι
127 2182 199 2239 ἔχει
228 2180 296 2223 τὰς
324 2180 465 2226 πηγάς·
500 2194 618 2217 ανεισι
650 2181 690 2217 65
720 2181 759 2217 ἐκ
774 2183 850 2240 τῆς

36 2230 104 2287 γῆς
137 2242 184 2265 ου
218 2227 266 2264 τὰ
289 2227 414 2263 πάντα
437 2225 532 2272 μεθ’
557 2224 732 2284 ἡσυχίας,
759 2226 848 2271 αλλ’,

37 2274 89 2318 ὥς
111 2276 159 2312 τοὶ
183 2276 296 2311 πλείω
330 2277 546 2332 συμβαίνει,
562 2276 754 2331 μεσούσης
777 2289 849 2319 μοι·

38 2325 143 2358 λιστα
159 2324 248 2379 τῆς
290 2319 430 2376 ἡμέρας
472 2321 669 2377 παρέχεται
716 2323 849 2368 φωνήν

21 2367 298 2426 ,ἀνερχόμενος
337 2368 503 2409 εἰκάσαις
537 2368 578 2403 δ’
607 2363 654 2404 ἂν
677 2370 848 2413 μυκωμέ-

36 2429 88 2461 νῳ
114 2415 243 2474 ταύρῳ
275 2413 342 2452 τὸν
367 2429 457 2462 ηχον
480 2417 550 2451 τοῦ
573 2412 727 2457 ν’δατος.
778 2416 849 2462 ἔχει

38 2463 79 2500 65
101 2459 124 2509 ἦ
149 2465 303 2504 Λίλαια,
336 2464 398 2499 καὶ
427 2461 522 2521 πρὸς
545 2476 614 2504 τας
646 2466 716 2499 τοῦ
742 2462 849 2511 ἔτους

37 2506 138 2555 ὥρας
153 2522 373 2553 μετοπωρου
394 2509 458 2545 καὶ
485 2507 524 2545 ἐν
545 2509 650 2554 θέρει
675 2509 739 2546 καὶ
759 2511 850 2571 ἦρος

36 2555 272 2614 ἐπιτηδείως,
298 2555 365 2592 τὸν
389 2554 429 2591 δὲ
453 2558 615 2600 χειμῶνα
638 2556 688 2602 μὴ
708 2554 850 2614 ὁμοίως

37 2601 150 2648 ἤπιον
175 2606 346 2658 γίνεσθαι
372 2604 505 2638 κωλύει
529 2602 570 2638 τὸ
594 2602 681 2647 ὄρος
701 2601 720 2641 ὁ
744 2607 848 2649 Παρ-

36 2651 182 2692 νασσός.
232 2649 324 2684 vidit.
356 2649 497 2684 Lilaeae
528 2650 632 2685 Paus.
665 2652 848 2694 theatrum,

36 2696 171 2739 forum,
201 2697 345 2738 balnea,
376 2697 575 2754 templaque
609 2697 779 2753 Apollinis
812 2704 849 2732 et.

35 2741 172 2777 Dianae
203 2755 277 2777 cum
318 2722 446 2776 statuis
486 2740 659 2789 ἐργασίας
689 2740 850 2790 Ἀττικῆς

36 2788 100 2824 καὶ
123 2789 190 2834 τῆς
213 2788 410 2835 Πεντέλῃσι
433 2790 668 2834 λιθοτομίας.

84 2837 174 2878 525,
199 2837 233 2870 6.
281 2838 457 2880 στίχας.
496 2837 632 2880 τάξεις.
683 2834 848 2880 (ἐστα-

37 2893 144 2924 σαν,
169 2894 202 2928 Ρ.
229 2880 394 2939 ἔστησαν.
419 2895 461 2926 y.
488 2883 523 2917 H
549 2888 586 2918 et
610 2883 680 2917 Th.
699 2895 731 2928 p.
745 2883 846 2927 316.)

38 2925 149 2974 ἀμφ.
178 2928 264 2971 περὶ
285 2926 401 2964 αυτὸν
425 2926 588 2975 (αὐτων)
614 2930 848 2975 ἐνεργοῦντες

35 2975 97 3011 καὶ
116 2973 355 3031 ἒπιμέλειαν’
343 2975 496 3031 ε’χοντες.
533 2976 730 3023 ἔμπλην.
755 2980 849 3021 πλη-

35 3023 131 3059 σίον.
163 3019 296 3068 (α’παξ
326 3020 523 3067 λεγόμενον
554 3023 717 3058 Homero.
752 3023 845 3066 W.)

906 831 979 870 ἐπ’
1005 830 1074 876 οἷρ.
1105 831 1144 867 ἐκ
1166 831 1238 866 τοῦ
1261 830 1462 875 ἀριστεροῦ
1485 827 1633 874 μέρους.
1658 827 1720 872 (ad

905 881 1077 915 sinistram
1097 879 1304 914 Boeotorum
1325 879 1466 911 stabant
1491 878 1525 910 in
1549 876 1634 911 acie.
1671 878 1720 911 cf.

906 929 974 971 H.)
1014 929 1132 970 θωρ.
1155 926 1451 966 καθωπλίζοντο.
1475 923 1556 958 Sch.

952 976 1031 1008 527.
1081 973 1288 1014 Λοκρῶν.
1331 971 1391 1016 qui
1425 976 1546 1016 postea
1571 970 1721 1014 Opuntii

907 1024 942 1054 et
966 1019 1197 1064 Epicnemidii
1218 1018 1333 1052 vocati
1352 1022 1452 1059 sunt3
1479 1017 1538 1050 alii
1563 1028 1647 1050 vero
1675 1016 1719 1050 ad

905 1067 1119 1100 omidentem
1156 1076 1275 1100 versus
1308 1064 1442 1098 Ozolae
1468 1068 1503 1096 et
1531 1063 1651 1097 horum
1683 1063 1719 1097 iu

903 1114 1007 1146 Itazia
1028 1113 1140 1146 coloni
1169 1110 1410 1166 Epizephyrii.
1459 1110 1587 1144 Strabo
1611 1111 1655 1152 9,
1682 1110 1717 1144 4.

903 1171 937 1204 Ρ.
954 1161 1035 1195 287.
1062 1160 1105 1193 de
1133 1159 1300 1192 Locride:
1327 1156 1500 1213 διῄρηται
1528 1156 1717 1200 δίχα.τό

901 1205 969 1250 μὲν
997 1219 1065 1249 γαρ
1095 1201 1214 1250 αυτῆς
1244 1203 1342 1240 ἐστιν
1368 1195 1408 1239 οἱ
1432 1201 1527 1248 πρὸς
1538 1202 1718 1262 Εὔβοιαν

901 1254 1041 1297 Λοκροὶ
1077 1252 1218 1296 (535.,)
1250 1250 1288 1286 οι“
1315 1253 1501 1310 σχίζονται
1530 1248 1594 1293 ἐφ’
1631 1264 1718 1286 εκα-

900 1313 988 1343 τερα
1013 1300 1079 1334 τοῦ
1100 1299 1364 1342 Δαφνοῦντος.
1412 1296 1661 1333 ἐπεκαλοῦντο
1680 1294 1719 1334 δ’

902 1347 937 1382 οὶ
955 1345 1022 1402 μὲν
1030 1344 1251 1382 Οπούντιοι
1269 1344 1342 1381 ἀπὸ
1362 1345 1428 1389 τῆς
1443 1342 1718 1390 μητροπόλεως,

902 1393 938 1429 οἱ
952 1391 989 1428 δ’
1000 1389 1308 1437 ”Ἐπικνημιδιοι
1287 1391 1363 1428 από
1380 1405 1494 1437 ορονς
1505 1405 1606 1434 τινος
1615 1395 1717 1437 Κνη-

899 1442 1011 1485 μίδος
1035 1444 1100 1472 etc.
1159 1440 1203 1473 cs.
1233 1439 1360 1473 Cellar.
1383 1441 1413 1473 1.
1440 1450 1474 1484 Ρ.
1498 1441 1588 1475 1115
1616 1451 1716 1485 seqq.

903 1492 938 1520 et
956 1485 1186 1531 geographos.
1237 1496 1322 1530 gens
1353 1486 1440 1519 haec
1465 1497 1604 1530 quoque
1634 1487 1717 1520 stir—

900 1532 955 1577 pis
981 1531 1165 1572 Aeolicae,
1198 1533 1322 1573 fortis,
1355 1531 1417 1565 sed
1452 1531 1554 1576 paulo
1583 1533 1716 1573 rudior,

901 1579 944 1612 de
976 1590 1045 1623 qua
1072 1578 1106 1610 U
1137 1578 1291 1612 conferri
1323 1578 1429 1621 jussit
1460 1578 1717 1613 Wachsmuthii

899 1625 1024 1659 hellen.
1048 1624 1197 1657 Alterth.
1225 1627 1271 1666 1.,
1298 1625 1329 1658 1.
1355 1629 1390 1658 et
1414 1625 1450 1664 2,
1468 1625 1503 1658 2.
1521 1642 1562 1649 —
1585 1625 1716 1665 Oileus,

898 1683 961 1706 rex
991 1671 1200 1711 Locrorum,
1240 1670 1332 1704 inter
1368 1672 1590 1715 Argonautas
1626 1672 1715 1706 fuit:

898 1718 1056 1763 Apollon.
1090 1717 1131 1759 1,
1157 1716 1214 1752 74.
1246 1720 1314 1750 etc.
1357 1735 1404 1742 —
1446 1715 1606 1761 ταχύς.
1639 1718 1717 1753 laus

898 1765 1060 1806 heroum,
1087 1767 1125 1798 ut
1149 1761 1355 1809 ποδάρκης.
1399 1764 1444 1797 cf.
1469 1775 1549 1798 ann.
1570 1764 1615 1799 ad
1633 1766 1717 1801 533.

895 1823 930 1845 v.
959 1809 1136 1866 Θρόνιον.

943 1858 1024 1893 528.
1075 1853 1408 1897 ουτι-Αἰᾞας
1451 1867 1487 1892 v,
1548 1858 1717 1900 ,225-

896 1905 998 1947 227.,
1028 1904 1129 1937 Paus.
1156 1905 1200 1944 1,
1225 1903 1281 1940 35.
1330 1904 1434 1938 Sch.:
1470 1916 1516 1938 ου
1513 1854 1716 1949 γ’τηλικοῦ--

897 1963 962 1991 τος
994 1951 1045 1996 τῷ
1077 1949 1227 1995 μεγέθει
1261 1951 1332 1986 τοῦ
1369 1949 1543 1994 στόματος
1574 1951 1638 1987 καὶ
1668 1952 1716 1999 τῇ

897 1986 1068 2040 δυνάμει.

943 2046 1025 2081 529.
1050 2055 1148 2087 sequ.
1199 2043 1306 2082 λιν.,
1331 2046 1371 2077 ut
1395 2043 1561 2088 Ampbius
1582 2044 1714 2089 Troja-

896 2102 960 2123 nus
986 2089 1209 2126 83o.1inteis
1234 2088 1350 2123 loricis
1381 2091 1572 2124 utebantur
1603 2092 1715 2136 sagit-

894 2136 998 2179 tarii,
1023 2135 1145 2181 quales
1170 2136 1311 2170 fuerunt
1334 2135 1390 2169 hic
1414 2137 1503 2181 Ajax
1537 2141 1573 2172 et
1596 2137 1713 2173 Locri.

895 2195 930 2217 v.
955 2182 999 2225 ν’,
1024 2185 1103 2218 712.
1124 2193 1223 2239 seqq.
1256 2194 1370 2238 neque
1402 2184 1490 2217 enim
1516 2182 1635 2239 ἐγχείη
1658 2184 1714 2218 in-

895 2229 1085 2274 telligenda
1107 2234 1161 2263 est
1193 2226 1216 2273 ἦ
1243 2227 1308 2264 δια
1336 2229 1495 2273 δόρατος
1517 2229 1638 2277 μάχη,
1672 2235 1713 2265 ut

895 2276 946 2310 ait
963 2277 1061 2318 Sch.,
1083 2275 1144 2310 sed
1162 2275 1354 2319 generatim
1375 2288 1548 2312 armorum
1569 2282 1605 2312 et
1631 2278 1714 2312 belli

896 2322 1035 2367 peritia.
1085 2325 1176 2366 Ap.:
1209 2321 1334 2367 ε’·γχος
1361 2322 1597 2367 &domnina
1624 2325 1715 2360 τοῦ

895 2369 942 2405 ἐν
967 2368 1098 2414 χειρὶ
1124 2366 1265 2404 εἶναι.
1313 2370 1358 2404 cf.
1384 2370 1429 2415 Ε,
1456 2371 1577 2405 Schol.
1602 2372 1674 2417 Sop
1678 2372 1713 2408 h.

895 2382 988 2451 Oed76
1010 2416 1054 2449 R.
1083 2417 1161 2458 166,
1186 2416 1364 2461 Aristoph.
1391 2417 1456 2451 Av.
1476 2419 1579 2460 1622,
1603 2418 1712 2453 Schn.

896 2475 932 2497 v.
967 2462 1081 2508 ἔγχος.
1125 2482 1171 2487 -
1218 2461 1279 2498 ἐκ.
1315 2461 1557 2508 ἐκεκόσμητο,
1594 2463 1712 2501 ἐνίκα.

895 2510 977 2544 Sch.
1011 2509 1135 2551 κάζειν
1158 2514 1213 2544 est
1236 2513 1406 2553 κοσμεῖν,
1429 2509 1610 2553 κάζεσθαι
1633 2511 1713 2545 vel—

894 2562 936 2591 ut
959 2554 1083 2601 κόσμῳ
1109 2556 1220 2601 νικᾷν
1254 2569 1349 2591 τινα.
1385 2557 1428 2592 cf.
1447 2557 1481 2591 H
1502 2558 1547 2591 ad
1570 2555 1614 2598 ν’,
1630 2558 1714 2594 431.

894 2623 942 2629 -—
977 2606 1017 2639 Π
1025 2618 1048 2638 α
1060 2616 1093 2638 ν.
1119 2616 1151 2639 κ.
1174 2603 1221 2636 Ἀ.
1254 2603 1289 2639 h.
1316 2615 1348 2639 e.
1381 2603 1566 2643 universos
1596 2604 1713 2639 Grae-

896 2661 966 2685 cos,
1000 2661 1034 2687 v.
1058 2661 1137 2684 ann.
1164 2649 1208 2683 ad
1232 2649 1314 2684 404.

940 2698 1022 2732 531.
1072 2697 1244 2732 Κῦνον.
1296 2695 1529 2742 Opuntiorum
1573 2696 1711 2738 navale,

895 2755 941 2776 ex
964 2744 1110 2778 adverso
1137 2742 1324 2777 Euboeae·
1356 2743 1474 2777 Strab.
1499 2745 1533 2779 9.
1559 2755 1592 2788 Ρ.
1616 2743 1711 2785 650.,

895 2789 1018 2834 Steph.
1034 2790 1119 2834 Byz.
1157 2788 1271 2823 dictus
1286 2788 1335 2823 ibi
1358 2789 1488 2824 vixisse
1505 2788 1709 2830 Deucalion,

895 2836 994 2880 cujus
1026 2836 1165 2870 fabulae
1198 2835 1355 2880 proxime
1387 2835 1431 2869 ad
1465 2836 1596 2869 Locros
1628 2845 1710 2878 spe-

894 2886 1002 2916 ctant.
1035 2882 1151 2916 notior
1176 2885 1229 2916 est
1245 2882 1350 2926 Opus,
1371 2878 1535 2923 Ὀπόεις,
1555 2878 1709 2924 Ὀποῦς,

891 2929 950 2962 vel
977 2928 1161 2962 Pindarico
1187 2928 1359 2972 carmine,
1386 2929 1525 2973 olymp.
1548 2929 1603 2968 9.,
1635 2926 1708 2961 Pa-

892 2975 994 3009 trocli
1018 2974 1136 3020 patria
1161 2986 1205 3016 6,
1229 2976 1333 3015 326„
1369 2974 1428 3019 qui
1453 2979 1507 3008 est
1536 2973 1707 3017 Opuntius

893 3022 1002 3057 heros.
1036 3021 1210 3056 Calliarus
1247 3019 1432 3056 Strabonis
1474 3023 1592 3054 aetate
1635 3030 1703 3055 non
