1811 3269
57 169 143 209 298

691 167 1097 211 ΟΜΗΡΟΥ

114 280 196 322 875
226 276 297 320 σοὶ
328 273 485 327 πάντες
513 275 787 347 μαχόμεσθα
818 277 873 321 συ
903 278 988 349 γὰρ
1023 277 1141 330 τέκες
1168 277 1347 334 ἄφρονα
1375 281 1560 340 κούρην,

226 331 499 388 οὐλομένην,
530 333 598 390 ᾑτ’
631 333 726 376 αἰὲν
755 333 926 405 ἀήσυλα
957 336 1062 390 ἔργα
1091 335 1290 407 μέμηλεν.

226 389 354 434 ἄλλοι
384 390 463 444 μὲν
490 392 574 445 γὰρ
605 391 781 444 πάντες,
813 392 912 435 ὅσοι
942 393 1041 435 θεοί
1072 391 1155 434 εἰσ’
1187 392 1233 435 ἐν
1259 392 1480 452 Ὀλύμπῳ,

227 448 298 490 σοί
329 446 372 489 τ’
401 448 719 519 ἐπιπείθονται,
754 449 828 491 καὶ
859 449 1138 502 δεδμήμεσθα
1168 448 1370 521 Suaevpg·

226 502 391 574 ταύτην
421 501 466 546 δ’
498 502 597 547 οὔτ’
630 504 722 548 ἔπεϊ
752 505 1063 561 προτιβάλλεαι
1094 504 1193 548 οὔτε
1223 523 1263 548 τι
1293 507 1421 565 ἔργῳ,

113 567 194 606 880

227 558 326 603 ἀλλ’
359 558 516 611 ἀνιεῖς,
545 561 636 604 ἐπεὶ
667 561 799 613 αὐτὸς
828 563 996 618 ἐγείναο
1024 560 1152 604 παῖδ’
1168 560 1385 630 ἀίδηλον·

227 616 255 672 ἣ
284 620 370 659 νῦν
401 618 566 689 Τυδέος
591 618 713 670 υἱὸν,
742 617 1005 687 νπέρθυμον
1034 616 1272 672 Διομήδεα,

227 676 489 742 μαργαίνειν
501 673 701 745 ἀνέηκεν
732 675 801 719 ἔπ’
834 674 1098 718 ἀθανάτοισι
1129 679 1315 717 θεοῖσιν.

228 729 439 784 Κύπριδα
467 732 547 804 μὲν
575 735 728 786 πρῶτα
758 731 913 802 σχεδὸν
944 730 1103 775 οὔτασε
1133 728 1242 786 χεῖρ’
1275 731 1345 773 ἐπὶ
1375 736 1547 789 καρπῷ,

1274 785 1291 802 .-

228 785 369 841 αὕταρ
401 788 532 832 ἔπειτ’
565 788 684 846 αὐτῷ
715 806 791 844 μοι
820 788 1029 833 ἐπέσσυτο
1061 790 1239 845 δαίμονι
1273 791 1391 838 ἰσος·

115 847 197 890 885
229 842 338 887 ἀλλά
368 844 416 900 μ’
450 844 690 917 ὑπήνεικαν
719 844 864 901 ταχέες
893 844 1046 895 πόδες·
1077 846 1103 901 ἡ
1135 845 1180 887 τέ
1214 859 1264 887 κε
1294 843 1431 899 δηρὸν

229 899 368 944 αὐτοῦ
399 901 561 973 πήματ’
597 903 788 971 ἔπασχον
817 902 866 945 ἐν
897 904 1071 958 αίνῃσιν
1101 899 1372 954 νεκάδεσσιν,

227 958 254 1014 ἤ
285 970 332 1000 κε
367 959 444 1011 ζὼς
475 958 691 1014 ἀμενηνὸς
722 959 771 1002 εά
798 962 977 1014 χαλκοῖο
1008 962 1245 1014 τυπῇσιν.ίί

311 1027 401 1069 Τόν
431 1026 472 1071 δ’
503 1026 581 1080 ἄρ’
612 1026 789 1083 ὑπόδρα
820 1026 929 1071 ἰδών
957 1024 1163 1095 προσέφη
1193 1020 1518 1095 νεφεληγερέτα
1539 1023 1672 1075 Ζεύς·

225 1115 250 1133 ,,
241 1083 355 1151 ,μήτι
385 1102 484 1139 μοι,
513 1082 863 1139 ἀλλοπρόσαλλε,
893 1081 1188 1157 παρεζόμενος
1215 1081 1440 1137 μινύριζε.
1435 1088 1448 1112 '

113 1144 196 1184 890
227 1139 425 1195 ἔχθιστος
458 1141 503 1185 δέ
533 1143 610 1197 μοί
640 1141 733 1185 εσσι
762 1145 902 1192 θεῶν,
935 1143 979 1183 οι
996 1139 1239 1209 ’Όλυμπον
1254 1138 1451 1194 ξ’·χουσιν

230 1198 313 1239 αιέι
340 1197 427 1253 γάρ
455 1215 522 1241 τοι
555 1198 644 1252 ε’ρις
673 1210 718 1242 τε
751 1201 857 1269 φίλη
887 1196 1074 1252 πόλεμοί
1103 1212 1148 1239 τε
1177 1194 1311 1250 μάχαι
1340 1211 1398 1239 τε.

225 1254 390 1310 μητρός
419 1271 489 1299 τοι
516 1255 648 1338 μένος
678 1256 796 1299 ἐστὶν
826 1255 1060 1310 ἀάσχετον,
1093 1251 1175 1296 οὐκ
1205 1251 1434 1302 ἐπιεικτὸν,

102 1426 193 1466 875,
229 1427 262 1461 6.
321 1423 390 1459 σοὶ
427 1437 466 1458 π.
499 1436 603 1468 μαχ.
654 1424 719 1458 tibi
757 1436 873 1458 omnes

55 1472 239 1506 irascimur
262 1471 331 1512 dii,
357 1470 422 1504 tibi
447 1477 695 1505 suscensemuS.
733 1482 773 1504 eo
795 1480 873 1505 sen-

55 1530 96 1552 su
120 1529 225 1562 saepe
250 1517 376 1552 dicitur
392 1516 593 1562 μάχεσθαι,
613 1518 668 1551 vel
685 1515 875 1562 μάχεσθαι

55 1563 199 1600 ἐπέεσσι
223 1562 291 1608 (α’,
316 1563 385 1600 304
401 1565 440 1608 ),
476 1564 532 1597 vel
559 1564 661 1598 etiam
684 1563 873 1608 μάχεσθαι

55 1612 119 1647 καὶ
142 1612 382 1652 νεμεσοῖσθαι,
409 1615 448 1643 ut
471 1608 515 1651 v',
536 1610 601 1647 118
616 1635 626 1651 ,
652 1610 730 1647 119.
758 1611 805 1644 cf.
827 1610 872 1646 H.

56 1678 102 1682 —
128 1656 323 1703 ἀήσυλα.
359 1655 502 1691 αἴσυλα.
530 1655 610 1691 403.

103 1728 182 1761 878.
238 1735 282 1771 >-
302 1725 394 1769 πρὸς
417 1724 457 1759 τό
486 1726 627 1770 σχῆμα,
662 1722 754 1769 quod
778 1726 810 1760 3.
837 1730 874 1759 et.

60 1775 91 1808 1.
118 1784 266 1817 persona
286 1774 427 1830 junctae
451 1778 542 1812 sunt,
568 1782 643 1804 cum
661 1772 802 1831 proprie
819 1771 873 1804 di-

57 1819 200 1852 cendum
227 1819 355 1852 fuisset,
378 1814 656 1860 ἐπιπειθόμεθα
680 1818 743 1853 και
767 1818 872 1861 δεδμ.

58 1866 104 1899 cf.
131 1864 170 1907 ζ,
195 1866 252 1899 71.
287 1865 378 1898 inter
412 1864 550 1898 soloeca
574 1864 682 1898 refert
704 1875 874 1908 gramma-

57 1911 148 1945 ticus
172 1922 248 1945 cum
273 1911 447 1945 Ammonio
472 1910 585 1943 editus
602 1921 636 1954 p.
658 1912 735 1945 199.
758 1911 872 1943 ExH.

103 1982 184 2015 879.
232 1992 386 2023 προτ.,
409 1975 629 2024 προσβάλλῃ.
667 1979 770 2012 Sch.:
795 1978 874 2013 ἐπι-

57 2027 237 2071 στρέφεις,
262 2028 514 2071 σωφρονίζεις,
538 2024 781 2069 ἐπιπλήσσεις.
818 2026 874 2059 di-

57 2079 110 2107 cto
136 2075 190 2106 vel
209 2075 313 2116 facto
338 2074 496 2112 incessis,
522 2072 695 2116 castigas,
720 2073 872 2105 coserces.

56 2119 196 2163 vulgari
225 2130 288 2152 usu
321 2117 536 2163 frequentari
569 2118 686 2163 coepit
709 2119 874 2163 προσβα-

56 2169 154 2206 λεῖν,
188 2166 375 2210 congredi,
411 2171 447 2198 et
470 2164 677 2210 προσβολή,
712 2176 873 2209 congres-

56 2224 136 2252 sus,
162 2211 224 2246 sed
249 2209 549 2256 προσβάλλεσθαι
574 2223 613 2243 eo
639 2222 752 2251 sensu,
775 2222 873 2254 quem

57 2258 225 2300 diximus,
251 2264 434 2312 praeterea
459 2268 526 2290 non
552 2257 679 2301 legitur
705 2268 759 2300 ap.
783 2258 873 2290 hunc

56 2309 221 2338 nostrum.
281 2303 400 2337 similis
434 2309 511 2336 sunt
545 2302 727 2360 potestatis
768 2303 873 2336 verba

56 2348 325 2385 καθάπτεσθαι
349 2355 385 2383 et
403 2347 563 2384 ἐνίπτειν
584 2347 707 2384 ἔπεσιν
725 2347 772 2390 α’,
791 2350 872 2389 582,

58 2394 104 2444 β’,
131 2397 212 2432 245.
247 2398 292 2431 cf.
321 2396 375 2437 E,
399 2395 454 2437 Κ,
480 2396 525 2429 H.

105 2467 187 2501 880.
237 2463 326 2506 (im,
359 2465 493 2498 incitas.
540 2465 584 2498 cf.
609 2464 697 2505 422,
726 2464 805 2498 882.
828 2482 874 2487 —

59 2511 165 2592 {g}-
190 2508 409 2556 ἀΐδηλον.
433 2510 613 2557 ἐπιβλαβῆ
635 2517 701 2544 etc.
728 2510 807 2551 897,
829 2507 875 2555 β’,

109 2627 200 2666 881,
225 2627 257 2660 2.
305 2624 477 2681 υπέρθ.
517 2624 752 2664 Aristarchus,
776 2634 874 2668 quem

61 2677 199 2705 secutus
217 2677 272 2705 est
289 2673 341 2706 H:
366 2669 617 2715 ὑπερφίαλον,
642 2675 680 2703 ut
703 2673 876 2704 testantur

62 2718 179 2751 Schol.
205 2721 235 2752 A
261 2723 296 2751 et
319 2719 589 2762 glossographus
610 2717 703 2761 Lips.
719 2735 763 2740 —
783 2715 874 2748 Sch.:

62 2776 195 2819 μαργ.
235 2765 459 2807 μαίνεσθαι,
490 2764 727 2822 ἐνθουσιᾷν,
761 2760 874 2805 ἀκρα-

63 2812 135 2850 τῶς
159 2811 291 2856 ὁρμᾷν.
316 2829 362 2835 -·
388 2810 456 2845 άν.
487 2808 558 2846 ἔπ’
563 2836 571 2843 .

110 2879 190 2914 883.
246 2879 297 2913 sic
329 2879 428 2913 Vrat.
462 2880 484 2913 b
520 2883 555 2913 et
591 2890 677 2912 unus
709 2876 873 2917 vindob„

65 2925 186 2960 merito
231 2925 399 2971 probante
439 2925 485 2961 H.
547 2924 675 2969 vulgoz
710 2924 876 2968 πρῶτον

65 2970 218 3015 σχεδόν

607 2807 795 2853 ἐπανέηκε.

966 1421 1182 1457 885—887.
1232 1414 1256 1465 ἦ
1289 1419 1336 1455 τέ
1370 1431 1418 1455 κε
1443 1438 1488 1445 -
1510 1418 1731 1469 τυπῇσιν.

920 1467 987 1501 duo
1020 1466 1086 1501 sibi
1118 1466 1206 1500 mala
1240 1463 1421 1501 metuenda
1455 1465 1565 1499 fuisse
1597 1464 1666 1507 ait,
1702 1461 1732 1496 si

920 1513 1051 1547 diutius
1074 1518 1262 1558 pugnasset
1291 1522 1364 1546 cum
1389 1511 1574 1551 Diomede,
1606 1514 1645 1543 ut
1673 1513 1733 1542 aut
1798 1551 1799 1554 Ἴ

920 1566 1117 1605 prostlatus
1140 1559 1231 1592 inter
1255 1571 1394 1600 caeSOS‚
1428 1563 1634 1600 mortuoque
1656 1555 1732 1599 ipse

919 1606 1056 1647 similis,
1083 1611 1121 1638 ut
1145 1604 1223 1638 olim
1243 1604 1344 1639 Pluto
1362 1606 1415 1648 (v.
1437 1603 1636 1648 supra397‚
1660 1602 1733 1635 He-
1773 1622 1776 1623 ν

919 1651 1007 1686 siod.
1034 1652 1171 1695 Theog.
1196 1651 1264 1692 794
1288 1651 1429 1695 seqq.‚)
1465 1661 1485 1683 a
1509 1649 1595 1682 viris
1617 1647 1733 1691 equis-

919 1710 985 1743 que
1010 1699 1287 1738 conculcaretur,
1313 1701 1372 1730 aut.
1396 1696 1499 1730 vivus
1524 1694 1672 1739 quidem,
1697 1694 1731 1726 11.

919 1756 949 1778 e.
976 1744 1028 1777 sui
1053 1752 1191 1788 compos
1220 1748 1324 1787 atque
1342 1743 1495 1783 adstans,
1520 1742 1640 1774 hastae
1657 1739 1733 1783 gla-

918 1790 1037 1835 diique
1064 1789 1189 1822 ictibus
1214 1794 1281 1822 tam
1306 1789 1466 1832 graviter
1490 1792 1732 1839 percuteretur

920 1835 964 1870 ab
993 1836 1096 1869 hero&
1126 1834 1269 1875 audaci,
1307 1841 1344 1867 ut
1377 1834 1585 1867 deficeretur
1609 1831 1730 1865 animo

920 1900 963 1908 —-
1001 1882 1104 1915 Son-z
1140 1879 1299 1936 δηρόν.
1343 1878 1402 1915 ε’πὶ
1432 1877 1552 1914 πολύν
1586 1877 1731 1923 χρόνον.

919 1939 1009 1962 νεκ.
1050 1930 1134 1967 ταῖς
1168 1929 1243 1962 τῶν
1277 1928 1417 1980 νεκρῶν
1451 1924 1610 1968 τάξεσιν.
1655 1924 1732 1966 (π’,

920 1976 1015 2010 661..
1041 1975 1207 2017 κείμενον
1233 1972 1271 2008 ἐν
1294 1972 1435 2009 νεκύων
1461 1970 1599 2016 ἀγύρει.
1611 1971 1731 2013 -Η.)

919 2040 966 2044 -
991 2018 1124 2066 ἀμεν
1165 2018 1348 2064 ἀσθενὴς,
1383 2018 1453 2055 οὐκ
1487 2018 1577 2064 ε’χων
1608 2017 1731 2062 μένος.

920 2062 1012 2111 (εα.
1037 2067 1096 2112 ἡν.
1126 2066 1172 2111 δ’,
1198 2068 1295 2109 321.)

967 2137 1047 2170 889.
1095 2148 1189 2179 μιν.
1233 2134 1387 2179 (Odjss.
1413 2131 1459 2175 6,
1485 2133 1594 2176 719.)
1645 2133 1730 2186 Ap.:

918 2182 1072 2226 θρήνει,
1100 2180 1201 2226 ὀλίγῃ
1228 2183 1334 2225 φωνῇ
1360 2179 1420 2214 καὶ
1446 2179 1574 2223 οἰκτρᾷ
1595 2176 1731 2222 χριόμε-

919 2241 996 2269 νος.
1041 2228 1090 2261 E:
1126 2246 1170 2253 —
1194 2228 1471 2270 μινυρίζειν
1502 2224 1578 2261 ἐστὶ
1602 2223 1644 2260 τὸ
1669 2237 1730 2268 μι-

919 2274 1012 2309 νυὸν
1035 2284 1130 2308 κατα
1152 2272 1355 2314 Ἀττικους,
1389 2271 1474 2316 ἤτοι
1506 2270 1639 2316 μικρὸν
1668 2270 1731 2306 καὶ

917 2319 1060 2376 ἡρέμα
1094 2321 1242 2354 κλαίειν.

921 2380 984 2412 φει
1009 2364 1108 2402 οὕτω
1133 2365 1271 2410 ῥητῶς·
1297 2367 1574 2423 μινυρίζειν
1600 2363 1651 2399 τὸ
1677 2362 1731 2408 ἧ-

920 2413 1042 2470 ρέμα
1060 2413 1140 2448 καὶ
1164 2412 1344 2448 λεπτόν
1369 2411 1520 2447 ἄδειν.
1556 2411 1593 2446 οὶ
1613 2410 1654 2446 δὲ
1677 2424 1732 2446 τι-

921 2473 978 2501 νες
1004 2458 1045 2496 τὸ
1073 2463 1229 2505 θρηνεῖν
1253 2458 1318 2494 καὶ
1343 2449 1605 2502 ἀποδύρεσθαι
1629 2462 1696 2493 etc.

967 2531 1045 2565 890.
1071 2540 1169 2574 sequ.
1218 2527 1374 2561 similiter
1416 2529 1647 2572 Agamemnon
1683 2525 1730 2570 α’,

923 2577 1137 2617 176,177.,
1172 2585 1256 2620 quos
1290 2585 1410 2607 versus
1443 2574 1530 2607 male
1553 2572 1731 2607 insimula-

921 2627 999 2656 runt
1022 2620 1173 2655 nonnulli
1198 2628 1352 2654 veterum
1377 2619 1686 2663 grammaticorum.

968 2689 1182 2726 892-894.
1231 2690 1320 2732 Ap·
1356 2684 1608 2732 ἀάσχετον.
1642 2684 1731 2722 ἀκα-

920 2736 1109 2780 τάσχετον,
1136 2733 1436 2790 ἀνυπομόνητον.
1462 2753 1506 2758 -
1531 2734 1676 2790 εἴρηται
1691 2731 1731 2768 δὲ
1780 2740 1782 2755 '

921 2782 1008 2818 κατ’
1034 2782 1246 2818 ἐπέκτασιν·
1282 2780 1325 2815 τὸ
1359 2778 1430 2825 γὰρ
1462 2777 1556 2816 αὐτὸ
1589 2780 1652 2815 καὶ
1677 2777 1730 2815 δι’

923 2826 1042 2866 αὐτοῦ
1067 2829 1177 2872 (idem
1196 2827 1286 2861 enim
1306 2832 1355 2860 cst
1375 2832 1409 2860 et
1427 2827 1463 2859 in
1481 2828 1598 2860 eodem
1601 2837 1733 2882 opere,
1778 2841 1782 2864 ,τ

921 2877 997 2910 sive
1028 2876 1145 2910 codem
1178 2885 1289 2907 sensu.
1337 2873 1559 2917 v.vi110is.)
1593 2869 1731 2916 ἄσχε-

922 2935 1028 2964 τον,
1062 2919 1148 2957 οὐκ
1180 2917 1430 2954 ἓπίεικτον
1463 2919 1539 2962 (π,
1563 2917 1643 2954 549.
1685 2918 1729 2951 cf.
1777 2892 1781 2964 l

924 2967 977 3010 ω’,
1001 2968 1126 3012 7.‚08)
1166 2965 1228 3000 καὶ
1261 2962 1448 3010 μητρός
1479 2977 1556 3000 τοι
1587 2963 1731 3009 μένος
1777 2991 1780 3003 .

1301 2318 1459 2359 παλαιὸς
1491 2319 1531 2354 δέ
1561 2331 1617 2359 τις
1639 2331 1732 2375 γρα-
1784 2314 1788 2330 ⁷
