1811 3269
739 142 1138 185 ΟΜΗΡΟΥ

258 381 347 406 των
379 367 435 407 αὐ
467 366 671 418 τέσσαρες
701 365 828 421 ἀρχοὶ
858 367 984 411 ε’σαν·
1017 368 1120 411 δέκα
1151 368 1196 412 6'
1227 369 1356 423 οἷνὸρὶ
1386 370 1553 426 ἑκάστῳ

91 141 174 180 138

259 249 397 293 ὅσσον
427 250 503 303 ἔφ’
528 250 710 307 Ὑρμίνη
739 252 813 295 καὶ
842 252 1079 308 Μύρσινος
1109 256 1367 325 ἐσχατόωσα,

259 306 393 364 πέτρη
425 307 465 351 τ’
492 307 663 363 Ὠλενίη
693 309 767 352 καὶ
790 307 999 355 Ἀλείσιον
1030 312 1152 363 ἐντός
1180 311 1329 383 ἐέργει,

143 482 226 522 620
257 425 357 476 νῆες
385 422 542 465 ἕποντο
573 423 701 475 θοαὶ,
735 423 885 475 πολέες
916 424 957 468 6'
990 426 1199 479 ἔμβαινον
1224 424 1396 470 Ἐπειοί.

256 482 346 520 τῶν
375 479 455 533 μὲν
489 477 561 531 ἄρ’
591 477 858 550 Ἀμφίμαχος
888 481 962 524 καὶ
994 481 1187 532 Θάλπιος
1216 482 1484 540 ἡγησάσθην,

255 532 346 585 υἷες
379 535 401 578 ὁ
432 552 512 590 μεν
542 536 762 588 Κτεάτου,
794 536 818 580 ὁ
852 536 895 581 6’
928 537 1006 591 ἄρ’
1036 536 1247 608 Εὐρύτου
1277 539 1588 609 Ἀκτορίωνος·

256 596 346 634 τῶν
375 591 420 635 δ’
450 591 789 663 Ἀμαρυγκείδης
817 589 921 651 ἦρχε
950 595 1162 649 κρατερὸς
1190 595 1391 653 Διώρης·

255 653 344 691 τῶν
376 649 422 692 δὲ
450 650 668 706 τετάρτων
697 653 803 707 ἠρχε
833 651 1103 703 Πολύξεινος
1131 654 1345 709 θεοειδής,

82 787 182 809 unum
208 772 334 812 κοινόν
368 778 521 811 coierant
554 789 669 811 omnes
702 777 812 811 Elidis
836 789 892 810 ur-

82 824 154 856 bes.
204 823 304 856 initio
330 824 418 856 enim
444 835 502 857 eas
527 827 639 858 terras
664 830 806 857 tenuere
833 836 896 868 po-

81 868 153 922 puli
182 869 305 913 Pelasg
299 870 386 902 icae
417 870 557 913 stirpis3
590 882 656 915 quo
691 870 733 902 de
768 882 895 913 genere

80 915 148 968 ipsi
169 915 263 958 Epe'i
290 917 449 949 videntur
473 916 593 950 fuisse.
643 916 800 961 permixti
820 927 895 950 cum

79 960 122 994 iis
157 961 279 995 Aeoles
314 963 533 996 habitarunt:
572 963 661 996 unde
694 962 760 1006 ipsi
785 962 895 996 habiti

78 1011 160 1040 sunt
184 1009 329 1048 Aeoles·
373 1013 409 1042 at
444 1008 535 1053 P31ii
570 1010 769 1042 referuntur
803 1008 894 1042 inter

78 1054 249 1087 Achaeos.
307 1056 429 1097 itaque
464 1047 587 1088 Achiui
620 1055 743 1098 passim
770 1055 896 1088 distin-

77 1105 239 1143 guuntur
266 1101 311 1134 ab
350 1102 474 1145 Ερεῖ5·
509 1112 542 1136 v.
575 1101 636 1135 inf.
671 1102 715 1135 ad
746 1100 787 1142 λ’,
813 1102 891 1137 693.

76 1145 190 1180 serius
216 1158 290 1180 cum
316 1147 513 1180 Heraclidis
536 1147 668 1180 Elidem
692 1148 894 1181 invaserunt

75 1192 214 1234 Aetoli,
241 1193 329 1227 duce
360 1193 497 1237 Oxylo3
530 1194 807 1238 quemadmodum
833 1205 892 1226 an-

74 1237 220 1283 tiquitus
244 1250 288 1272 ex
313 1239 414 1273 Elide
438 1239 472 1272 in
498 1240 663 1274 Aetoliam
697 1240 892 1284 profugisse

75 1284 206 1318 dicitur
232 1285 391 1325 Aetolus,
418 1287 509 1319 unde
535 1292 633 1330 pater
659 1287 730 1329 ejus
770 1285 892 1329 Endy-

74 1330 163 1364 mion
200 1343 276 1364 cum
309 1332 533 1365 Aeolensibus
569 1332 700 1365 Elidem
735 1331 890 1365 adierat:

73 1377 236 1421 Apollod.
257 1380 296 1417 1,
321 1378 364 1417 7.
388 1378 423 1411 5
451 1383 486 1411 et
511 1380 543 1413 6.
570 1378 707 1418 Pisam,
734 1389 825 1411 nunc
849 1389 892 1410 ne

74 1423 280 1456 nominatam
307 1403 460 1467 quidem,
495 1428 730 1469 occupaverat
757 1423 892 1458 advena

74 1470 194 1514 Phryx
225 1469 365 1513 Pelops.
394 1470 555 1504 Eleorum
593 1481 649 1503 res
688 1477 759 1504 tum
793 1474 894 1503 erant

73 1519 196 1549 tenues
230 1521 265 1549 et
298 1527 318 1549 a
354 1516 465 1559 Pyliis
499 1517 661 1550 attritae:
697 1528 729 1552 v.
755 1513 798 1556 λ’,
821 1517 890 1550 670

72 1573 172 1607 seqq.
206 1568 404 1596 accesserat
428 1562 549 1596 clades
568 1563 610 1596 ab
636 1562 788 1600 Hercule
812 1561 889 1595 illa-

72 1611 130 1642 ta:
153 1606 198 1649 λ’,
224 1608 293 1642 688
323 1620 419 1652 seqq.
463 1609 508 1642 cf.
533 1609 653 1642 Strab.
678 1621 711 1653 p.
731 1608 876 1649 543‚C

72 1665 182 1700 pauca
211 1654 396 1687 Homerica
423 1655 543 1698 attigit
567 1655 668 1688 Paus.
694 1657 727 1690 5.
746 1659 782 1688 et
801 1657 889 1689 6.—

71 1701 286 1744 Buprasium
312 1700 448 1734 videtur
475 1701 581 1734 fuisse
606 1712 715 1745 pagus
743 1700 798 1734 vel
815 1707 888 1734 tra-

72 1752 172 1789 ctus,
210 1749 402 1788 armoenia,
438 1759 528 1790 quae
557 1747 739 1780 Strabonis
774 1752 889 1780 aetate

69 1804 137 1826 non
162 1794 306 1829 extabat
329 1794 396 1838 (p.
420 1793 510 1834 524,
536 1793 606 1836 A.)
656 1794 799 1833 urbem,
823 1792 888 1825 flu—

69 1839 165 1873 vium
200 1844 236 1873 et
270 1840 446 1884 regionem
487 1851 527 1873 eo
560 1839 695 1873 nomine
725 1843 889 1872 memorat

69 1886 198 1930 steph.
224 1886 310 1928 Byz.
336 1892 433 1920 etex
455 1898 495 1919 eo
515 1886 631 1929 Etym.
666 1886 712 1919 cf.
739 1883 781 1925 λ’,
806 1886 887 1920 755.

67 1951 113 1957 —
138 1933 220 1965 Elzs
244 1933 419 1987 Epeorum
441 1932 531 1973 fuit3
557 1931 647 1976 quod
673 1931 802 1965 diserte
827 1931 888 1964 do-

68 1982 126 2012 cet
159 1978 293 2033 Odyss.
320 1976 361 2019 ν’,
385 1979 487 2013 275.-
477 2002 488 2019 ,
522 1983 658 2012 tractus
691 1977 792 2011 etiam
830 1977 887 2010 ille

67 2021 119 2068 (ἡ
154 2023 262 2069 χώρα
296 2023 471 2069 κωμηδὸν
506 2022 648 2070 ᾠκεῖτο,
700 2024 818 2056 Strab.
853 2035 886 2067 p.

65 2072 155 2111 519,
181 2072 268 2113 A),
294 2083 359 2105 non
392 2072 495 2111 urbs,
521 2083 610 2115 quae
639 2074 717 2114 post
746 2069 887 2103 Persica

66 2117 204 2153 demun]
230 2117 321 2152 bella
347 2117 414 2151 fuit
435 2117 583 2152 condita.
589 2119 612 2136 ‘⁶
639 2117 695 2149 Es
717 2117 765 2149 Η.

113 2177 198 2210 616.
249 2173 394 2209 ὅσσον
427 2171 504 2218 ἔφ’
508 2200 515 2207 .
552 2176 584 2208 h.
610 2187 641 2208 e.
667 2171 733 2216 ἐφ’
760 2171 884 2214 ὅσσον,

66 2222 117 2255 bis
145 2222 281 2264 (ΙοτΙιὶη,
308 2233 357 2253 wo
386 2220 552 2264 Hyrmine
582 2222 658 2254 Elis
686 2223 886 2263 begrcinzet.

66 2268 110 2301 K.
136 2268 187 2301 sic
209 2267 312 2301 etiam
329 2268 375 2302 H.
402 2267 524 2300 durior
555 2275 610 2301 est
638 2267 759 2300 Wolfii
781 2267 885 2306 ratio,

66 2313 362 2358 praepositionem
392 2313 575 2346 referentis
607 2314 650 2347 ad
681 2313 814 2357 ἐέργει,
847 2318 886 2346 ut

65 2360 112 2394 sit
136 2359 312 2416 ἐπείργει,
332 2359 473 2393 verbum
491 2359 701 2394 inusitatum
717 2379 763 2385 —
787 2360 887 2392 Stra-

66 2407 111 2440 bo
131 2418 164 2452 p.
176 2408 281 2441 5..25·
304 2403 502 2450 “Τρμίνη
526 2408 594 2458 μξν
614 2420 683 2441 ουν
696 2407 886 2449 πολίχνιον

65 2452 124 2497 ἠν,
149 2455 223 2488 νῦν
248 2451 288 2488 δὲ
315 2451 384 2487 οὐκ
410 2451 519 2494 ἔστιν,
547 2451 627 2487 ἀλλ’
655 2451 887 2497 ακρωτήριον

56 2502 210 2556 πλησίοι
213 2513 227 2532 ν
253 2497 448 2558 Κυλλήνης
467 2497 634 2543 ὀρεινὸν,
658 2498 886 2541 καλούμενον

56 2542 227 2590 ”Ορμινε,
253 2542 278 2590 ἢ
305 2541 486 2590 ’Τρμινα·
520 2544 714 2588 ΙΡῙύρσινος
745 2545 807 2586 δὲ,
840 2544 882 2581 τὸ

66 2594 136 2627 νῦν
163 2591 454 2637 Μ’ῑνρτούντιον,
478 2591 535 2626 ἐπι
566 2592 759 2628 θάλατταν
788 2594 885 2626 καθ-

66 2638 212 2683 ήκουσα
240 2638 337 2674 κατὰ
366 2652 433 2683 τνν
463 2638 501 2673 ἐκ
535 2638 666 2698 Δύμης
706 2641 757 2680 εἰς
778 2634 885 2673 Ἦλιν

25 2719 29 2721 ,
66 2685 158 2723 ὁδὸν
185 2687 380 2729 κατοικία,
408 2684 541 2720 στάδια
558 2687 623 2730 τῆς
645 2685 796 2721 Ἠλείων
814 2684 884 2720 πό-

67 2737 156 2773 λεως
184 2732 364 2776 διέχουσα
393 2731 656 2777 ἐβδομήκοντα.
692 2752 734 2757 —-
777 2731 884 2776 ἔσχ,

68 2785 219 2815 extrema
237 2805 246 2820 ,
274 2779 308 2811 in
328 2779 483 2811 confiniis
503 2780 581 2813 sita.

92 2842 95 2846 ·
112 2829 194 2862 617.
248 2826 370 2858 Olenia
392 2830 493 2868 petra
518 2830 660 2868 putatur
678 2835 777 2865 esse,
797 2835 884 2868 quae

93 2879 189 2906 ostea
212 2873 370 2909 Σκὸλλις
395 2870 489 2904 dicta.
513 2877 586 2912 est,
618 2871 712 2904 inter
738 2871 883 2914 Dymen,

67 2885 250 2953 'i'ritaeauu
277 2924 312 2952 et
332 2916 479 2957 Elidem,
504 2917 538 2950 in
558 2917 714 2950 confiniis
734 2917 886 2960 Acbajae

69 2971 103 2998 et
124 2965 248 2998 Elidias.
280 2963 408 2998 Strabo
436 2963 458 2998 l.
479 2974 509 2995 c.
533 2968 570 2996 et
588 2975 621 3007 p.
636 2964 725 3003 525,
745 2964 787 2996 Β.
811 2963 883 2996 He-

68 3010 183 3045 siodus
204 3022 220 3046 a
231 3023 264 3057 p.
282 3010 407 3054 Steph.
425 3013 462 3043 et
481 3009 600 3043 Strab.
624 3020 656 3054 p.
675 3009 774 3044 526:
795 3006 882 3055 ᾤκεε

943 774 985 813 δ’
1013 774 1178 822 Ὠλενίην
1199 777 1337 821 πέτρην
1369 783 1552 814 ποτααοῖο
1582 777 1676 824 παρ’
1713 779 1753 815 ὄ-

941 828 1052 869 χθαις
1070 823 1227 869 Εὕρεῖος
1248 827 1412 866 Her-(9020.
1449 826 1579 860 Olenus
1597 827 1754 860 Aetoliae

942 873 1023 905 urbs
1054 872 1143 905 infra
1177 879 1382 905 memoratur
1411 873 1510 913 639„
1546 884 1612 916 qua
1650 874 1753 916 paulo

941 919 1054 951 notior
1075 925 1129 951 est
1148 919 1297 960 Achajae
1314 918 1373 950 illa
1401 918 1628 961 cognominis,
1655 920 1752 962 cujus

940 976 1025 1004 rex,
1052 963 1242 998 Centaurus
1266 964 1495 1004 Dexamenus,
1521 964 1672 1008 hospitio
1691 976 1752 998 ex-

942 1011 1035 1055 cepit
1059 1010 1262 1051 Herculem,
1287 1017 1321 1043 et
1341 1010 1414 1053 ejus
1434 1022 1501 1055 ope
1526 1011 1568 1043 ab
1587 1010 1752 1054 Eurytio-

940 1069 1005 1097 ne,
1042 1068 1146 1101 proco
1183 1057 1326 1090 molesto
1358 1056 1470 1097 filiae,
1505 1056 1671 1090 liberatus
1699 1061 1753 1090 est

940 1103 1112 1147 (Apollod.
1134 1104 1167 1145 2,
1193 1104 1226 1137 5.
1253 1105 1286 1136 5.
1313 1113 1386 1136 cum
1415 1113 1492 1136 ann.
1515 1102 1682 1146 Heyuei).
1705 1122 1751 1127 —

939 1151 1102 1190 Ansium,
1129 1154 1207 1194 post
1226 1146 1440 1183 Ἀλεισιαῖον
1464 1149 1560 1182 dicta
1586 1150 1667 1182 urbs
1692 1148 1751 1182 Pi-

937 1195 1078 1236 safidis,
1103 1195 1173 1229 sita
1194 1201 1270 1229 erat
1285 1195 1319 1228 in
1338 1194 1394 1229 via
1415 1200 1574 1228 montana
1602 1196 1645 1228 ab
1673 1194 1751 1228 Eli-

938 1242 981 1275 de
997 1253 1116 1276 versus
1137 1241 1338 1286 Olympiam.
1363 1241 1479 1275 Strab.
1496 1242 1530 1274 8.
1555 1252 1586 1285 p.
1607 1243 1686 1281 525,
1709 1241 1751 1276 C.

939 1289 986 1321 cf.
1010 1289 1054 1329 λ’,
1081 1290 1157 1323 755.
1187 1294 1223 1321 et
1248 1288 1283 1320 H
1309 1288 1343 1321 h.
1360 1288 1382 1320 l.
1407 1305 1453 1310 —
1481 1286 1582 1320 Sch.:
1608 1286 1750 1328 ἐντὸς

939 1332 1104 1376 ἐέργει.
1131 1333 1352 1377 ἐμπεριέχει,
1378 1335 1588 1375 περιορίζει.

984 1382 1064 1416 618.
1114 1381 1255 1425 quintus
1274 1381 1450 1423 Epeorum
1467 1379 1536 1413 dux
1562 1380 1653 1413 Otus
1677 1391 1750 1414 me-

937 1433 1089 1461 moratur
1111 1426 1154 1468 o',
1182 1428 1262 1461 518.
1287 1427 1333 1460 U.

984 1475 1064 1508 620.
1113 1473 1273 1507 Eleorum
1290 1483 1347 1506 res
1366 1471 1401 1504 in
1419 1471 1599 1506 Heracleis
1622 1471 1750 1516 passim

938 1519 1117 1564 expositae
1142 1524 1250 1553 erant.
1299 1518 1482 1558 Hercules,
1507 1518 1598 1551 victo
1616 1520 1749 1562 Augea,

935 1577 1078 1609 reguum
1103 1567 1176 1610 ejus
1201 1566 1272 1599 filio
1294 1564 1488 1598 tradiderat
1512 1564 1665 1608 Phyleo,
1690 1565 1748 1598 in-

880 1633 889 1640 ·
935 1612 1089 1645 teremtis
1113 1614 1255 1655 Augeae
1273 1611 1378 1644 sociis
1396 1611 1518 1643 Ctearo
1543 1618 1579 1644 et
1605 1611 1747 1653 Euryto,

937 1659 1084 1699 Actoris,
1104 1658 1159 1692 vel
1171 1669 1239 1702 po
1243 1657 1331 1690 ulari
1350 1656 1749 1701 famaNeptuni(Apol-

935 1703 1000 1737 lod
1021 1706 1063 1745 2,
1121 1705 1223 1759 ,Ξ.,)
1249 1716 1291 1737 ex
1313 1702 1461 1736 Molione
1479 1702 1580 1744 filiis,
1605 1714 1747 1747 quorum

935 1752 1061 1784 mentio
1080 1751 1120 1783 fit
1142 1748 1184 1791 λ’,
1209 1752 1288 1786 749.
1313 1755 1348 1783 et
1374 1747 1428 1791 ψ’,
1454 1751 1534 1784 638
1555 1749 1624 1792 jam
1642 1749 1746 1783 Ctea-

936 1802 972 1830 to
996 1797 1043 1830 fil.
1071 1797 1139 1830 fuit
1167 1796 1436 1840 Amphimachus
1472 1794 1546 1838 (v'‚
1575 1795 1749 1838 185),a

936 1854 1002 1886 quo
1043 1842 1200 1876 diversus
1237 1847 1293 1876 est
1326 1841 1503 1884 Trojanus
1537 1841 1750 1885 cognominis

935 1890 1036 1929 871.;
1061 1889 1195 1934 Euryto
1225 1892 1338 1921 autem
1366 1888 1557 1930 Thalpius3
1580 1887 1640 1932 qui
1669 1899 1747 1931 par-

934 1941 1002 1968 tem
1027 1935 1138 1968 Elidis
1164 1934 1409 1975 obtinuerunt,
1434 1944 1502 1966 una
1529 1945 1603 1967 cum
1633 1934 1748 1975 Diore,

935 1981 1139 2026 Amaryncei
1163 1981 1256 2021 filio,
1288 1985 1324 2013 et
1351 1980 1574 2024 Agasthene,
1608 1979 1748 2024 Augeae

934 2027 1019 2061 filio.
1065 2027 1122 2060 hic
1150 2026 1279 2069 Pnyleo
1307 2026 1430 2067 fratri,
1463 2025 1524 2069 qui
1548 2025 1747 2061 Dulichium

934 2074 1125 2107 habitatum
1158 2073 1293 2106 abierat
1319 2072 1427 2115 (628,
1453 2072 1526 2115 9.),
1563 2072 1746 2106 successit:

933 2131 1040 2163 quare
1079 2119 1153 2163 ejus
1187 2119 1261 2152 loco
1296 2129 1387 2151 nunc
1425 2117 1517 2150 filius
1557 2118 1747 2160 Polyxenus

934 2165 1120 2199 Eleorum
1111 2177 1146 2198 in
1167 2164 1312 2198 ducibus
1331 2169 1585 2198 annumeratur.
1609 2183 1655 2188 —
1687 2164 1746 2208 qui

932 2212 994 2245 sub
1028 2212 1180 2266 Megetis
1207 2210 1372 2254 auspiciis
1398 2220 1552 2253 pugnare
1586 2209 1746 2244 dicuntur

932 2258 1023 2302 Epei
1048 2256 1091 2297 ν’,
1116 2258 1219 2297 691.,
1243 2262 1324 2289 suut
1353 2256 1426 2296 illi,
1462 2255 1520 2300 qui
1548 2255 1744 2290 Dulichium

934 2304 1019 2337 etin
1031 2282 1229 2337 Echinades
1249 2281 1554 2336 deductifuerunt.
1581 2303 1627 2335 cf.
1640 2303 1744 2336 Paus.

932 2351 976 2391 5,
1003 2353 1034 2385 1.
1061 2361 1095 2395 p.
1115 2352 1217 2390 380,
1243 2348 1399 2393 Apollod.
1421 2349 1454 2389 2,
1480 2348 1514 2389 7,
1541 2351 1572 2381 1.
1598 2349 1721 2384 EsH.

979 2408 1057 2443 621.
1110 2407 1155 2444 ἓ·
1188 2404 1206 2442 6
1232 2406 1370 2450 μὲν-
1389 2404 1632 2449 Εὐρύτου·
1651 2407 1745 2451 quod

932 2460 1074 2511 praeter
1098 2466 1222 2488 morem
1243 2452 1261 2488 6
1281 2452 1347 2497 μὲν
1366 2453 1409 2486 ad
1433 2453 1530 2498 prius
1549 2453 1744 2494 membrum,

933 2499 953 2538 6
976 2499 1017 2535 δὲ
1042 2501 1085 2534 ad
1107 2500 1278 2553 posterius
1304 2499 1445 2540 retulit,
1469 2498 1638 2543 siquidem
1663 2501 1743 2532 Arn—

931 2548 1131 2601 phi-machus
1155 2545 1272 2579 Cteati
1294 2545 1742 2590 fi1.fuit,'1halpiusEu-

931 2593 1012 2639 ryti.
1045 2594 1114 2626 Th.
1141 2603 1174 2636 p.
1196 2592 1276 2626 468.
1300 2610 1346 2616 ——
1369 2588 1537 2633 'Autop-
1563 2591 1605 2624 ad
1624 2591 1741 2624 Cteati

930 2651 1075 2692 quoque
1085 2650 1203 2672 nomen
1223 2638 1397 2691 pertinet,
1421 2637 1667 2680 dicereturque
1686 2648 1743 2670 sa-

930 2699 974 2720 ne
990 2685 1118 2720 rectius
1137 2682 1407 2728 Ἀκτοριωνων.·
1433 2684 1494 2716 sed
1511 2684 1544 2716 H
1570 2694 1667 2716 usum
1686 2694 1742 2716 es-

929 2744 968 2766 se
991 2732 1039 2765 ait
1057 2733 1250 2775 poetarum,
1277 2736 1371 2763 certe
1390 2734 1468 2773 post
1484 2729 1680 2770 Homerum,
1703 2733 1742 2762 ut

930 2779 1136 2822 singularem
1167 2777 1266 2810 alteri
1303 2788 1322 2809 e
1351 2775 1483 2809 duobus
1516 2775 1738 2819 subjungant.

932 2833 1080 2859 ceterum
1125 2824 1234 2858 Ven.:
1268 2820 1491 2864 Ἀκτορίωνε.
1536 2821 1653 2856 Schol.
1688 2823 1739 2855 A:

931 2891 976 2896 —
1008 2869 1237 2913 Ἀκτορίωνε,
1273 2868 1360 2903 δέον
1400 2866 1656 2911 Ἆκτοριῶνων.
1692 2886 1739 2892 -—

926 2914 995 2951 ’An
1010 2930 1102 2958 τορ.
1147 2915 1257 2951 media
1281 2921 1443 2959 correpta
1470 2918 1613 2959 propter
1633 2925 1739 2947 voca-

931 2964 995 2997 lem
1006 2965 1152 3006 longam,
1175 2974 1262 3006 quae
1287 2961 1465 3007 sequitur,
1493 2964 1532 2994 ut
1554 2963 1738 3005 Κρονῖωνι

932 3012 1017 3052 102,
1042 3008 1089 3051 α’,
1114 3008 1182 3045 405
1206 3015 1273 3042 etc.
1778 3020 1784 3154 η
