1811 3269
603 152 1033 194 ΙΛΙΑΔΟΣ
1089 154 1138 193 Ε.

1626 157 1710 196 263

107 269 184 310 195
215 262 472 306 πέπτανται·
506 259 624 313 παρα)
657 261 703 303 δέ
735 271 855 328 σφιν
872 259 1038 317 ἑκάστῳ
1071 262 1236 331 δίζυγες
1272 263 1393 307 ἵπποι

217 321 382 370 ἑστασι,
413 322 489 370 κρῖ
514 317 673 360 λευκόν
703 315 983 371 ἐρεπτόμενοι
1011 318 1085 360 καὶ
1115 316 1289 373 ὀλύρας.

215 372 244 431 ἦ
272 375 363 444 μέν
379 390 455 428 μοι
484 372 601 428 μάλα
630 373 768 417 πολλοὶ
798 373 940 428 γέρων
971 374 1154 428 αἰχμητὰ
1183 374 1377 419 Λυκάων

213 430 428 502 ἐρχομένῳ
458 430 650 474 ἐπέτελλε
681 431 845 499 δόμοις
863 430 926 472 ἔνι
956 436 1230 500 ποιητοῖσιν·

217 489 412 531 ἵπποισίν
438 485 488 540 μ’
520 487 685 531 ἐκέλευε
716 488 787 530 καὶ
818 486 1010 541 ἅρμασιν
1040 487 1291 555 ἐμβεβαῶτα

102 551 183 590 200

214 543 410 615 ἀρχεύειν
447 543 641 596 Τρώεσσι
670 544 778 588 κατὰ
803 542 1023 614 3ιρατερὰς
1050 543 1259 612 ὑσμίνας·

214 599 309 643 αλλ’
342 600 425 655 ε’γω
456 598 510 643 οὐ
540 600 740 657 πιθόμην
755 597 819 671 (ἦ
847 598 887 643 τ’
923 598 979 642 ἂν
1008 599 1122 643 πολὺ
1153 600 1331 655 κέρδιον
1361 596 1469 657 ἦεν),

214 659 362 700 ἵππων
392 657 676 713 φειδόμενος,
706 657 765 714 μή
793 674 868 711 μοι
900 657 1103 701 δευοίατο
1134 661 1308 725 φορβῆς

214 712 394 784 ανδρῶν
424 715 678 770 εἰλομένων,
709 713 912 765 εἰωθότες
942 713 1137 783 ε’δμεναι
1151 713 1303 770 ἄδδην.

213 769 272 822 ὡς
302 773 454 821 λίπον,
487 771 628 827 αύταρ
658 771 785 825 πεζός
816 772 859 822 ἐς
876 770 1014 815 Ἴλιον
1043 768 1299 827 εἰλήλουθα,

47 904 110 947 Ap.
137 914 168 935 v.
191 902 462 948 πρωτοπαγής,
495 915 528 948 p.
553 905 633 939 567.
659 903 713 937 ed.
739 903 854 938 ΤοΙ1.·

45 950 217 993 σημαίνει
240 948 279 983 δὲ
304 962 392 990 τους
416 962 573 992 πρωτως
590 950 658 985 νῦν
660 950 856 1004 πεπηγμέ-

45 1008 136 1035 νους
159 996 385 1040 (δίφρους).
442 997 504 1030 sed
529 996 617 1030 idem
641 996 692 1029 sic
717 997 855 1041 pergit:

44 1041 371 1085 πρωτοπαγέα
406 1041 477 1085 (co,
502 1043 601 1085 268.)
636 1040 677 1077 δε
700 1043 856 1086 πρώτως

45 1091 249 1132 παγεῐσαν,
282 1086 305 1123 δ’
337 1087 435 1122 ἐστιν
467 1086 614 1131 ἐξόχως.
650 1101 792 1129 vereor,
818 1093 856 1122 ut

47 1140 152 1169 recte.
177 1153 221 1158 —
249 1135 371 1177 οὶμφὶ
397 1155 438 1160 ——
469 1134 762 1177 Πέπτανται,
789 1136 856 1168 οἱν-

45 1192 186 1224 cumque
213 1182 292 1214 vcla
320 1193 472 1225 expansa
498 1186 590 1215 sunt.
634 1182 678 1215 cf.
738 1163 854 1223 7,'77‚

45 1227 159 1261 Feith.
196 1239 230 1272 p.
255 1228 357 1269 492,
401 1228 495 1261 Hase
523 1229 553 1261 1.
588 1239 622 1272 p.
648 1229 704 1263 76.
736 1207 854 1284 2³3&

44 1272 220 1308 πέπλοι
253 1272 294 1308 δε
327 1274 440 1309 λεπτοὶ
473 1285 698 1317 υφασματα,
730 1269 754 1318 ἢ
779 1285 855 1308 σιν-

45 1318 165 1360 δόνες.
197 1318 808 1355 ν.ὃο1ιιι.ν.σινδω’ν.-πε’πτ.
835 1332 856 1353 a

44 1365 305 1408 πτάννυσθαι,
329 1365 598 1402 πετάννυσθαι.

95 1437 172 1471 196.
220 1438 306 1479 κρῖ.
340 1433 486 1477 κριθάς.
530 1433 703 1481 ἀποκοπή
725 1433 766 1470 τό
787 1433 856 1470 ποῖ-

45 1484 129 1522 θος.
156 1482 237 1517 Sch.
272 1483 334 1526 Ap.
366 1483 584 1536 emendatus.
618 1485 689 1525 κρῖ.
735 1478 754 1517 ὁ
788 1495 856 1526 μεν

39 1527 271 1572 Ἀρίσταρχος
304 1527 345 1562 τὸ
382 1526 474 1562 αὐτὸ
496 1530 550 1584 τῇ
580 1530 696 1586 κριθῃ
724 1529 856 1572 σημαί-

45 1587 144 1615 νειν,
173 1576 365 1629 εἰρῆσθαι
388 1573 428 1608 δὲ
461 1572 505 1608 οὗ
531 1573 618 1609 κατ’
643 1573 854 1618 ἀποκοπὴν,

46 1619 96 1662 ὦς
122 1619 316 1663 ἐνόμισαν,
342 1618 432 1655 ἄλλα
450 1622 793 1679 μετασχηματίσθαι
814 1620 855 1656 τὸ

40 1667 217 1726 θηλυκὸν
249 1669 302 1707 εἰς
334 1666 530 1709 ουδέτερον
564 1668 606 1702 τὸ
640 1671 710 1711 κρῖ.
763 1664 782 1702 ὁ
815 1667 855 1702 δε

40 1713 173 1750 Ἀπίων
196 1714 301 1758 γένος
324 1712 441 1754 τι,οὐ
465 1714 614 1755 πάντως
633 1711 782 1756 κριθήν.
808 1716 854 1748 cl'.

47 1762 92 1796 Η.
117 1761 373 1804 intelligendum
397 1761 472 1794 sine
499 1761 602 1795 dubio
619 1768 672 1794 est
691 1762 857 1794 hordeum

45 1809 194 1853 vulgare
219 1807 338 1848 Linn.,
363 1819 510 1851 cumque
532 1807 569 1841 id
598 1809 699 1841 Hom.
723 1818 857 1861 semper

47 1854 200 1908 appellet
232 1852 384 1893 λευκὸν,
427 1865 493 1886 non
528 1854 681 1895 errabit,
721 1854 857 1908 opinor,

48 1900 109 1979 qPqi
133 1900 188 1978 hH
200 1879 388 1981 0(andignun}¹
421 1899 489 1978 dicti
522 1879 804 1979 e{·5}im5vegi}l
821 1912 856 1933 v.

95 1957 141 1979 m.
193 1971 200 1979 .
259 1971 266 1978 .
333 1971 343 1987 ,
392 1956 748 1981 ,exr.1erec.
807 1958 856 1981 or.

49 1991 150 2026 class.
175 2003 209 2036 p.
236 1992 292 2026 27.
322 2003 513 2035 quanquam
548 1996 583 2024 et
606 1991 716 2025 tritici
739 1991 856 2025 lauda-

48 2041 106 2072 tur
131 2037 257 2071 candor
282 2038 388 2081 (Plin.
413 2037 458 2070 ib.
487 2039 550 2078 12,
578 2039 607 2071 1.
636 2037 690 2071 ed.
706 2037 858 2082 Hard),

47 2083 194 2128 fierique
219 2089 334 2128 potest
359 2089 396 2117 ut
421 2083 540 2116 hordei
558 2088 592 2116 et
615 2084 856 2117 frumentorum

47 2130 347 2164 maturescentium
378 2131 472 2164 color
503 2129 667 2162 candidus
703 2141 858 2174 oppona-

47 2180 106 2211 tur
129 2175 245 2210 herbis
270 2176 462 2216 viridibus,
499 2175 625 2220 quibus
650 2175 767 2209 itidem
794 2187 858 2219 pa-

48 2228 192 2256 scuntur
210 2223 377 2266 jumenta.
419 2222 536 2256 Voss.=
564 2223 628 2255 mit
644 2222 858 2255 ndhrendem

48 2269 136 2312 spelt
153 2269 223 2302 und
248 2269 510 2311 gelblicher
534 2274 650 2313 gerste
669 2269 858 2313 gesc‘ittigt.

49 2314 140 2348 Plin.
164 2315 219 2356 18,
241 2316 274 2350 7.
300 2322 409 2350 extr..
400 2327 409 2336 ·
433 2326 585 2359 „panem
603 2327 642 2348 ex
656 2315 782 2348 hordeo
796 2327 859 2347 αη-

48 2361 153 2404 tiquis
178 2361 345 2395 usitatum
373 2362 450 2395 vita
480 2362 683 2403 damnavit,
708 2361 859 2405 quadru-

50 2407 243 2451 pedumque
265 2408 340 2441 fere
364 2408 464 2442 cibus
496 2413 560 2442 est.
564 2410 588 2426 ‘⁶
627 2426 665 2431 -—
704 2406 859 2451 ἐρεπτ.

49 2450 95 2497 β’,
118 2454 198 2488 776.
223 2473 266 2478 -
291 2454 394 2487 Sch.:
429 2452 487 2488 ὀλ.
523 2452 622 2493 εἶδος
646 2453 861 2496 κριθώδονς

49 2501 207 2543 καρποῦ.
254 2511 331 2533 esse
361 2506 502 2545 putatur
517 2501 669 2534 triticum
686 2512 859 2533 monococ-

52 2557 128 2580 cum
151 2546 271 2586 Linn.,
295 2558 401 2590 germ.
431 2548 583 2580 Einkorn
609 2553 675 2582 etc.
701 2558 734 2579 V.
753 2547 859 2579 Schn.

51 2592 85 2625 h.
109 2603 142 2624 v.
175 2598 211 2626 et
242 2592 382 2626 Billerb.
409 2593 431 2627 l.
457 2605 486 2626 c.
524 2605 558 2637 p.
583 2594 640 2627 29.
685 2593 772 2626 Plin.
806 2593 861 2632 18,

54 2640 128 2673 10.=
159 2649 199 2671 ez·
228 2639 349 2671 arinca
378 2640 594 2672 dulcissimus
626 2640 754 2683 panis,·
785 2639 862 2682 ipsa

52 2684 190 2727 spissior
208 2696 311 2728 quam
330 2689 409 2726 sar,
444 2691 477 2719 et
509 2687 620 2728 major
649 2686 762 2728 spica,
797 2697 860 2717 ca-

55 2729 131 2762 dem
152 2735 184 2763 et
203 2732 488 2774 ponderosior.—-
508 2733 675 2765 exteritur
695 2732 730 2764 in
750 2731 862 2764 Grae—

56 2775 111 2808 cia
129 2775 312 2819 difficulter
330 2777 429 2821 (vide
447 2783 559 2811 tamen
583 2777 629 2818 ν’,
646 2778 713 2812 495
727 2788 821 2821 seqq
829 2780 864 2820 );

55 2821 96 2853 ob
122 2821 159 2854 id
181 2823 346 2864 jumentis
376 2825 455 2857 dari
486 2825 529 2857 ab
567 2825 717 2857 Homero
747 2823 862 2856 dicta.-

54 2867 141 2900 haec
171 2869 260 2901 enim
293 2875 365 2911 eet,
406 2883 511 2915 quam
549 2872 716 2913 olyram
751 2875 864 2904 vocat.

54 2913 177 2946 eadem
197 2915 235 2946 in
255 2917 410 2960 Aegypto
424 2917 554 2973 facilis
563 2918 772 2959 fertilesque.
817 2916 865 2950 cf.

53 2957 106 3000 θ’,
138 2961 220 2994 560
252 2961 350 3002 ζειας
392 2974 453 3007 pro
489 2961 641 3004 ὀλύραις
679 2961 865 2995 nominavit

54 3005 183 3050 OdysS.
208 3004 253 3050 6',
289 3006 345 3042 41.
359 3033 370 3049 ‚
415 3008 535 3052 πνρὸν
569 3009 675 3043 solum
708 3005 751 3049 κ’,
784 3008 862 3043 569

902 901 1032 959 odyss.
1056 899 1103 944 6¹,
1129 903 1229 937 601.·
1257 900 1395 940 ιππους
1418 899 1457 934 δ’
1488 900 1540 940 εἰς
1565 897 1714 942 Ἰθάκην

903 947 972 983 οὐκ
1005 946 1163 992 ἄξομαι,
1198 945 1289 983 οἷλλά
1325 959 1384 982 σοι
1417 945 1520 981 αὐτῶ
1552 943 1715 980 Ἐνθάδε

902 997 1017 1039 λείψω
1038 993 1204 1040 &lym-‘pta
1232 993 1275 1029 σύ
1294 1007 1364 1038 γαρ
1380 992 1485 1037 (dicit
1499 997 1609 1026 autem
1630 993 1716 1025 haec

903 1033 1060 1075 Menelao
1086 1041 1336 1098 Telemachus)
1369 1041 1516 1074 πεδίοιο
1542 1035 1715 1077 ἀνάσσεις

902 1086 1068 1131 Εὕρέος,
1095 1083 1123 1134 ᾦ
1148 1086 1201 1122 ε’νι
1227 1100 1295 1131 μεν
1319 1084 1436 1126 λωτὸς
1459 1084 1588 1125 πολνς,
1615 1084 1653 1119 ἐν
1675 1083 1714 1118 δε

901 1133 1097 1177 κύπειρον,
1125 1135 1251 1176 Πυροί
1273 1145 1312 1168 τε
1338 1133 1432 1175 ζειαί
1457 1131 1492 1166 τ’
1518 1128 1583 1176 ἠδ’
1610 1129 1714 1174 εὐρυ-

903 1193 996 1223 φυες
1019 1184 1082 1224 κρῖ
1110 1180 1254 1215 λευκόν.
1311 1179 1448 1213 notavit
1482 1179 1538 1219 K,
1572 1182 1714 1212 auctme

901 1228 937 1261 H
961 1228 1092 1272 Opusc.
1118 1232 1198 1260 tom.
1226 1229 1257 1261 1.
1284 1236 1318 1270 p.
1344 1227 1446 1265 370.‚
1472 1225 1573 1257 etiam
1595 1223 1629 1257 in
1647 1224 1716 1257 Pa-

901 1273 1048 1307 laestina
1079 1273 1154 1307 dari
1187 1273 1324 1306 solitum
1363 1271 1472 1305 fuisse
1505 1271 1583 1304 olim
1616 1269 1714 1313 equis

902 1320 1105 1353 frumentum
1125 1324 1229 1363 atque
1251 1318 1428 1362 hordeum,
1453 1316 1614 1361 idemque
1627 1327 1715 1349 nunc

901 1365 978 1399 fieri
1002 1366 1037 1399 in
1061 1366 1206 1399 Corsica
1230 1365 1353 1398 insula.

951 1414 1028 1446 197.
1077 1413 1172 1455 αἰχ.
1209 1411 1357 1455 (dictum
1392 1414 1431 1443 ut
1461 1407 1604 1443 ἱππότα
1639 1409 1715 1447 126,

905 1458 1051 1494 Θυέστα
1075 1457 1120 1503 β’,
1147 1457 1214 1494 104
1239 1458 1324 1503 etc.)
1352 1455 1544 1501 αἰχμητὴς,
1568 1457 1715 1497 πολεμι-

902 1503 975 1543 κός.
1002 1505 1085 1540 Sch.

951 1552 1027 1584 198.
1074 1562 1229 1593 ποιητ.
1272 1549 1452 1592 epitheton
1475 1547 1576 1592 quale
1600 1543 1717 1590 ὑγρόν

902 1594 1006 1639 ’ὕδωρ
1033 1601 1069 1630 et
1092 1595 1226 1630 λετ-κόν
1250 1596 1364 1640 γάλα,
1398 1606 1462 1626 nec
1497 1599 1591 1627 recte
1621 1592 1716 1631 Sch.,

904 1643 1059 1687 quamvis
1077 1643 1293 1687 suffragante
1312 1642 1362 1674 K:
1389 1641 1508 1679 καλως
1525 1650 1717 1674 κατεσκευ-

904 1688 1087 1732 ασμένοις.
1121 1692 1351 1740 opponuntur
1364 1689 1442 1728 τοῖς
1461 1689 1634 1740 ποιητοῖς
1655 1683 1713 1719 δό-

902 1747 987 1780 μοις
1016 1735 1249 1769 habitationes
1281 1733 1421 1766 nativae
1452 1732 1532 1765 illae
1557 1732 1717 1774 antiquo-

903 1794 988 1815 rum.
1040 1781 1188 1814 Ovidius
1213 1782 1256 1814 de
1282 1780 1432 1812 Chirone
1456 1779 1553 1812 Fast.
1572 1780 1605 1816 5
1625 1779 1716 1813 383³

902 1840 985 1861 saro
1016 1833 1110 1861 stant
1136 1832 1240 1860 antra
1267 1831 1421 1866 vetusto,
1462 1826 1559 1867 Quae
1583 1826 1718 1868 justum

902 1879 1094 1908 memorant
1113 1874 1292 1906 incoluisse
1311 1884 1425 1906 senem
1446 1876 1514 1905 etc.

949 1933 1040 1972 201,
1065 1932 1100 1965 2.
1137 1925 1173 1986 ἦ
1205 1944 1272 1971 τε,
1304 1935 1343 1963 ut
1366 1927 1409 1974 γ’,
1435 1930 1480 1964 56
1510 1933 1578 1961 etc.
1619 1926 1717 1960 Sch.:

902 1974 1026 2012 πολυ
1061 1990 1093 2010 κ.
1127 1970 1225 2020 ἦεν.
1262 1974 1453 2011 καταπολυ
1479 1977 1646 2016 κρεῖττον
1671 1969 1718 2008 ἂν

902 2025 961 2068 ἠν.
988 2023 1234 2058 δευοίατο.
1251 2020 1577 2066 ἐνδεεῖςγένοιντο.
1602 2032 1718 2065 φορ-

903 2070 963 2117 firi
976 2083 1002 2110 ς-
1029 2071 1186 2115 τροφῆς

949 2130 1029 2164 203.
1081 2128 1161 2162 εἰλ.
1187 2123 1347 2170 (ταύτόν
1370 2125 1446 2161 ἐστι
1470 2125 1522 2170 τῷ
1546 2121 1715 2167 εἰλουμέ-

904 2186 1000 2210 νων·
1026 2175 1237 2218 διφορεῖται
1268 2171 1359 2216 γὰρ,
1391 2169 1525 2206 ὁποῖον
1549 2170 1612 2205 καὶ
1637 2181 1717 2205 στε-

907 2220 1088 2265 ρούμενος
1115 2219 1353 2263 στερόμενος,
1381 2219 1444 2253 καὶ
1478 2216 1718 2260 ἐπιμελούμε-

905 2282 969 2308 νος
999 2266 1272 2311 ἐπιμελόμενος.
1310 2266 1352 2299 Ε.
1364 2265 1381 2308 )
1437 2266 1719 2308 constipatorum,

906 2315 1140 2348 conclusorum
1165 2314 1201 2347 in
1226 2312 1343 2345 urbem
1369 2316 1615 2356 oppugnatam.
1644 2310 1716 2350 ‚,cf.

905 2361 987 2395 782.
1019 2359 1062 2401 σ’,
1090 2362 1191 2394 287.ι
1224 2373 1246 2413 η
1283 2357 1388 2393 οὔπω
1414 2357 1621 2401 κεκόρησθε
1645 2354 1718 2391 ἐελ-

905 2405 1012 2450 μένοι
1037 2406 1168 2441 ἔνδοθι
1194 2405 1366 2462 πύργων,·
1391 2417 1443 2445 ω,
1471 2406 1569 2439 662:
1603 2400 1719 2438 οἶσθα

904 2467 998 2498 γαρ,
1023 2450 1073 2494 (ὃς
1097 2452 1192 2488 κατὰ
1219 2450 1312 2487 ἄστυ
1338 2449 1506 2494 ἐέλμεθα.
1534 2449 1666 2485 Herod.
1686 2452 1717 2489 1,

907 2502 1008 2535 190.-
1043 2499 1152 2556 μάχῃ
1189 2497 1410 2537 ἑσσωθέντες
1445 2494 1718 2551 κατειλήθησαν

907 2544 943 2586 ἐς
968 2545 1009 2580 τὸ
1035 2558 1139 2581 αστυ.
1144 2549 1167 2565 “
1198 2547 1292 2579 ΕΚ.
1327 2565 1373 2569 -
1407 2544 1509 2577 Sch..
1547 2539 1715 2586 ἅδδην.

908 2594 1087 2637 δαψιλῶς.
1120 2594 1206 2636 Ap.:
1235 2589 1400 2634 ἅδδην.
1427 2590 1479 2629 εἰς
1503 2587 1628 2631 κόρον,
1641 2587 1717 2622 ἐπι-

907 2642 1052 2674 πλεῖον·
1078 2637 1274 2693 ανδρων
1293 2643 1358 2671 etc.
1387 2634 1484 2677 ἅδην
1505 2637 1623 2680 priore
1639 2635 1718 2668 bre-

907 2686 942 2718 vi
977 2685 1104 2730 legitur
1135 2698 1181 2725 ν,
1214 2686 1302 2724 315,
1335 2680 1377 2722 τ,
1402 2681 1490 2722 423,
1524 2681 1651 2724 Odyss.
1678 2679 1716 2719 ε’,

906 2733 1008 2771 2903
1043 2732 1260 2776 quamobrem
1293 2709 1419 2762 Nicias
1446 2734 1481 2762 et
1507 2725 1717 2781 grammatici

908 2783 1072 2823 putantur
1103 2777 1285 2821 scripsisse
1319 2772 1417 2818 ἄδδη
1421 2787 1464 2814 v,
1505 2778 1544 2806 ut
1576 2769 1717 2811 α’·δδεὶις,

910 2824 1092 2865 ἔδδεισεν,
1120 2835 1190 2877 quo
1213 2822 1346 2867 syllaba
1369 2821 1438 2854 ista
1460 2818 1717 2864 produceretur.

908 2871 971 2905 sed
996 2871 1132 2904 multum
1157 2868 1355 2913 disputatur
1373 2867 1415 2899 de
1429 2865 1605 2898 notatione
1617 2864 1717 2907 hujus

908 2917 1087 2960 vocabuli,
1121 2915 1265 2949 necdum
1292 2913 1336 2946 ad
1359 2912 1523 2957 liquidum
1548 2910 1717 2953 perducta

907 2973 966 2997 res
990 2967 1057 2997 est.
1094 2974 1129 2996 v.
1153 2962 1188 2995 H
1212 2969 1378 3000 excursu,
1404 2968 1502 3002 quem
1525 2955 1604 2989 huic
1628 2955 1716 2989 libro

909 3008 1064 3051 addidit,
1088 3013 1126 3042 et
1146 3008 1277 3041 Buttm.
1303 3003 1481 3038 Lexiz.11.
1508 3013 1542 3046 p.
1571 3002 1650 3036 132.
