1811 3269
731 166 1127 208 ΟΜΗΡΟΥ

270 275 470 321 δαίνυντ’
475 292 496 327 ,·
524 275 630 322 οὐδὲ
658 293 701 320 τι
736 275 883 332 θυμὸς
913 276 1081 320 ἐδεύετο
1112 277 1261 327 δαιτὸς
1290 277 1419 332 ἐΐσης.

271 332 326 376 οὐ
356 333 437 403 μὲν
465 333 722 408 φόρμιγγος
737 333 1034 404 περικαλλέος,
1066 332 1121 389 ἢν
1152 330 1212 389 ἔχ’
1240 332 1474 387 Ἀπόλλων,

269 389 502 434 Μουσάων
525 389 575 433 θ’
580 423 591 442 ,
631 393 677 434 αὶ
705 388 852 434 ἄειδον
893 388 1176 458 ἀμειβόμεναι
1216 387 1291 434 ὀπὶ
1320 395 1443 448 καλῇ.

155 451 238 490 605

352 445 502 499 Αὐτοὶρ
533 447 624 490 ἐπεὶ
661 446 819 490 κατέδυ
848 446 1050 515 λαμπρὸν
1088 445 1203 501 φάος
1240 444 1419 502 ἠελίοιο,

268 520 311 545 οι
340 503 419 572 μὲν
449 504 721 555 κακκείοντες
758 501 1074 571 έβατβδῗΐόνδε
1111 502 1303 554 ε’καστος,

267 555 339 614 ἡχι
369 558 533 617 ἑκάστῳ
575 562 701 615 δωμα
730 558 988 614 περικλυτὸς
1019 557 1286 615 αμφιγυήεις

254 606 516 670 ”Ηφαιστος
535 618 714 671 ποίησεν
744 619 923 688 ἰδυίῃσι
953 617 1256 668 πραπίδεσσιν.

269 671 378 722 Ζευς
412 672 457 715 δε
487 673 596 725 πρὸς
627 673 679 717 ὃν
707 674 829 744 λέχος
859 672 923 730 ἤϊ’

950 671 1192 727 Ὀλύμπιος
1221 669 1532 726 ἀστεροπητής,

152 734 234 773 610
265 729 376 772 ε’νθοι
403 729 544 782 πάρος
570 729 767 783 κοιμᾶθ’.
799 729 869 773 ὅτε
900 746 975 785 μιν
1001 729 1163 785 γλυκὺς
1195 728 1332 779 ὕπνος
1362 729 1529 771 ἱκάνοι

268 785 377 829 ε’νθα
405 786 589 830 καθεῦδ’
630 785 813 844 α’ναβας
856 787 976 843 παρὰ
1017 786 1062 829 δὲ
1099 786 1405 842 χρυσόθρονος
1424 785 1554 841 ΊἹρη.

98 910 176 932 roas
201 898 293 932 solus
318 896 448 940 ἆοιδός
472 900 674 942 adhibetur,
701 913 812 945 neque
839 900 901 934 ad-

97 952 176 979 sunt
194 945 339 979 feminae
357 952 545 981 cantantes.
571 948 620 990 (v.
642 952 755 980 tamen
775 948 903 990 Odyss.

97 991 152 1033 ψ’,
190 991 318 1026 143-
344 992 418 1027 147.
460 998 496 1025 et
538 993 576 1025 11.
615 991 657 1033 σ’,
687 995 905 1027 567-572.

100 1038 198 1070 Voss.
227 1039 306 1071 krit.
335 1039 393 1071 Bt.
419 1041 449 1073 1.
477 1050 510 1082 p.
530 1040 634 1074 225:
660 1040 768 1079 „Man
795 1040 904 1073 denke

99 1083 196 1116 nicht
219 1085 310 1117 bloss
330 1084 538 1128 Saitenspiel
559 1085 625 1118 und
645 1086 798 1128 Ges-ang.
824 1097 902 1118 son-

99 1130 185 1163 dern
218 1131 305 1163 nach
339 1131 573 1175 griechischer
599 1134 661 1164 Art
697 1131 793 1164 einen
822 1131 903 1164 Rei-

101 1187 180 1220 gen,
207 1189 263 1209 wo
289 1178 431 1220 Gesang
455 1176 515 1209 mit
539 1177 638 1210 Tanz
665 1178 748 1211 oder
772 1178 904 1210 lebhaft

98 1221 376 1256 nachahmenden
411 1223 669 1267 Geberdungen
705 1223 904 1257 verbunden

100 1271 202 1301 warf
207 1268 236 1311 ‘)
268 1280 390 1302 novum
414 1268 514 1310 item,
550 1271 639 1314 quod
674 1269 730 1302 hic
764 1270 905 1303 alternis

98 1319 225 1347 canunt
249 1314 380 1348 Musae
409 1326 495 1358 quae
516 1327 571 1360 ap.
594 1315 697 1348 Hesi(
702 1316 778 1348 dum
805 1316 906 1347 alios—

100 1371 167 1404 que
201 1360 346 1393 choreas
377 1359 522 1401 ducunt,
560 1362 709 1404 chorago
735 1361 904 1406 Apolline.

100 1405 233 1458 pariter
266 1406 402 1450 quidem
437 1406 618 1450 Odysseae
663 1407 748 1439 libro
790 1407 906 1439 ultimo

100 1453 156 1487 60.
199 1450 234 1484 in
271 1451 412 1485 Achillis
454 1453 574 1485 funere
611 1454 766 1487 Μοῦσαι
801 1451 908 1487 ἐννέα

99 1499 218 1533 πᾶσαι
245 1494 485 1544 οἷμειβόμεναι
510 1495 573 1533 ὀπὶ
599 1501 692 1544 καλῇ
720 1497 907 1544 Θρήνεονε

100 1544 160 1579 sed
187 1545 217 1577 is
241 1544 329 1578 liber
353 1545 435 1588 quin
469 1556 489 1578 a
522 1545 653 1578 seriore
689 1549 792 1589 poeta
826 1557 907 1590 pro-

99 1592 212 1624 fectus
235 1590 292 1631 sit,
319 1590 420 1623 hodie
444 1602 511 1624 non
536 1591 725 1625 dubitatur.
760 1591 908 1634 denique

99 1641 137 1671 et
163 1635 247 1670 illud
272 1637 489 1670 memorabile
522 1642 596 1678 est,
630 1637 711 1670 deas
745 1649 816 1670 cum
842 1637 908 1670 diis

100 1682 304 1717 accumbere
320 1707 330 1723 ‚
364 1687 483 1715 contra
509 1694 550 1715 ac
575 1683 687 1716 solent
711 1683 848 1716 heroum
873 1687 909 1716 et

99 1728 290 1774 generatim
311 1729 526 1762 Graecorum
545 1729 632 1762 omni
655 1734 809 1773 tempore
829 1740 908 1762 con-

97 1776 198 1820 juges
223 1774 384 1818 filiaeque
409 1779 445 1807 et
469 1780 657 1818 cognatae,
693 1787 782 1844 quae
817 1787 908 1808 nun-

100 1832 201 1867 quam
227 1820 387 1855 convivio
411 1820 590 1854 intersunt.
625 1821 678 1853 Ex
703 1821 747 1853 H.

147 1868 229 1902 603.
263 1864 318 1900 οὐ
343 1865 440 1907 μέν.
476 1867 509 1900 11.
535 1879 564 1900 e.
598 1866 643 1901 οὐ
648 1866 762 1921 μὴν,
800 1868 908 1900 multo

100 1914 224 1946 minus.
259 1913 303 1946 cf.
333 1913 376 1946 H.
413 1909 502 1948 οὔδε
534 1931 581 1938 —-
612 1926 656 1948 ου
688 1933 754 1953 -‚
789 1918 827 1946 ut
851 1925 906 1958 ap.

101 1959 210 2004 Soph.
244 1959 374 1992 Trach.
401 1958 468 1995 476
493 1964 559 1994 etc.

149 2004 227 2040 604.
253 2000 308 2049 ἣν
338 2003 419 2049 {st
454 2017 554 2050 quam
584 2005 743 2046 tenebat,
778 2016 820 2038 ea
850 2016 910 2038 ca-

101 2061 197 2085 nens.

149 2099 229 2134 606.
261 2098 587 2139 κακκείοντες.
619 2098 652 2131 11.
678 2109 709 2133 e.
740 2097 909 2132 κατακεί-

953 913 1084 941 οντες,

951 948 1051 987 593,
1077 946 1236 1002 κάββαλε
1271 952 1335 979 etc.
1373 947 1515 979 verbum
1550 944 1754 979 desiderati—

953 1005 1053 1033 vum,
1090 999 1128 1027 ut-
1160 990 1322 1036 ιῗψείειν,
1360 993 1563 1037 βρωσείειν
1596 993 1755 1035 πολεμη-

951 1041 1078 1078 σείειν,
1113 1051 1202 1083 quae
1239 1040 1385 1083 protulit
1414 1039 1458 1072 Ε.
1515 1037 1617 1071 Sch.:
1642 1050 1754 1072 κατα-

949 1084 1278 1130 κοιμηθησόμενοι.

1131 905 1169 933 ut
1211 897 1400 934 κάππεσον
1445 910 1506 943 pro
1546 909 1756 933 καταπεσον

996 1156 1074 1189 607.
1101 1155 1188 1200 ἡχι.
1214 1153 1320 1190 ἔνθα
1342 1151 1449 1189 ὅπου.
1497 1164 1592 1196 περ.
1618 1147 1755 1186 ὁποὶνυ

952 1199 1111 1243 ἔνδοξος.
1161 1200 1271 1244 ἀμφ.
1297 1197 1314 1233 ὁ
1341 1198 1565 1243 ἀμφοτέροις
1580 1202 1658 1238 τοῖς
1675 1199 1755 1242 γυί-

953 1260 1019 1287 οις,
1047 1246 1068 1282 ὅ
1092 1246 1167 1280 ἔστι
1192 1251 1270 1288 τοῖς
1293 1248 1400 1287 ποσὶ,
1426 1245 1540 1289 χωλός
1582 1244 1757 1288 (similiter

952 1295 1039 1336 Ap.:
1086 1292 1280 1336 αμφότερα
1312 1292 1358 1326 τά
1396 1296 1484 1334 γυῖα
1521 1291 1620 1335 χωλοὶ
1655 1290 1755 1334 ἔχων,

953 1351 1097 1382 αμφοτε
1101 1339 1276 1383 ρόχωὶος.
1271 1353 1278 1361 ·
1299 1351 1361 1372 nec
1379 1339 1480 1372 aliter
1496 1338 1626 1381 Etym„
1645 1336 1757 1379 Suid„

954 1385 1023 1418 alii.
1072 1393 1107 1418 et
1132 1398 1187 1429 ap.
1222 1386 1481 1429 chophronem
1513 1383 1647 1428 quidem
1677 1380 1756 1417 144.

953 1430 1059 1475 γυιός
1085 1432 1212 1464 dicitur
1239 1433 1399 1473 claudus,
1426 1443 1466 1464 ex
1493 1442 1560 1475 quo
1584 1431 1684 1464 istam
1709 1430 1758 1463 si-

955 1477 1209 1521 gnificationem
1243 1478 1339 1512 verbi
1374 1477 1530 1517 efficias;
1570 1476 1631 1510 sed
1662 1481 1757 1510 recte

954 1528 1067 1556 tamen
1092 1524 1310 1568 Ponphyrius
1337 1525 1402 1564 Qu.
1427 1524 1526 1557 Hom.
1555 1525 1609 1559 11.
1635 1520 1755 1578 ἄμφι-

953 1567 1112 1612 ’γυήεντα
1131 1570 1386 1625 interpretatur
1406 1567 1475 1603 τὸν
1499 1581 1579 1611 περι
1604 1567 1650 1602 τὰ
1669 1572 1758 1613 γυῖα

954 1614 1216 1661 βεβλαμμένον
1239 1618 1271 1649 11.
1292 1629 1320 1649 e.
1342 1616 1483 1649 infirmis
1505 1615 1681 1659 gressibus
1705 1615 1758 1648 in-

954 1662 1149 1703 cedentem,
1175 1663 1267 1706 quod
1290 1662 1374 1695 facit
1397 1663 1498 1695 etiam
1521 1662 1575 1703 is,
1607 1662 1665 1706 qui
1690 1672 1758 1695 uno

955 1708 1044 1752 pede
1067 1714 1190 1752 captus
1224 1714 1297 1750 est3
1332 1720 1398 1752 quo
1433 1718 1532 1741 sensu
1566 1708 1699 1752 γυιοῦν
1721 1712 1759 1741 et

955 1753 1163 1798 ἀπογυιοῦν
1186 1755 1255 1788 dici
1280 1759 1486 1788 annotarunt
1516 1755 1550 1787 K
1583 1760 1619 1787 et
1641 1754 1689 1790 H.

1002 1825 1080 1858 608.
1107 1824 1166 1858 ἰδ.
1189 1835 1222 1868 p.
1236 1823 1404 1867 εἰδυίῃσι,
1431 1823 1475 1856 ab
1493 1821 1614 1867 εἰδώς,
1637 1824 1758 1865 sciens,

952 1871 1104 1914 peritus,
1131 1881 1237 1913 germ.
1269 1870 1588 1914 kunstverstc'indig.
1620 1881 1654 1903 v.
1687 1870 1759 1903 Th.

955 1927 990 1960 p·
1016 1916 1095 1949 223.
1130 1917 1176 1948 W
1204 1920 1238 1948 et
1264 1915 1308 1948 U.
1347 1916 1390 1948 cf
1418 1917 1497 1950 522.
1532 1935 1578 1941 —-
1616 1927 1758 1959 πραπ.

957 1961 1084 2006 φρεσὶ,
1126 1962 1324 2002 διανοίαις.
1338 1960 1479 2019 (idem
1511 1963 1692 2019 πραπίδες
1723 1966 1759 1996 et

956 2007 1099 2050 φρένες.
1131 2006 1173 2050 λ’,
1196 2009 1296 2043 579.:
1330 2002 1430 2052 ἧπαρ
1453 2004 1527 2044 υπὸ
1541 2009 1758 2066 πραπίδων.

957 2055 1084 2098 Ody.ss
1106 2051 1140 2093 ι’,
1160 2056 1261 2090 301.
1287 2051 1355 2089 ὅθι
1380 2053 1510 2098 φρένες
1533 2049 1632 2101 ἧπαρ
1656 2054 1761 2101 ἔχου·-

955 2111 1002 2136 σι.
1030 2101 1075 2134 Κ.
1102 2101 1148 2137 cf.
1172 2099 1342 2143 Hadv',
1366 2100 1464 2146 412.)
1498 2102 1578 2137 Sch.
