1811 3269
81 131 166 170 216

713 130 1118 172 ΟΜΗΡΟΥ

252 237 376 309 εὔχεο
404 237 448 283 δ’
476 239 714 284 Ἀπόλλωνι
742 241 967 298 λυκηγενέῖ
1003 241 1250 299 κλυτοτόξῳ

255 293 406 349 αρνών
435 297 730 366 πρωτογόνων
762 299 901 353 ῥέξειν
929 298 1102 355 κλειτήν
1131 288 1389 363 ἑκατόμβην,

253 354 402 397 οἴκαδε
432 353 650 410 νοστήσας
685 357 803 413 ἱερῆς
833 359 892 407 εἰς
923 356 1032 400 ἄστυ
1063 358 1281 412 Ζελείηςὲ·

305 439 342 466 at
373 445 441 466 non
476 434 571 468 letali
602 436 743 470 vulnere
774 448 972 483 percussum
1007 435 1201 470 Menelaum
1235 435 1421 470 arcessitus
1464 433 1613 469 medicus
1653 439 1750 468 curat

221 479 402 514 Machaon.

324 545 406 598 ᾩς
433 548 544 602 φάτ’
571 547 797 619 Ἀθηναίη·
829 554 891 606 τῷ
923 550 968 593 δὲ
999 549 1164 602 φρένας
1194 548 1358 605 ἄφρονι
1386 554 1550 593 πεῦθεν.

143 608 222 650 105
254 603 395 647 αὐτίκ’
427 605 559 649 ἐσύλα
587 608 713 660 τόξον
742 595 897 659 εύξοον
927 606 1079 658 ἰξάλου
1111 606 1234 662 αἰγὸς

82 717 160 750 finis
185 718 349 763 locusque
374 719 532 753 actionis.
564 732 598 754 v.
621 720 745 755 Matth.
765 719 807 752 ad
825 720 893 753 Eu-

82 763 146 808 rip.
173 765 272 809 Cycl.
297 767 398 803 279„
425 766 494 799 Th.
527 769 581 809 §§.
607 768 688 806 254,
711 768 805 806 2ὗ5.,
826 769 892 799 Ae—

80 811 190 854 schyl.
217 811 330 845 Prom.
358 813 459 853 692,
486 814 592 858 Soph.
612 815 717 856 Ajace
735 814 816 847 396.
827 820 894 846 etc.

81 855 182 889 Sch..
215 859 316 893 κυδ.
352 857 521 901 ἐνὸοξου.
567 859 612 893 cf.
640 861 727 899 177,
754 857 802 902 η’,
827 861 895 894 392

82 906 148 936 etc.

129 949 208 984 101.
251 945 333 984 Ἀπ.
366 950 426 996 qui
451 962 564 985 arcum
592 950 753 984 Pandaro
790 948 896 984 dona-

81 1001 199 1028 verat:
235 995 283 1041 β’,
315 999 396 1051 8.27'
437 1017 482 1021 —-
534 1000 629 1031 λυκ.
672 996 806 1039 longum
841 1000 896 1029 est

81 1052 245 1075 enarrare
270 1043 383 1076 varias
408 1044 605 1077 notationes
638 1042 740 1085 hujus
766 1054 895 1086 cogno-

79 1086 179 1120 minis
213 1094 249 1121 et
272 1089 427 1122 similium
463 1089 632 1134 Apollinis
666 1070 829 1128 annuos-⁶
833 1100 894 1122 seu

80 1132 258 1176 Λύκειος,
284 1133 506 1175 λυκοκτόνος
533 1142 614 1176 εἴα,
639 1134 682 1168 de
708 1135 831 1179 quibus
858 1147 892 1169 v.

79 1181 242 1224 Aeschjl.
267 1182 391 1226 Suppl.
412 1185 491 1223 611,
517 1181 756 1226 Agaln.1143‚
782 1181 890 1226 Soph.

79 1224 135 1258 El.
162 1228 194 1260 6.
231 1227 398 1272 aliosque.
454 1233 550 1262 recte
583 1227 633 1261 illi
664 1227 818 1268 faciunt,
856 1227 891 1260 ni

79 1271 202 1314 fallor,
225 1274 296 1328 qui
324 1272 528 1310 Ἀπόλλωνα
552 1275 731 1318 λυκηγενῆ
761 1272 892 1306 intelli-

79 1324 166 1362 gunt
195 1316 262 1354 τὸν
295 1320 407 1365 λύκης
430 1321 505 1354 sive
540 1320 578 1356 ἐκ
602 1320 715 1364 λύκης
739 1319 893 1363 γενόμε-

78 1377 169 1405 νον,
195 1366 345 1399 diluculo
363 1373 506 1407 uatum,
545 1378 587 1400 ex
618 1378 687 1419 quo
721 1366 815 1399 nasci
839 1365 894 1399 vi-

79 1410 183 1444 detur
207 1412 281 1453 sol;
307 1395 588 1457 quemadmodum
606 1419 641 1446 et
665 1409 741 1456 ἠώς
765 1411 894 1445 dicitur

79 1455 286 1501 ἠριγένεια,
313 1460 387 1492 dies
407 1472 509 1493 mane
526 1465 633 1500 nata,
657 1465 695 1492 ut
711 1459 745 1491 H
768 1469 893 1491 memo-

78 1504 180 1537 ravit.
212 1505 395 1539 cf.Sch01
422 1508 450 1540 A
480 1510 534 1547 et,
563 1507 657 1549 cuius
681 1505 740 1537 ille
765 1504 893 1537 scrinia

79 1549 297 1595 compilavit,
332 1552 510 1586 Heraclid.
531 1552 641 1595 Alleg.
669 1552 771 1585 Hom.
797 1553 829 1585 7.
859 1562 891 1594 p.

79 1597 158 1638 24„
190 1597 347 1632 Macrob.
371 1599 446 1631 Sat.
475 1602 514 1639 1,
548 1599 603 1632 17.
630 1601 696 1630 etc.
737 1598 825 1630 bene
851 1608 892 1629 ex

79 1642 145 1676 hoc
176 1643 345 1687 Apollinis
379 1644 534 1688 epitheto
571 1643 704 1687 colligit
736 1643 790 1684 H,
821 1644 892 1686 jam

79 1688 324 1733 antiquissimis
359 1690 572 1735 temporibus
606 1690 778 1723 notionem
810 1689 892 1722 solis

79 1734 112 1769 ei
137 1736 262 1768 nomini
286 1736 475 1780 subjectam
502 1736 622 1770 fuisse.
661 1747 758 1779 quem
778 1747 812 1770 v.
840 1740 894 1768 et-

79 1780 145 1814 iam
177 1792 256 1814 ann.
281 1781 323 1814 ad
354 1781 401 1824 α’,
426 1784 482 1818 50.
519 1802 558 1807 -
593 1784 720 1817 κλυτ.
752 1779 891 1826 ἐνδόξῳ

77 1827 161 1869 περὶ
185 1826 254 1871 τήν
277 1828 428 1884 τοξικὴν
451 1827 591 1873 τέχνην.
622 1826 808 1870 τεσσάρων
822 1829 891 1872 γὰρ

78 1875 217 1918 τεχνῶν
242 1887 380 1918 εφορος
406 1888 424 1909 ο
452 1874 567 1917 θεὸς,
593 1876 751 1918 τοξικῆς,
777 1876 893 1919 ἰατρι-

78 1922 162 1966 κῆς,
187 1924 388 1978 μουσικῆς,
411 1921 474 1955 καὶ
499 1921 689 1965 μαντικῆς.
715 1922 798 1954 Sch.

127 1968 205 2002 102.
255 1965 289 2002 οἷ.
315 1981 383 2010 πρ.
423 1968 512 2008 τούς
536 1965 798 2023 πρωτογόνους
829 1967 890 2001 καὶ

78 2025 124 2048 τοι
157 2026 317 2048 τοιαυτα
350 2014 688 2070 πρωτογεννήματα
730 2011 751 2056 ἡ
788 2012 892 2058 κοινὴ

78 2061 223 2104 γλῶσσα
254 2064 367 2096 καλεῖ.
418 2062 463 2095 cf.
499 2063 582 2103 120,
607 2059 661 2104 ψ’,
687 2062 775 2099 864,
800 2063 892 2102 873„

79 2106 205 2151 quibus
243 2107 328 2141 locis
363 2107 534 2152 repetitus
570 2114 622 2141 est
661 2107 718 2140 hic
757 2119 891 2140 sersus.

78 2153 200 2186 melius
231 2160 345 2187 autem
378 2154 504 2187 nutriri
536 2165 557 2187 a
592 2152 756 2187 matribus
780 2155 892 2186 solent

78 2199 239 2232 animalia
269 2200 522 2245 primogenita:
563 2210 597 2232 v.
632 2199 775 2232 Aristot.
800 2199 821 2232 l.
848 2199 891 2232 de

77 2246 237 2290 partibus
261 2246 394 2280 animm.
420 2246 461 2287 4,
490 2248 568 2286 10.,
592 2245 681 2279 Plin.
699 2245 746 2278 H.
764 2245 811 2279 N.
835 2248 890 2288 11,

78 2291 136 2326 40.
159 2292 322 2325 Albertus
347 2292 396 2326 M.
421 2293 443 2325 l.
471 2294 492 2326 6
517 2293 559 2324 de
585 2292 721 2326 animal.
741 2292 889 2326 tract-3

79 2348 156 2382 cap.
183 2340 214 2373 1.
239 2350 275 2382 p.
300 2340 400 2378 209„
432 2344 620 2372 annotante
641 2337 822 2371 Harduino
847 2337 890 2371 ad

77 2383 188 2417 locum
219 2384 311 2418 illum
347 2384 467 2417 Plinii:
501 2396 575 2416 cum
600 2395 707 2427 porca
743 2385 890 2428 peperit,

76 2431 187 2473 primo
217 2436 300 2463 nato
318 2431 396 2474 filio
421 2431 485 2464 dat
515 2442 702 2463 mammam
727 2432 890 2473 primam,

80 2481 113 2509 et
134 2478 182 2509 sic
213 2478 294 2510 aliis
317 2478 406 2520 filiis
426 2477 491 2510 dut
515 2477 675 2510 ordinate
696 2488 891 2516 mammas3

79 2523 267 2567 aliquando
296 2529 414 2557 tamen
439 2523 501 2556 hoc
525 2535 593 2556 non
625 2524 763 2556 accidit.
812 2524 891 2557 hinc

78 2568 185 2602 honos
208 2570 282 2603 ταῖν
305 2569 692 2613 πρωτογεννημάτων,
717 2569 893 2614 majorque

79 2615 308 2649 absumtorum
324 2617 472 2659 jactura.
505 2617 622 2650 Moses
641 2616 750 2649 Exod
766 2619 819 2653 11
836 2617 890 2650 5·

80 2666 114 2694 ct
129 2663 295 2695 morietur
320 2674 418 2695 omne
440 2663 708 2717 primogenitum
732 2663 767 2695 in
792 2666 890 2695 terra

81 2709 349 2752 Aegyptiorum,
380 2713 453 2741 tum
478 2709 731 2753 primogenitus
758 2709 889 2741 Parho-

80 2754 133 2786 nis
141 2755 235 2798 ,qui
253 2765 406 2786 sessurus
419 2760 495 2788 erat
510 2766 612 2798 super
626 2755 784 2788 thronum
804 2755 887 2797 ejus,

80 2806 151 2833 tum
167 2801 420 2854 primogenitus
444 2802 606 2841 ancillae,
631 2813 721 2844 quae
740 2806 792 2834 est
810 2806 888 2844 post

79 2847 210 2887 molas3
249 2847 355 2880 etiam
394 2858 492 2879 omne
528 2848 799 2892 primogenitum
825 2849 888 2889 ju-

79 2893 198 2926 menti.
230 2913 276 2917 -
309 2890 367 2926 ἑκ.
393 2892 427 2925 ιι.
454 2904 484 2926 e.
505 2904 640 2926 sacrum
673 2893 803 2927 lautum
833 2899 888 2928 at-

81 2950 148 2984 que
171 2938 372 2984 opiparum:
394 2950 429 2972 v,
453 2936 501 2979 α’,
525 2940 581 2974 65.

942 720 1101 753 confecto
1125 719 1218 753 bello
1254 729 1317 763 per
1349 723 1490 751 mortem
1513 718 1676 752 Menelai.
1707 738 1750 744 -

942 765 981 801 ἳε
969 766 1048 810 ροὶ
1076 765 1137 807 δὲ,
1161 765 1274 810 inquit
1292 765 1342 805 E,
1367 762 1390 808 ἦ
1420 763 1544 798 Ζέλεια
1570 762 1618 804 ὦς
1647 762 1752 805 πόλις

941 810 1069 853 ἁπλῶς
1103 809 1306 855 φυλακτικὴ
1339 813 1414 845 τῶν
1437 809 1507 845 ἔσω
1532 811 1750 846 οἰκούντων.

943 860 1040 902 (ann.
1067 859 1109 892 ad
1135 857 1183 899 α’,
1206 859 1282 901 38.)
1308 876 1352 881 --
1381 858 1424 890 de
1449 864 1611 901 correpta
1634 864 1753 901 poste-

941 905 1034 939 riore
1058 905 1191 949 5)113ι)3,
1215 903 1314 937 verbi
1339 900 1430 938 ἄστυ
1450 908 1529 936 ante
1549 905 1693 947 Ζελείης
1717 915 1751 937 v.

943 963 1021 984 ann.
1049 952 1091 984 ad
1117 949 1163 996 β’,
1188 951 1267 986 824.
1295 950 1386 1003 quod
1412 950 1488 983 fieri
1506 957 1607 994 posse
1624 960 1753 994 negans

940 998 982 1030 P.
1019 997 1209 1041 Knightius
1253 996 1397 1040 scripsit
1433 997 1573 1040 δελειης
1609 1001 1644 1029 et
1678 997 1752 1030 loco

939 1043 1000 1077 illo
1025 1043 1168 1076 secundi
1191 1042 1270 1076 libri
1294 1044 1449 1084 δελειαν,
1474 1042 1754 1087 quemadmodum

939 1089 975 1122 in
999 1090 1248 1128 Zanclaeorum
1282 1090 1424 1123 nummis
1454 1101 1576 1122 nomen
1600 1088 1754 1122 civitatis

939 1136 1106 1180 scriptum
1127 1141 1181 1169 est
1205 1138 1434 1177 AANK.4E‚-
1460 1135 1612 1179 itemque
1628 1135 1753 1179 probat

938 1182 1143 1226 scripturam
1184 1180 1432 1225 Κάμανδρος,
1457 1193 1581 1237 quarn
1625 1181 1754 1213 habent

939 1228 1092 1261 nonnulli
1117 1228 1229 1269 codd„
1257 1228 1295 1270 ε’,
1321 1230 1400 1269 774,
1470 1229 1584 1270 ,124.
1610 1226 1753 1268 aliisque

937 1274 1036 1308 locis.
1089 1286 1122 1306 v.
1157 1275 1233 1318 ejus
1258 1275 1424 1318 Prolegg.
1450 1275 1485 1307 in
1510 1274 1609 1308 Hom.
1635 1285 1670 1318 p.
1694 1274 1751 1338 79.

939 1320 994 1353 ed.
1020 1320 1165 1353 Londin.
1191 1321 1266 1354 sive
1294 1321 1493 1365 152.1.ips.

987 1368 1065 1401 105.
1114 1366 1229 1406 ,Hier
1244 1379 1277 1399 u
1281 1367 1336 1400 1rd
1355 1368 1417 1400 der
1434 1367 1562 1400 Schuss
1583 1365 1645 1399 des
1662 1336 1753 1400 Pan-

941 1411 1043 1445 daros
1070 1412 1317 1454 beschrieben,
1352 1425 1385 1447 ιι.
1410 1424 1506 1446 zwat
1536 1412 1597 1446 mit
1629 1411 1752 1445 Feier-

939 1458 1100 1499 lichkeit,
1135 1458 1214 1492 weil
1247 1471 1283 1492 es
1317 1460 1371 1493 ein
1402 1460 1670 1503 Hauptmoment
1693 1458 1752 1499 ist,

940 1504 1104 1537 wodurch
1131 1505 1192 1538 das
1218 1506 1343 1539 Ganze
1364 1508 1535 1539 vorwiirts
1551 1506 1653 1550 geht
1657 1507 1680 1524 “
1692 1506 1751 1538 W

939 1549 1101 1585 ἐσύλα.
1145 1549 1328 1596 ἐγύμνου,
1366 1551 1509 1605 ἐξέλαβε
1541 1552 1751 1596 (perperam

938 1596 1019 1630 libri
1043 1595 1097 1639 ἐξ.-
1093 1596 1206 1641 ’βαλε,
1241 1598 1334 1643 quod
1364 1597 1517 1632 correxit
1552 1597 1752 1640 Schrevel.)

938 1644 1003 1685 τῆς
1026 1643 1160 1687 θήκης.
1182 1644 1249 1677 ἰιιιο
1262 1644 1386 1690 ἐᾝλαβε
1399 1644 1516 1689 inepte
1533 1643 1620 1677 enirn
1633 1642 1751 1677 Schol.

939 1701 1053 1722 arcum
1090 1690 1125 1723 in
1158 1691 1260 1724 theca
1291 1696 1464 1735 gestatum
1498 1700 1574 1723 esse
1606 1695 1707 1733 putat
1730 1699 1751 1722 a

938 1736 1120 1777 Pandaro,
1157 1748 1225 1781 qua
1256 1739 1360 1771 theca
1394 1736 1482 1770 domi
1515 1735 1673 1769 conditus
1697 1746 1752 1768 re-

941 1783 1147 1826 ponebatur.
1194 1783 1244 1816 sic
1277 1785 1379 1817 etiam
1407 1783 1483 1819 116.
1513 1777 1534 1816 ὃ
1559 1780 1652 1816 σύλα
1673 1783 1752 1816 πῶ-

939 1840 992 1871 μα
1017 1829 1199 1872 φαρέτρης
1223 1829 1307 1862 ιιῐιιίι
1331 1829 1423 1863 aliud
1449 1834 1503 1862 est.
1533 1839 1635 1872 quam
1665 1840 1752 1872 pre-

940 1875 1083 1915 hendit‚
1115 1880 1150 1907 et
1175 1887 1194 1908 a
1220 1879 1450 1919 consequente
1475 1875 1622 1916 demsit,
1651 1886 1752 1918 oper-

939 1921 1051 1953 culum
1068 1921 1271 1964 pharetrae.
1307 1922 1435 1976 Odyss.
1462 1919 1514 1965 φ’,
1536 1922 1612 1956 54..
1640 1919 1751 1956 ἔνθεν

940 1964 1141 2010 ὀρεξαμένη
1168 1965 1242 2002 απὸ
1267 1966 1460 2002 πασσάλου
1486 1968 1618 2002 αἴνυτο
1641 1965 1752 2009 τόξον
1810 1975 1811 2002 ι

939 2011 1021 2051 ,Ξὺν
1047 2014 1128 2056 (hoc
1151 2013 1371 2048 inserendum
1391 2020 1476 2058 puto
1497 2014 1597 2048 metri
1616 2014 1750 2058 gratia3

940 2059 992 2093 cui
1020 2059 1111 2100 voci,
1141 2060 1205 2093 nisi
1229 2061 1321 2093 forte
1346 2066 1523 2094 corrector
1547 2060 1663 2094 omisit
1675 2071 1750 2094 eam

939 2117 981 2139 ex
998 2105 1181 2146 industria,
1206 2107 1367 2139 offecisse
1385 2106 1523 2139 videtur
1546 2107 1667 2150 -ξονρ
1669 2117 1750 2140 rae-

937 2162 1113 2206 gressum.
1143 2164 1176 2185 v.
1204 2164 1282 2186 ann.
1308 2152 1352 2185 ad
1372 2153 1533 2206 Aeschyl.
1543 2152 1640 2186 Ειιιιι.
1651 2152 1749 2195 843.)

939 2194 1040 2243 αύτῷ
1066 2199 1218 2253 φωρυτρὄ
1243 2199 1293 2241 (ιι.
1313 2211 1344 2231 e.
1360 2199 1496 2241 theca),
1520 2194 1562 2238 ὅς
1586 2199 1623 2234 οἱ
1647 2200 1749 2255 περί-

936 2256 1034 2278 κειτο
1060 2243 1234 2288 φαεινός·
1261 2243 1436 2287 Ἑζομένη
1463 2243 1504 2279 δὲ
1527 2242 1616 2279 κατ’
1639 2239 1746 2286 αυθι,

938 2293 1061 2335 φίλοις
1084 2290 1143 2326 ἐπὶ
1166 2289 1322 2334 γούνασι
1346 2294 1476 2328 θεισα,
1509 2294 1625 2326 Κλαῖε
1647 2289 1748 2334 μάλα

936 2337 1074 2380 λιγέως,
1098 2336 1137 2372 ἐκ
1162 2337 1204 2373 δ’
1220 2336 1304 2381 {joes
1322 2336 1432 2379 τόξον
1454 2337 1625 2378 ἄνακτος.
1651 2339 1746 2373 Seli.-

938 2383 954 2419 ἐ
968 2382 986 2418 ὕ
1001 2385 1122 2426 ξοον.
1161 2385 1284 2428 (arcus
1308 2384 1486 2428 epitheton
1511 2386 1675 2419 solenne:
1702 2397 1744 2418 v.

938 2431 1070 2486 Odyss.
1098 2428 1140 2470 τ’,
1171 2432 1272 2466 586..
1303 2437 1367 2464 etc.
1383 2431 1400 2474 )
1448 2433 1567 2472 καλως
1606 2430 1746 2474 ἐξεσμέ-

938 2490 1015 2518 νον,
1036 2473 1058 2511 o'
1082 2477 1158 2512 ἐστι
1181 2477 1529 2533 κατεσκευασμένον.
1563 2477 1744 2521 ἰξάλου.

935 2523 1022 2569 ἤτοι
1044 2526 1207 2564 τελείου,
1232 2520 1255 2565 ἢ
1279 2525 1399 2567 πηδητ
1403 2526 1487 2559 ικοῦ
1509 2525 1573 2560 καὶ
1598 2523 1746 2568 ὁρμητι-

936 2571 1026 2613 κοῦ,
1051 2567 1154 2614 παρὰ
1176 2569 1220 2603 τὸ
1247 2570 1432 2605 ἱκιεῖσθαι
1460 2577 1528 2605 etc.
1574 2571 1745 2615 posterior

937 2619 1055 2651 harum
1080 2616 1290 2651 notationum
1309 2618 1453 2651 maxime
1469 2617 1665 2651 verisimilis
1679 2622 1744 2660 est,

936 2675 1035 2708 quam
1061 2668 1096 2697 et
1119 2662 1177 2697 alii
1207 2664 1400 2708 protulere.
1435 2675 1468 2696 v.
1494 2663 1666 2708 Apollonii
1689 2663 1744 2696 in-

934 2715 1051 2754 terpp.
1085 2710 1118 2743 h.
1151 2720 1198 2750 v.,
1224 2710 1293 2743 Th.
1320 2721 1353 2754 p.
1378 2712 1458 2745 227.
1486 2715 1552 2744 etc.
1593 2710 1745 2752 ,,ἰ’ξαλσς

933 2755 1052 2789 Fauno
1076 2755 1282 2800 adscriptum
1308 2757 1408 2789 estin
1425 2755 1535 2790 veteri
1550 2767 1745 2790 monumen-

933 2806 982 2842 to,
997 2802 1087 2846 quod
1107 2808 1231 2835 vocant
1245 2802 1403 2835 Herculis
1420 2803 1648 2848 expiationem
1669 2802 1744 2836 sive

934 2848 1147 2892 apotheosin.
1188 2859 1221 2881 v.
1261 2849 1459 2882 Inscrizioni
1493 2850 1630 2883 antiche
1653 2849 1743 2882 delle

933 2895 1015 2928 ville
1033 2895 1161 2928 Albam·
1182 2896 1349 2938 p.150“
1374 2895 1429 2928 Ex·
1455 2896 1503 2930 H.
1529 2915 1576 2920 —
1598 2893 1741 2938 τόξον

935 2939 1092 2985 αἰγὸς,
1125 2952 1242 2974 arcum
1272 2942 1391 2984 capri,
1437 2941 1528 2975 dixit
1560 2953 1624 2986 pro
1657 2953 1741 2975 arcu

127 2986 204 3019 103.
253 2985 341 3020 οἷ’κ.
377 2995 499 3020 voa-c.
554 2985 687 3019 domum
729 2997 889 3020 reversus
928 2990 1029 3030 facto
1055 2999 1095 3021 ex
1126 2999 1230 3020 cornu
1258 2988 1410 3031 caprino.
1460 2999 1652 3033 quanquam
1685 2988 1741 3021 hic
