1811 3269
616 192 1050 233 ΙΛΙΑΛΟΣ
1113 191 1161 233 Ζ.

1639 193 1724 233 307

228 303 413 358 νεκροὺς
448 300 663 357 άμπεδίον
695 299 900 357 συλήσετε
932 301 1229 355 τεθνηῶτας.“

296 362 306 376 (

308 362 378 412 ’,Ως
409 357 544 417 εἰπών
576 358 744 410 ὤτρυνε
774 357 906 413 μένος
934 357 1008 400 καὶ
1038 357 1186 412 θυμὸν
1217 351 1413 398 ἑκάστου.

229 419 338 462 ἔνθα
369 432 444 459 κεν
475 418 576 458 αὐτε
619 419 764 470 Τρῶες
797 414 1046 468 ἀρηϊφίλων
1075 411 1155 456 ὑπ’
1188 410 1368 468 Ἀχαιῶν

216 474 353 517 Ἴλιον
384 472 690 528 εἰσανέβησαν,
723 470 977 527 ἀναλκείῃσι
1008 470 1226 523 δαμέντες,

142 534 194 576 75
226 532 262 574 εἰ
292 530 350 586 μὴ
380 526 452 583 ἄρ’
484 531 638 587 Αἰνεία
670 545 714 572 τε
743 529 816 571 καὶ
836 528 1014 581 “Έκτορι
1044 525 1135 569 εἶπε
1165 521 1391 578 παραστὰς

225 588 477 642 Πριαμίδης
496 585 697 637 ”Ελενος,
732 583 1017 628 οἰωνοπόλων
1044 581 1112 638 ὄχ’
1144 581 1338 634 ἄριστος·

303 646 484 696 ,,Αἰνεία
514 660 557 687 τε
587 643 662 687 καὶ
683 642 866 695 Ἕκτορ,
898 641 988 684 ἐπεὶ
1017 639 1156 690 πόνος
1185 638 1296 692 ὔμμι
1326 635 1514 692 μάλιστα

228 699 397 753 Τρώων
424 701 497 742 καὶ
527 702 707 743 Λυκίων
737 698 997 755 ἐγκέκλιται,
1031 693 1182 740 οὕνεκ’
1215 693 1385 748 ἄριστοι

223 761 371 801 πᾶσαν
403 756 468 800 ἐπ’
502 756 609 800 ἰθύν
638 756 730 799 ἐστε
760 754 977 810 μάχεσθαί
1005 770 1049 797 τε
1080 751 1289 809 φρονέειν
1318 765 1374 802 τε,

137 819 192 860 80
223 812 342 870 στῆτ’
377 813 516 857 αὐτοῦ
545 814 619 856 καὶ
647 812 756 857 λαὸν
786 811 1015 870 ἐρυκάκετε
1046 809 1131 864 πρό
1165 805 1362 856 πυλάων,

220 870 364 927 πάντη
394 870 691 926 ἐποιχόμενοι,
723 870 830 923 πρὶν
862 867 962 911 αὖτ’
995 868 1042 911 ἐν
1072 866 1191 922 χερσὶ
1219 865 1447 920 γυναικῶν

222 928 470 984 φεύγοντας
498 929 689 976 πεσέειν,
726 929 885 982 δηΐοισι
917 925 963 969 δὲ
993 923 1138 979 χάρμα
1168 922 1392 979 γενέσθαι.

221 983 360 1039 αὐτὰρ
393 986 482 1028 ἐπεί
511 1001 559 1028 κε
590 984 818 1040 φάλαγγας
848 981 1150 1039 ἐποτρύνητον
1180 977 1363 1029 ἁπάσας,

219 1040 341 1097 ἡμεῖς
371 1042 450 1095 μὲν
480 1046 700 1085 Δαναοῖσι
729 1037 1004 1096 μαχησόμεθ’
1038 1040 1148 1080 afim
1177 1035 1395 1092 μένοντες,

134 1102 188 1144 85
219 1099 291 1141 καὶ
321 1099 437 1153 μάλα
470 1099 714 1153 τειρόμενοί
743 1114 823 1151 περ
857 1095 1091 1152 (ἀναγκαίη
1121 1094 1204 1150 γάρ
1236 1088 1439 1162 ἐπείγει)·

207 1155 390 1209 ΓΈκτορ,
424 1154 531 1208 ἀτὰρ
564 1153 618 1199 σύ
650 1154 827 1198 πόλινδε
861 1153 1083 1208 μετέρχεο,
1118 1151 1207 1194 εἰπὲ
1239 1151 1263 1192 δ

1316 1148 1459 1190 ἔπειτα

218 1213 368 1269 μητέρι
399 1215 454 1270 σῇ
484 1212 556 1256 καὶ
589 1211 694 1268 ἐμῇ,
724 1211 750 1268 ἡ
785 1212 838 1268 δὴ
868 1210 1119 1265 ξυνάγουσα
1148 1204 1327 1263 γεραιὰς

46 1351 167 1383 μενος.
200 1339 344 1382 (Matth.
370 1341 401 1381 ἓ.
426 1340 524 1382 398.)
548 1359 593 1364 —
625 1336 695 1373 τά.
727 1338 857 1379 ταῦτα,

48 1385 94 1420 τά
120 1385 244 1430 ἔναρα.
288 1386 331 1419 de
360 1386 487 1430 duplici
513 1398 585 1419 acc.
613 1397 645 1419 v.
672 1385 799 1418 Matth.
825 1388 858 1426 ς.

47 1433 139 1473 409,
166 1433 199 1465 b.
226 1451 269 1457 —
293 1431 492 1474 νεκρούς
516 1435 664 1472 τεθν.,
690 1436 727 1464 ut
753 1431 859 1465 νεκύ-

48 1490 123 1513 εσσι
152 1479 489 1522 καταφθιμένοισιν
529 1480 658 1522 Odyss.
691 1476 731 1518 λ’,
767 1479 858 1519 491.,

47 1524 245 1568 φθιμένων
270 1525 411 1560 νεκύων
437 1525 558 1570 Eurip.
580 1524 702 1569 suppl.
721 1523 776 1559 44.
796 1536 858 1558 110-

43 1571 133 1605 tavit
155 1573 199 1605 K.

92 1640 138 1675 73
157 1659 199 1664 -
217 1641 273 1674 76.
321 1636 399 1674 ὑπ’
431 1636 505 1682 Ἀχ.
545 1644 684 1683 propter
709 1638 859 1672 Graecos

46 1685 259 1741 ingruentes.
284 1687 410 1720 Matth.
430 1687 556 1727 §.592
582 1687 674 1720 Sch.:
699 1683 856 1719 ἄναλκ.

47 1734 297 1776 ανανδρείαις.
331 1733 506 1777 (ignavia
530 1732 671 1772 domiti,
698 1732 858 1775 ignaviae

47 1779 219 1813 cedentes.
268 1784 474 1824 repetuntur
500 1778 533 1811 hi
560 1790 681 1812 versus
710 1776 751 1818 θ’,
777 1781 857 1813 319.

46 1826 92 1860 cf.
116 1826 201 1859 ibid.
228 1826 308 1861 336.
335 1845 376 1849 —
404 1825 446 1858 de
473 1825 622 1867 Heleno,
656 1830 738 1857 vate
763 1825 853 1857 cele—

45 1871 213 1912 berrimo,
247 1884 281 1905 v.
306 1871 463 1916 Apollod.
488 1873 530 1912 3,
561 1874 621 1911 11,
648 1871 701 1909 5.‚
728 1870 855 1915 Hygin-

46 1918 118 1952 sab.
150 1920 246 1957 128„
275 1918 375 1951 Serv.
414 1917 457 1951 ad
492 1919 574 1950 Aen.
608 1918 652 1958 3,
684 1918 763 1951 295.
789 1923 856 1951 etc.

45 1964 151 1998 Paus.
178 1964 288 1997 Eliac.
314 1964 420 2008 prior.
448 1975 475 1996 c.
502 1965 581 2003 22,
616 1974 681 2007 quo
706 1963 779 1995 ioco
805 1963 857 1995 si-

48 2022 116 2055 gna
133 2010 316 2054 Olympiae
337 2010 450 2054 posita
467 2009 648 2043 describit:
674 2006 856 2051 ἀνθεστή-

45 2068 130 2091 κασι
155 2055 217 2097 δὲ,
242 2057 374 2100 inquit,
409 2056 471 2090 καὶ
505 2053 612 2096 ἄλλος
642 2052 736 2100 ἄλλῳ
763 2053 856 2090 κατὰ

45 2099 93 2137 τοὶ
116 2101 235 2143 αὐτὰ,
261 2102 356 2147 άνὴρ
380 2101 568 2147 βάρβαρος
594 2100 702 2145 άνδρὶ
721 2100 854 2149 ‘'Elin-

44 2162 100 2192 m,
123 2149 324 2189 Ὀδυσσεύς
347 2148 415 2192 μὲν
434 2148 590 2195 ἽΞλένῳ,
618 2147 694 2184 ὅτι
719 2149 855 2183 οὑτοι

44 2194 256 2242 μάλιστα
280 2196 357 2232 ἐπὶ
385 2197 534 2243 σοφία
560 2193 713 2238 δόξαν
739 2194 787 2229 ἐν
811 2193 853 2229 ἑ-

44 2242 228 2290 κατέρῳ
261 2244 320 2289 τῷ
356 2242 690 2286 στρατεύματι
723 2240 853 2286 εἰλή-

46 2301 208 2335 φεσαν.
234 2310 276 2315 -
300 2301 483 2334 „magnum
510 2290 607 2333 hujus
631 2288 761 2322 inventi
782 2290 855 2322 fru-

43 2341 133 2371 ctum
158 2336 240 2370 tulit
262 2339 386 2381 poeta:
413 2348 487 2370 nam
514 2347 703 2380 pugnarum
728 2346 854 2368 memo-

42 2383 225 2418 randarum
257 2382 346 2416 tonit
382 2383 552 2422 taedium,
590 2386 625 2415 et
665 2381 855 2425 interponit

43 2429 198 2474 episodia
230 2429 272 2463 de
307 2441 427 2474 pompa
452 2430 685 2473 Trojanarum
710 2427 854 2460 femina-

43 2487 140 2518 rum,
167 2476 209 2509 de
233 2475 446 2509 sermonibus
469 2474 631 2509 Hectoris
654 2485 728 2508 cum
748 2473 854 2506 Hele—

44 2533 87 2557 na
112 2522 239 2556 Paride
262 2526 297 2555 et
321 2522 576 2562 Andromache,
610 2525 646 2554 et
679 2519 854 2553 Diomedis

45 2580 118 2602 cum
153 2568 286 2602 Glauco
319 2568 609 2602 confabulatione.
665 2566 755 2611 quod
788 2577 854 2598 non

44 2618 112 2648 tam
145 2620 220 2649 arte
252 2615 378 2648 factum
411 2626 510 2659 quam
544 2626 564 2647 a
593 2613 701 2646 divite
726 2611 855 2656 ingenii

44 2671 134 2694 vena
166 2665 202 2694 et
229 2661 434 2706 phantasiae
466 2662 630 2695 ubertate
662 2660 853 2704 profectum

45 2716 121 2739 esse
144 2710 303 2741 censeo.“
331 2709 384 2741 Ex
406 2708 452 2740 H.

92 2775 254 2811 77—82.
301 2774 466 2818 πόνος,
507 2775 604 2808 labor
626 2774 782 2808 bellicus.
806 2793 851 2797 —

47 2820 99 2854 E:
139 2823 354 2864 Λυκίους
386 2824 448 2858 καὶ
481 2823 551 2856 νῦν
584 2820 727 2860 πάντας
761 2818 854 2864 λέγει

45 2866 133 2908 τούς
157 2871 230 2901 τῶν
260 2868 395 2913 Τρώων
419 2867 663 2910 ἐπικούρους,
701 2865 750 2907 ὥς
776 2865 851 2902 άπὸ

45 2913 180 2958 μέρους
204 2910 398 2960 ἀξιολόγου
424 2917 492 2951 τοῦ
520 2917 595 2949 τῶν
624 2916 783 2949 Λυκίων.
805 2933 852 2938 -

46 2960 324 3005 ἐγκέκλιται.
358 2960 442 3007 ἤτοι
467 2958 671 2997 ἀνάκειται.
692 2982 732 2986 -
762 2961 852 2994 πᾶ-

47 3018 133 3042 σαν
157 3005 228 3044 ἐπ’
251 3005 378 3043 ἰθύν.
411 3029 457 3035 ——-
489 3005 607 3053 ἤγουν
639 3007 698 3043 ἐπὶ
727 3009 854 3042 πᾶσαν

47 3051 164 3100 ὁρμήν
190 3055 257 3090 τοῦ
280 3053 364 3100 μάχ.
387 3055 449 3091 καὶ
472 3057 542 3091 τοῦ
566 3058 733 3101 φρονεῖν.
758 3054 853 3089 Sch.=

903 1334 997 1372 κατὰ
1024 1333 1146 1368 πάντα
1171 1331 1217 1366 ταὶ
1241 1329 1333 1375 μέρη
1359 1328 1424 1373 τῆς
1441 1323 1562 1371 μάχης
1576 1324 1637 1360 καὶ
1654 1325 1719 1370 τῆς

907 1380 1121 1426 φρονήσεως
1147 1376 1253 1422 ὑμεῖς
1278 1376 1484 1418 διαφέρετε.
1504 1392 1549 1396 -
1582 1372 1718 1415 στῆτε

906 1427 1080 1471 αὐτοῦ,
1107 1432 1197 1460 state
1217 1425 1307 1458 illico
1331 1423 1420 1468 ipsi:
1445 1430 1521 1453 nam
1542 1424 1576 1451 et
1594 1418 1642 1452 illi
1660 1418 1718 1451 fu-

905 1476 1058 1520 giebant.
1104 1483 1239 1506 rursum
1264 1471 1366 1504 Sch.:
1394 1466 1521 1509 ἐρυκ.
1551 1462 1717 1506 κωλύετε,

905 1522 1080 1565 κατέχετε.
1106 1518 1305 1562 (πάντη,
1330 1516 1491 1557 undique,
1520 1517 1592 1545 toto
1619 1523 1718 1545 exer-

907 1569 1006 1611 citu.)
1043 1565 1126 1601 ἐπο
1143 1578 1193 1608 ιχ.
1220 1559 1538 1603 ἐπιπορευόμενοι.
1566 1559 1718 1601 (discur-

905 1620 1030 1648 rentes.
1064 1613 1109 1646 cf.
1139 1611 1218 1647 104.
1243 1630 1284 1634 —-
1318 1607 1429 1648 πρὶν
1451 1604 1717 1639 -πεσέειν.

902 1662 1104 1705 priusquam
1140 1668 1256 1691 rursus
1285 1655 1490 1699 fugc'ente8‚
1537 1656 1573 1683 ut
1611 1662 1717 1695 saepe

906 1707 990 1740 alias
1005 1732 1014 1747 ‚
1040 1707 1074 1738 in
1095 1715 1218 1737 manus
1234 1703 1416 1735 mulierum
1437 1699 1614 1738 incidant,
1639 1697 1672 1730 h.
1687 1709 1716 1731 e.

906 1765 926 1786 a
951 1752 1150 1786 mulieribus
1176 1748 1415 1793 excipiantur,
1440 1756 1527 1790 quae
1552 1755 1619 1777 una
1643 1755 1716 1777 cum

905 1800 1044 1832 senibus
1063 1797 1249 1843 puerisque
1268 1800 1361 1828 stant
1378 1793 1411 1826 in
1430 1790 1544 1831 muris,
1570 1801 1716 1834 pugnam

904 1850 1112 1889 spoetantes.
1149 1844 1237 1876 bono
1262 1852 1365 1874 sensu
1392 1838 1522 1871 dictum
1546 1843 1600 1870 est
1628 1834 1667 1870 ἐν
1684 1849 1717 1880 χ.

902 1905 981 1936 γυν.
1006 1890 1166 1929 πεσέειν,
1193 1893 1230 1922 ut
1255 1900 1310 1931 ap.
1338 1885 1459 1929 Eur-lp.
1487 1884 1618 1917 Hecub.
1638 1882 1715 1917 49.:

903 1937 990 1978 τούς
1014 1936 1084 1980 γάρ
1117 1934 1216 1969 κάτω
1251 1933 1454 1972 σθένοντας
1484 1927 1716 1975 ἐξῃτησάμην

909 1983 1064 2029 Τύμβου
1102 1982 1279 2025 κυρῆσαι,
1315 1979 1418 2017 κείς
1450 1975 1592 2020 χέρας
1625 1989 1714 2021 μη-

903 2028 1012 2074 τρὸς
1044 2031 1222 2064 πεσεῖν.
1258 2047 1301 2050 -
1347 2024 1501 2065 ἐποτρ.
1547 2023 1718 2056 cohortati

895 2078 1053 2121 fueritis.
1098 2076 1199 2119 jubet
1235 2072 1390 2106 Helenus
1423 2069 1581 2104 contrahi
1614 2075 1650 2102 et
1681 2069 1714 2102 in

902 2131 978 2158 tuto
1001 2123 1063 2156 sub
1090 2120 1264 2155 moenibus
1290 2119 1387 2151 urbis
1406 2115 1567 2150 conocari
1586 2115 1715 2158 Troja—

901 2181 1022 2204 norum
1060 2167 1179 2212 copias
1215 2170 1476 2203 consternatas;
1525 2172 1592 2206 quo
1633 2161 1714 2195 illae

902 2216 1125 2250 confirmatae
1157 2224 1235 2247 mox
1271 2212 1381 2244 denuo
1407 2207 1577 2242 invadunt
1602 2208 1715 2242 Grae-

902 2274 981 2302 cos,
1007 2272 1136 2305 eosque
1159 2259 1291 2305 pariter
1316 2258 1350 2290 in
1377 2257 1492 2299 fugam
1514 2253 1713 2297 conjiciunt.

948 2309 1004 2344 85.
1053 2319 1095 2341 τε
1108 2320 1158 2348 ιρ.
1192 2303 1332 2344 lassati,
1358 2301 1519 2337 confecti.
1547 2298 1585 2340 ε’,
1610 2301 1689 2334 391.

947 2356 1003 2390 87.
1051 2353 1176 2397 vulgo:
1202 2349 1223 2398 ἡ
1248 2348 1297 2385 δὲ
1317 2354 1382 2383 etc.
1408 2347 1519 2382 oratio
1537 2346 1713 2380 informis:

900 2412 1012 2446 neque
1045 2399 1134 2433 enim
1165 2398 1273 2432 verba
1306 2393 1327 2439 ἡ
1364 2392 1402 2429 δὲ
1435 2396 1585 2434 θεῖναι,
1624 2404 1714 2436 quae

895 2448 1047 2492 jungunt
1064 2445 1226 2490 interpp.,
1249 2442 1447 2487 signfficare
1466 2442 1608 2485 possunt
1626 2439 1711 2473 hocz

900 2506 1008 2538 eaque
1026 2498 1144 2536 ponat.
1169 2497 1266 2525 recte
1277 2488 1367 2523 Mori
1388 2492 1423 2521 et
1435 2484 1712 2520 Barocc.codd.:

911 2537 920 2550 Q

898 2554 919 2584 η
948 2539 993 2579 δὴ
1019 2539 1251 2583 συνάγουσα,
1288 2537 1320 2568 h.
1348 2547 1377 2569 e.
1409 2530 1431 2577 ἡ
1457 2531 1503 2576 δὴ
1529 2528 1710 2575 ξυνάγου-

900 2586 946 2622 σά
982 2584 1101 2626 ἐστιν,
1136 2588 1306 2626 usurpata
1339 2578 1581 2624 conjugatione
1618 2577 1711 2622 peri—

900 2633 1099 2680 phras-tica,
1132 2637 1172 2664 ut
1202 2629 1328 2673 Eurip.
1363 2627 1523 2660 Androm.
1555 2623 1655 2658 942:
1692 2619 1711 2658 ὁ

901 2678 940 2716 δ’
966 2674 1012 2724 ἦν
1033 2677 1222 2720 ὀνειδίζων
1240 2674 1330 2719 ἐμοὶ,
1354 2678 1388 2706 et
1408 2671 1594 2706 Herafur.
1615 2670 1708 2705 307.:

901 2729 935 2762 εἰ
957 2725 1024 2770 μὲν
1049 2721 1095 2770 ἦν
1121 2727 1175 2764 τίς
1199 2720 1234 2756 σ’
1260 2719 1432 2766 ὑβρίζων.
1481 2717 1524 2751 cf.
1559 2727 1636 2749 anu.
1666 2715 1709 2748 ad

900 2773 1059 2817 Aeschyl.
1085 2771 1171 2804 Cho.
1193 2771 1272 2805 700.
1300 2767 1343 2800 de
1368 2764 1481 2809 eilipsi
1506 2762 1605 2796 verbi
1629 2760 1710 2793 sub-

897 2820 1044 2854 stantivi
1076 2817 1216 2861 saepius
1250 2814 1398 2848 diximus
1433 2811 1468 2844 in
1506 2812 1635 2841 annott.
1665 2806 1709 2860 a·d

898 2867 998 2900 Hom.
1023 2869 1058 2899 et
1083 2866 1202 2908 poetas
1235 2859 1403 2894 scenicos.
1459 2855 1599 2888 aeditua
1631 2864 1709 2897 qui-

898 2914 974 2946 dem
997 2909 1117 2955 templi
1141 2911 1217 2942 erat
1237 2908 1396 2945 Theano,
1422 2899 1602 2953 Antenoris
1623 2909 1710 2931 uxor

899 2959 1040 3004 (298),
1067 2955 1127 2990 sed
1147 2956 1246 2999 jussu
1270 2951 1435 2986 Hecubae
1458 2957 1595 2990 aperire
1618 2944 1709 2978 sole-

898 3007 959 3040 bat
982 3005 1116 3045 fanum,
1148 3013 1221 3035 cum
1247 3010 1287 3033 eo
1311 2993 1612 3044 congregabantuit
1638 3001 1709 3024 rna-

897 3056 1019 3087 tronae
1041 3049 1183 3084 Iliacae.
1216 3049 1272 3081 est.
1294 3042 1404 3087 igitur
1422 3039 1555 3083 οἴξασα
1579 3037 1708 3071 dictum

1321 3085 1430 3131 20*
