1811 3269
572 151 1002 192 ΙΛΙΑΔΟΣ
1069 151 1120 190 Κ.

1630 155 1688 195 63

230 276 328 309 quem
357 264 544 303 Dolonem,
571 273 646 296 cum
672 261 814 295 maxime
838 261 1034 296 tendentem
1060 261 1104 295 ad
1128 260 1280 302 navalia,
1307 261 1355 295 illi
1382 263 1685 308 compimehendunt

259 332 344 382 ““Ως
374 329 514 384 φάτο,
544 332 620 372 καί
651 328 694 385 ῥ’
729 330 936 382 ἐπίορκον
967 329 1188 384 ἐπώμοσε,
1217 328 1298 372 τὸν
1326 328 1373 372 δ’
1402 330 1642 384 ὀρόθυνεν.

188 388 344 431 αὐτίκα
375 386 415 429 δ’
447 386 559 443 ἄμφ’
594 385 786 456 ω’μοισιν
810 385 1010 442 ἐβάλλετο
1044 387 1251 439 καμπύλα
1275 385 1393 438 τόξα,

185 447 339 488 ἕσσατο
371 443 411 487 6’
447 444 657 487 ἔκτοσθεν
690 442 824 513 ῥινὸν
851 447 1026 485 πολιοῖο
1057 443 1228 496 λύκοιο,

73 506 154 548 335
184 503 309 557 κρατὶ
340 500 385 544 δ’
416 502 485 545 ἐπὶ
514 501 689 557 κτιδέην
720 499 908 571 κυνέην

939 499 1006 542 ἕλε
1036 499 1082 542 6'
1112 499 1220 551 ὀξύν
1249 499 1428 551 ἄκοντα,

185 563 241 614 βῆ
274 558 314 601 δ’
348 557 458 601 ἰέναι
488 558 616 611 προτὶ
645 562 755 611 νῆας
784 555 870 600 ἀπὸ
903 560 1119 610 στρατοῦ,
1150 555 1253 600 οὐδ’
1286 555 1362 611 ἄρ’
1393 556 1569 612 ἔμελλεν

190 615 337 659 ἐλθων
367 615 413 658 ἐκ
443 621 562 687 νηών
593 614 654 664 ἄψ
672 615 849 668 Ἕκτορι
879 617 1030 674 μῦθον
1061 612 1272 656 ἀποίσειν.

187 671 284 716 ἀλλ’
320 671 388 715 ὅτε
414 673 472 743 δη
508 671 551 726 ῥ’
585 674 732 714 ἵππων
760 688 804 714 τε
835 671 911 721 καὶ
939 669 1120 723 ἀνδρῶν
1150 667 1332 724 κάλ’λιφ
1365 669 1548 725 ὅμιλον,
1573 718 1576 721 ,

184 732 240 786 βῆ
273 728 318 782 ῥ’
351 728 424 772 ἀν’
457 728 566 773 ὁδόν
593 727 785 784 μεμαώς·
816 729 894 771 τὸν
924 728 971 771 68
1001 728 1202 782 φράσατο
1233 726 1476 781 προσιόντα

71 790 155 832 340
186 785 387 846 διογενὴς
412 785 644 837 Ὀδυσεὺς,
673 786 899 854 Διομήδεα
929 785 976 828 68
1004 785 1286 837 προσέειπεν·

263 840 438 895 ,,Οῧτός
467 860 558 891 τοι,
596 842 833 898 Διόμηδες,
866 840 950 885 απὸ
983 846 1174 896 στρατοῦ
1204 842 1368 898 ἔρχεται
1400 839 1529 897 ἀνὴρ,

190 899 274 943 οὐκ
306 899 411 953 οἷδ’,

445 901 470 956 ἢ
500 900 676 956 νήεσσιν
706 900 942 949 ἐπίσκοπος
971 898 1247 955 ημετέρῃσιν,

183 956 212 1011 ἤ
241 974 340 1000 τινα
371 958 570 1014 συλήσων
601 956 774 1001 νεκύων
804 956 1190 1012 κατατεθνηώτων.

155 1012 285 1056 *ἀλλ’
308 1015 454 1084 ἐῶμέν
483 1031 559 1070 μιν
588 1018 741 1068 πρῶτα
771 1016 1056 1066 παρεξελθεῖν
1085 1014 1255 1056 πεδίοιο

69 1074 153 1116 345
183 1070 371 1123 τυτθὸν,
403 1072 548 1114 ε’πειτα
579 1073 626 1114 δέ
656 1070 699 1113 κ’
730 1069 869 1114 αὐτὸν
899 1070 1151 1121 ἐπαίξαντες
1181 1069 1358 1124 ἕλοιμεν

148 1107 485 1183 *καρπαλίμως
522 1130 558 1172 εί
591 1126 636 1171 δ’
669 1128 782 1183 ἄμμε
813 1129 1129 1183 παραφθαίησι
1159 1126 1383 1178 πόδεσσιν,

154 1238 157 1241 ι
183 1186 266 1227 αἰεί
295 1202 370 1240 μιν
399 1185 499 1228 ποτὶ
528 1189 651 1255 νῆας
671 1184 756 1227 από
789 1185 1006 1238 στρατόφι
1034 1188 1309 1263 προτιειλεῖν,

181 1241 292 1312 ἔγχει
323 1242 562 1291 ἐπαΐσσων,
593 1240 745 1297 μήπως
775 1243 905 1295 προτὶ
935 1241 1045 1285 α’στυ
1076 1240 1260 1297 ἀλύξῃς(

251 1297 336 1349 “Ως
365 1298 450 1354 οίρα
481 1298 750 1370 φωνήσαντε
768 1299 903 1353 παρὲξ
934 1298 1044 1342 ὁδοῦ
1070 1298 1118 1341 ἐν
1146 1296 1379 1341 νεκύεσσιν

69 1359 153 1400 350
182 1354 444 1414 κλινθήτην·
476 1356 500 1400 ὁ
533 1355 575 1400 δ’
608 1355 685 1411 ἄρ’
715 1357 809 1400 ὦκα
839 1356 1122 1412 παρέδραμεν
1149 1354 1436 1412 ἀφραδίῃσιν

57 1484 178 1518 332-
189 1484 269 1518 335.
320 1479 382 1526 ὄρ.
410 1482 472 1526 (ν’,
492 1484 574 1524 351,
601 1483 645 1526 θ’,
659 1484 729 1517 572
740 1483 825 1526 etc.)

11 1529 236 1574 προέτρεψε,
261 1528 498 1573 παρώρμησε.
523 1530 606 1564 Sch.
643 1549 687 1554 —
722 1532 824 1564 πολ.

12 1576 262 1630 Aristophanes
285 1588 340 1621 ap.
367 1576 484 1610 schol.
510 1577 558 1610 Α.
591 1575 826 1619 τεφρώδους,

12 1623 186 1662 cinericii,
218 1624 316 1664 ravi,
349 1623 407 1666 qui
441 1627 495 1656 est
529 1622 622 1656 color
654 1623 826 1666 luporum.

11 1687 57 1694 —
81 1647 304 1712 κτιδέην,
338 1669 465 1702 factam
498 1680 518 1702 e
542 1670 634 1712 pelle
658 1669 826 1708 animalis,

12 1718 104 1760 quod
128 1719 274 1749 vocatur
296 1715 373 1755 κτὶς
405 1715 480 1748 sive
505 1716 609 1755 ἰκτίς.
666 1715 711 1748 cf.
744 1715 826 1749 458.

14 1761 156 1819 Aristot.
180 1761 227 1795 H.
253 1764 291 1795 A.
317 1763 359 1802 9,
392 1763 424 1796 7.
453 1766 564 1798 extra:
599 1761 620 1806 ἡ
657 1759 697 1795 68
730 1761 824 1801 ἰκτίς

12 1806 88 1843 ἐστι
111 1806 178 1851 μὲν
201 1807 243 1842 τὸ
277 1808 434 1852 μέγεθος
466 1805 593 1864 ἡλίκον
617 1810 824 1843 Μελιταῖον

0 1856 182 1914 Ῑκυνίδιον
206 1855 282 1888 τῶν
307 1856 470 1898 μικρῶν,
503 1853 573 1899 τὴν
598 1854 638 1889 68
663 1855 824 1910 δασύτη-

0 1895 60 1936 ἷτα
83 1901 145 1936 καὶ
169 1899 238 1944 τὴν
264 1901 355 1942 ὄψιν
379 1915 411 1936 κ.
436 1900 476 1935 τὸ
500 1899 632 1936 λευκὸν
663 1899 706 1936 τὸ
729 1898 825 1936 ὑπο-

0 1945 114 1983 ’κάτω
138 1961 170 1982 κ.
194 1949 264 1982 τοῦ
287 1946 411 1994 ἤθους
432 1961 499 1982 τνν
523 1950 750 1991 κακουργίαν
784 1943 826 1981 ὅ-

12 2008 124 2039 μοιον
156 1996 261 2051 γαλῇ.
303 2009 334 2029 κ.
360 1993 544 2029 τιθασσὸν
568 1996 709 2039 γίνεται
734 1992 826 2038 σφό-

13 2043 96 2085 δρα.
144 2040 189 2076 τοὶ
218 2041 257 2076 δὲ
282 2040 401 2098 σμήνη
424 2042 732 2085 κακουργεῖ·τῷ
752 2053 824 2085 γαρ

14 2088 134 2144 μέλιτι
164 2090 296 2132 χαίρει.

13 2131 137 2178 ὥσπερ
163 2135 200 2169 οἱ
223 2134 395 2179 αἴλουροι
418 2138 484 2168 etc.

13 2181 69 2217 4.·
103 2182 328 2216 mustelarum
364 2183 433 2215 ἀπο
468 2193 625 2226 genera,·
676 2183 827 2215 alterum

13 2229 192 2269 silvestre,
235 2229 370 2262 distans
400 2229 668 2271 magnitudine,
700 2228 827 2261 Graeci

13 2279 137 2309 vocant
157 2275 295 2309 ictidas.
328 2275 393 2307 hoc
417 2274 541 2308 animal
566 2274 743 2319 plerisque
764 2275 826 2307 ho-

14 2320 71 2354 die
96 2321 236 2355 videtur
254 2332 334 2354 esse
357 2322 508 2354 mustela
529 2322 687 2364 putorius
712 2320 812 2353 Linn.
804 2345 826 2361 .‚

13 2368 77 2400 der
98 2368 200 2407 mis,-
231 2368 383 2400 nonnulli
408 2367 686 2411 interpretantur
711 2368 826 2400 viver-

14 2424 104 2454 ram,
128 2415 309 2447 mustelam
326 2416 486 2456 furonem
504 2413 618 2454 Linn.,
638 2414 702 2446 das
717 2414 828 2453 Frett,

15 2459 76 2493 sed
101 2460 249 2494 Buffono
274 2461 380 2494 Camo
412 2459 558 2504 aliisque
591 2458 827 2493 dissentienti-

16 2505 91 2541 bus.
127 2506 301 2550 peculiare
327 2506 498 2551 quoddam
523 2517 631 2550 genus
656 2506 827 2546 viverrae,

16 2551 108 2597 quod
135 2552 239 2586 Sardi
263 2558 390 2586 vocant
414 2553 626 2593 boccamele,
658 2552 743 2585 ictin
774 2551 828 2584 in-

15 2597 146 2642 telligit.
181 2598 276 2632 Cetti
308 2599 399 2632 Hist.
434 2604 505 2632 nat.
537 2599 670 2632 insulae
703 2598 827 2631 Sardi-

16 2643 105 2679 niae.
152 2645 207 2679 cf.
223 2644 258 2679 H
283 2651 317 2678 et
341 2645 446 2680 Schn.
474 2656 549 2678 cum
584 2644 693 2678 lexico
720 2646 754 2678 h.
777 2656 827 2686 v.,

16 2695 87 2725 tum
109 2688 145 2723 in
169 2691 343 2725 annotatis
368 2691 412 2726 ad
436 2692 459 2726 l.
487 2703 516 2725 c.
542 2690 764 2732 Aristotelis,
791 2702 826 2735 p

15 2734 60 2770 48
85 2746 182 2780 seqq.

61 2803 141 2838 339.
190 2815 224 2837 v.
251 2804 429 2850 Kiippeuii
452 2817 530 2839 ann.
558 2804 601 2839 ad
625 2802 705 2840 476.

61 2871 130 2906 342
149 2891 193 2898 —
216 2871 296 2926 345.
355 2871 635 2912 ἐπίσκοπος.
674 2874 730 2908 38
779 2891 826 2897 -·

13 2914 161 2961 ἐῶμεν
198 2918 227 2951 si
264 2919 444 2963 genuinum
476 2925 550 2961 est,
595 2916 825 2974 δισυλλαβως

13 2964 300 3008 pronuntiandum
325 2971 379 2998 est
400 2966 500 3000 metri
519 2965 654 3025 gratim
679 2966 741 2999 sed
761 2979 823 3000 ve-

13 3021 93 3044 reor
116 3023 160 3046 ne
183 3014 290 3057 poeta
313 3011 441 3047 dixerit
460 3010 541 3048 ἀλλ’
568 3014 700 3060 εἰωμεν
720 3014 822 3059 πρῶ-

356 2087 431 2125 ἐστι
467 2088 507 2123 68
548 2079 825 2132 ὀρνιθοφοὲγον,

527 2135 616 2168 Plin.
640 2135 687 2170 H.
704 2135 752 2170 N.
767 2135 826 2174 29,

869 1495 916 1517 τα
939 1495 979 1517 π.
1005 1495 1063 1524 π.,
1088 1489 1127 1516 ut
1153 1482 1222 1515 od
1249 1480 1301 1526 φ’,
1320 1483 1408 1516 260.
1457 1480 1507 1514 cf.
1532 1477 1579 1525 β’,
1607 1479 1689 1519 132,

871 1528 915 1568 κ’
941 1528 1009 1565 549
1034 1533 1100 1564 etc.
1136 1529 1200 1573 μὲν
1233 1529 1290 1562 vel
1315 1533 1430 1562 ortum
1455 1532 1510 1562 est
1533 1537 1576 1559 ex
1599 1536 1690 1569 -μεν

872 1576 1026 1621 syllaba
1052 1586 1141 1620 quae
1166 1574 1363 1616 antecedit,
1389 1574 1445 1608 vel
1470 1572 1626 1606 additum
1644 1571 1689 1605 ab

873 1636 932 1665 eo,
959 1622 1016 1666 qui
1043 1622 1207 1662 nesciret,
1234 1633 1423 1666 pronomen
1447 1618 1596 1662 intelligi
1617 1630 1689 1652 mo-

873 1682 911 1703 re
945 1668 1151 1708 Homerico,
1183 1667 1288 1713 idque
1321 1680 1361 1701 eo
1395 1666 1554 1707 facilius,
1596 1664 1687 1709 quod

875 1714 1029 1760 proximo
1070 1726 1175 1748 versu
1221 1713 1377 1758 sequitur
1421 1710 1549 1748 αυτόν.
1611 1710 1690 1745 fieri

871 1761 974 1795 etiam
1002 1764 1135 1804 potest,
1171 1764 1211 1793 ut
1242 1760 1334 1794 forte
1367 1759 1532 1805 scriptum
1557 1757 1688 1801 ἐῶμεν,

870 1819 945 1842 cum
970 1805 1199 1850 κακόμετρον
1231 1817 1308 1841 esse
1338 1806 1538 1846 videretur,
1571 1815 1688 1839 ansam

870 1854 1103 1898 interpolandi
1140 1854 1242 1897 hujus
1285 1852 1353 1886 loci
1394 1852 1607 1898 praebuerit.
1642 1870 1689 1875 -—

869 1899 1066 1936 τυτθόν.
1106 1900 1211 1933 Sch.:
1238 1897 1384 1943 μικρόν.
1418 1900 1555 1942 κυρίως
1588 1895 1630 1933 68
1662 1894 1688 1940 ἦ

871 1947 965 1990 λέξις
987 1949 1135 1982 τίθεται
1165 1945 1226 1981 ἐπὶ
1258 1947 1333 1980 ταῖν
1366 1947 1538 1992 βρεφῶν,
1569 1944 1689 1980 οἱονεὶ

871 1996 1031 2029 τίτθιον.
1048 1994 1104 2036 (2)
1143 1993 1335 2037 Aeschylus
1360 1996 1423 2037 Ag
1452 1993 1575 2029 1483·
1600 2005 1688 2027 τυτ-

871 2039 948 2075 θὸν
973 2037 1056 2075 ὅντ’
1082 2038 1121 2074 ἐν
1145 2038 1385 2083 σπαργάνοις
1423 2040 1484 2073 sed
1511 2038 1689 2073 Hesiodus

873 2088 917 2121 Ο.
941 2092 977 2120 et
995 2087 1038 2120 D.
1056 2087 1136 2120 469.
1167 2084 1315 2122 τυτθὸν
1339 2084 1468 2131 δμωόν
1492 2085 1593 2121 dixit.
1639 2086 1686 2119 cf.

873 2148 920 2175 α,
943 2134 1014 2169 354
1038 2138 1105 2166 etc.

917 2203 998 2239 346.
1048 2214 1150 2243 παρ.
1182 2200 1233 2234 sic
1256 2200 1338 2234 libri
1362 2205 1473 2243 vett.‚
1499 2200 1534 2234 in
1562 2199 1686 2245 quibus

874 2249 949 2282 Ald.
966 2251 1022 2289 3.,
1048 2249 1158 2281 forma
1182 2247 1353 2281 inaudita.
1402 2247 1525 2292 vulgo:
1561 2260 1687 2289 παρα-

874 2297 1051 2352 φθαίῃσι.
1101 2305 1276 2339 ponamus,
1303 2293 1394 2338 quod
1413 2293 1524 2327 suasit
1547 2294 1594 2334 H,
1613 2307 1687 2328 πα-

872 2341 1091 2387 ραφθήῃσι,
1127 2341 1408 2384 quemadmodum
1446 2341 1600 2373 Venetus
1627 2352 1687 2374 co-

873 2389 940 2423 dex
967 2389 1071 2423 habet
1104 2386 1235 2431 φθήῃ,
1269 2388 1302 2420 h.
1335 2399 1364 2420 e.
1392 2388 1498 2432 φθῆ,
1532 2386 1582 2429 π’,
1605 2389 1686 2423 861

874 2437 919 2469 cf.
946 2436 980 2469 H
1006 2436 1051 2469 ad
1077 2446 1116 2474 ε,
1140 2435 1220 2469 598.
1262 2433 1365 2467 Sch.:
1389 2435 1685 2479 παραφθαί-

873 2494 962 2528 ῃσι.
998 2460 1262 2524 παραδράμοι,
1285 2477 1433 2526 φθάσω
1459 2481 1505 2526 τῇ
1528 2481 1687 2527 ταχυτῆ-

873 2543 908 2564 τι
932 2542 1009 2563 των
1032 2527 1173 2564 ποδῶν.

919 2585 998 2622 347.
1054 2586 1369 2627 προτιειλεῖν.
1434 2582 1686 2627 συνελαυνειν,

874 2630 1104 2668 σννδιωκειν.
1116 2631 1198 2664 Sch.
1224 2631 1390 2674 Hesyach
1405 2629 1590 2676 ἐγκλίνειν.
1603 2643 1685 2677 pro-

873 2679 949 2725 prie
970 2684 1023 2713 est
1044 2679 1240 2712 advolvere.
1267 2676 1324 2709 Ex
1344 2678 1390 2710 H.

918 2736 1001 2770 349.
1049 2732 1338 2780 φωνήσαντε
1361 2734 1469 2777 dixit,
1507 2747 1574 2769 non
1607 2748 1684 2779 φω-

871 2779 1004 2825 νήσας,
1044 2781 1204 2828 quoniam
1248 2781 1469 2825 respondisse
1501 2782 1685 2816 Diomedes

873 2828 1047 2872 putandus
1072 2833 1146 2867 est,
1179 2838 1217 2861 se
1248 2826 1299 2860 ita
1332 2827 1514 2860 facturum.
1563 2828 1684 2861 simili-

870 2881 946 2915 ·,ter
972 2880 1114 2908 notante
1136 2853 1208 2913 H,
1237 2871 1288 2915 φ’,
1314 2874 1395 2908 287.
1434 2874 1527 2907 solus
1546 2874 1684 2918 Neptu-

870 2932 934 2953 nus
958 2921 1066 2954 verba
1090 2919 1176 2954 facit
1200 2930 1314 2952 coram
1334 2919 1498 2960 Pallade;
1523 2920 1683 2977 sequitur

869 2972 983 3000 tamen
1007 2967 1109 3001 298.·
1136 2963 1186 2999 τώ
1211 2964 1280 3008 μὲν
1303 2979 1351 3011 αρ
1371 2962 1422 3008 (ὃς
1441 2965 1585 3002 εἰπόντε
1605 2964 1682 3011 μετ’

868 3010 1090 3054 αθανοὶτονς
1112 3010 1316 3058 ἀπεβήτην.
