1811 3269
84 168 164 208 180

141 338 220 378 130

139 620 218 660 135

136 902 215 945 140

719 166 1116 208 ΟΜΗΡΟΥ

252 272 388 332 ἀγχοῦ
418 274 464 319 6'
492 275 708 348 ἱσταμένη
729 275 929 348 προσέφη
958 275 1097 328 πόδας
1128 276 1242 320 ὠκέα
1267 280 1389 351 Ιρις·

336 331 502 387 ,,Δεῦρ’
534 334 623 384 ἰ’θι,
653 331 808 388 νύμφα
837 335 964 405 φίλη,
994 334 1066 376 ἱνα
1095 334 1279 378 θέσκελα
1309 335 1413 390 ἔργα
1442 335 1563 392 ἰ’δηαι

255 389 419 443 Τρώων
449 388 499 431 θ’
512 389 794 460 ἱπποδάμων
821 390 893 434 καὶ
922 389 1103 445 Ἀχαιῶν
1131 394 1474 447 χαλκοχιτώνων,

251 450 294 489 οἳ
322 447 426 500 πρὶν
455 443 522 489 ἐπ’
557 444 780 503 ἀλλήλοισι
810 446 949 517 φέρον
978 446 1264 500 πολύδακρυν
1295 448 1409 505 ἄρηα

251 503 297 546 έν
326 504 482 560 πεδίῳ,
514 502 663 546 ὀλοοῖο
693 503 962 558 λιλαιόμενοι
990 503 1226 558 πολέμοιο·

250 561 293 630 οἱ
323 559 374 614 δὴ
410 563 493 602 νῦν
524 559 645 604 ἕαται
674 566 773 618 σιγῇ
805 560 1011 632 (πόλεμρς
1042 560 1087 603 δὲ
1116 560 1364 616 πέπαυται),

250 615 398 659 ἀσπίσι
428 617 696 672 κεκλιμένοι,
724 617 844 671 παρὰ
875 615 918 660 δ’
955 617 1077 671 ἔγχεα
1107 617 1254 672 μακρά
1283 618 1483 674 πέπηγεν

249 672 387 727 αὐτὰρ
413 672 693 729 Ἀλέξανδρος
723 675 796 718 καὶ
823 673 1074 745 Ἀρηῖφιλος
1105 675 1333 724 Μενέλαος

247 734 420 786 μακρῇς
448 731 631 787 ἐγχείῃσι
658 731 930 787 μαχησονται
960 730 1058 783 περὶ
1094 735 1204 773 σεῖο’

248 791 309 844 τῷ
340 789 386 830 65
418 803 465 830 κε
493 790 722 858 νικήσαντι
753 790 856 844 φίλη
885 785 1073 844 κεκλήση
1105 786 1312 837 ἄκοιτις*ι

315 842 398 894 “ιΩς
429 846 612 889 εἰποῦσα
642 844 724 888 θεα
751 845 919 916 γλυκὺν
949 845 1102 914 ἵμερον
1134 844 1290 914 ἔμβαλε
1322 846 1453 901 θυμῷ

249 898 410 973 ἀνδρός
440 918 483 944 τε
514 901 745 955 προτέροιο
776 901 848 946 καὶ
878 900 1030 951 οέστεος
1059 899 1135 971 η’δὲ
1165 917 1350 956 τοκηων.

247 954 404 1000 αὐτίκα
437 956 478 1002 6'
514 958 749 1028 α’ργεννησι
778 959 1064 1029 καλυψαμένη
1095 955 1313 1028 ὅθόνησιν

246 1013 416 1088 ωρμᾶτ’
448 1015 493 1058 έκ
524 1014 771 1070 θαλάιιοιο,
793 1016 927 1087 τέρεν
953 1015 1062 1057 κατὰ
1093 1014 1231 1068 δάκρυ
1261 1013 1445 1070 χέουσα·

246 1070 328 1114 οὐκ
360 1072 449 1127 οἴη,
481 1071 571 1127 ἅμα
599 1089 702 1129 τηγε
736 1073 806 1116 καὶ
839 1071 1082 1141 ἀμφίπολοι
1114 1070 1185 1114 δύ’
1219 1071 1390 1122 ἓποντο,

247 1129 414 1184 Αἴθρη,
450 1132 649 1187 Πιτθῆος
679 1129 899 1185 θυγάτηρ,
932 1127 1138 1184 Κλυμένη
1169 1144 1212 1171 τε
1243 1132 1421 1184 βοῶπις.

122 1253 199 1288 130.
245 1251 411 1307 νύμφα
437 1255 572 1310 φίλη,
608 1260 645 1289 ut
682 1255 810 1300 Odyss.
837 1254 882 1296 6¹,

72 1297 151 1334 743.
201 1297 374 1344 νύμφα.
419 1299 541 1345 γύναι.
579 1313 612 1336 v,
647 1302 752 1335 Schn.
778 1303 810 1335 h.
836 1314 883 1343 v.‚

73 1345 106 1378 H
131 1345 175 1379 ad
200 1345 393 1388 Tibull.3‚
421 1350 452 1388 1,
483 1349 539 1383 21.
587 1348 690 1382 Sch.:
716 1347 884 1383 θέσκε-

72 1394 134 1427 λα.
182 1394 294 1434 θεῖα,
316 1392 531 1449 θαυμαστά.

119 1437 206 1482 133,
231 1440 263 1472 4.
314 1435 376 1474 σ’λ.
413 1437 602 1488 ὀλεθρίου.
640 1442 724 1475 λιλ.
751 1438 884 1475 ἐπιθυ-

72 1484 239 1528 μοῦντες.
288 1482 437 1522 ἕαται.
463 1488 516 1533 (p.
543 1483 683 1531 ἧνται.)
707 1486 885 1529 καθέζον-

72 1543 143 1565 ται.
169 1531 252 1564 Sch.
286 1529 383 1566 πόλ.
410 1531 459 1567 65
483 1533 585 1568 πέπ.
611 1533 754 1578 simplex
773 1534 883 1568 oratio

70 1576 163 1610 illius
181 1576 269 1611 aevi.
293 1579 466 1612 recentior
486 1579 632 1613 dixisset
644 1579 806 1624 πολέμου
823 1593 883 1615 πε,

71 1622 274 1666 παυμένου.
301 1623 356 1657 W.

121 1655 196 1706 135
249 1667 348 1704 ἇσπ.
375 1683 405 1704 κ
440 1670 561 1714 (11.0.
598 1672 650 1712 εἰς
685 1670 880 1716 ἀσπίδας.)

71 1718 154 1756 ταῖς
186 1712 334 1750 ἀσπίσιν
374 1715 605 1760 ἐπικείμειοι.
672 1718 799 1760 παρα
836 1736 880 1743 -

70 1761 256 1820 πέπηγε.
312 1776 458 1807 παραπε
453 1762 552 1808 ’πηγε
595 1762 634 1799 65
666 1764 818 1806 αὐτοῖς,
861 1762 881 1799 ο’

69 1807 145 1844 ἔστι
168 1807 388 1852 παράκειται
412 1810 485 1853 (2),
511 1809 557 1844 τοὶ
584 1824 707 1856 μακρα
727 1813 880 1854 δόρατα.

69 1855 174 1897 (male
207 1855 324 1889 hastas
358 1855 449 1890 humi
481 1857 656 1901 projectas
690 1858 798 1891 fuisse
833 1857 882 1892 ait

68 1901 185 1934 Schol.
198 1926 208 1943 ‚
234 1910 345 1946 quae,
370 1904 583 1946 σαυρωτῆρι
601 1903 783 1945 immissae,
808 1909 881 1938 ter-

67 1958 109 1981 ra
133 1947 393 1991 defigebantur,
429 1948 489 1982 ubi
523 1949 617 1982 miles
642 1951 801 1983 cessabat
825 1961 881 1983 31·-

68 1993 140 2027 mis.
175 1994 220 2034 κ’,
249 1994 347 2029 1523
374 1993 477 2039 ἔγχεα
503 1994 543 2030 δέ
571 2007 660 2039 σφιν
674 1995 744 2040 ’Όρ
749 1994 795 2029 θ’
822 1995 881 2031 ἐπὶ

69 2041 307 2084 σαυρωτῆρος
331 2038 496 2085 ἐλήλατο.
539 2042 583 2075 cf.
608 2042 722 2076 Feith.
747 2055 782 2088 p.
801 2042 880 2078 472

67 2090 103 2120 et
127 2097 204 2119 ann.
232 2086 275 2120 ad
303 2087 398 2131 114.)
425 2088 508 2122 Sch.

117 2133 194 2168 137.
241 2135 426 2180 μακρῇς
450 2133 539 2177 ἐγχ.
575 2132 841 2179 δολιχόσκιον”
823 2147 878 2178 εγ-

66 2191 130 2223 χος
153 2176 234 2214 346.
259 2186 295 2212 et
319 2171 403 2214 alias
429 2180 512 2213 dicit
536 2181 655 2214 eodem
675 2191 789 2214 sensu.
824 2186 878 2214 est

67 2225 155 2259 enim
177 2225 431 2269 intelligendum
459 2228 630 2260 hastarum
655 2238 763 2272 genus
797 2226 875 2260 mis-

66 2271 153 2312 sile;
178 2283 244 2305 non
267 2271 375 2313 illud,
413 2285 479 2318 quo
504 2273 653 2307 cominus
678 2273 875 2308 utebantur.

67 2329 99 2350 v.
124 2317 146 2350 l.
172 2329 201 2350 c.
212 2315 294 2362 ,β’,
321 2320 406 2360 131,
432 2318 510 2353 543.

113 2364 193 2398 138.
240 2345 454 2411 κεκλήέη.
487 2363 668 2410 κληθήσῃ.
691 2365 775 2398 Sch.
809 2364 876 2398 fut.

66 2420 160 2453 pass.
187 2420 260 2444 cum
285 2411 567 2468 reduplicatione.
616 2411 654 2446 κὲ
680 2410 766 2444 illud
785 2406 878 2445 ὐπο-

66 2454 218 2490 θετικόν
242 2460 317 2497 est,
349 2463 387 2491 ut
412 2455 458 2498 α’,
486 2459 563 2493 175.
590 2457 633 2490 U.
667 2457 710 2490 de
742 2458 809 2490 fut.
843 2458 877 2491 3.

67 2512 160 2546 pass
184 2513 217 2537 v,
242 2502 371 2536 Matth.
395 2506 427 2546 §.
449 2483 533 2539 498.
563 2509 596 2537 et
625 2503 683 2548 qui
705 2505 801 2544 forte
824 2504 877 2536 υἰ-

67 2548 172 2589 ecrit,
204 2548 236 2581 ei
251 2553 289 2581 tu
310 2551 490 2593 appellata
502 2550 615 2594 fueris
633 2550 764 2592 conjux.

113 2604 192 2640 141.
240 2602 337 2650 ἄργ.
370 2609 527 2647 λευκαῖς,
547 2609 742 2649 λαμπραῖς.
761 2607 874 2650 (καλ.

66 2662 143 2685 cum
170 2662 206 2684 se
234 2652 310 2695 ipsa
340 2654 586 2697 cooperuisset,
620 2652 875 2697 significatione

65 2697 210 2751 propria
234 2696 345 2730 medii.
378 2710 410 2730 v.
437 2700 490 2732 Ci.
515 2706 550 2732 et
571 2711 658 2743 quae
675 2710 873 2732 commemo-

65 2744 159 2778 ravit
181 2742 257 2776 1οο3
280 2743 425 2784 similia
447 2744 500 2785 θ’,
526 2747 612 2786 199,
639 2743 681 2787 ξ’,
711 2745 793 2784 184,
822 2745 873 2778 0-

66 2789 159 2847 dyss.
184 2786 224 2831 5¹,
249 2787 328 2824 491.
354 2791 443 2834 etc.)
482 2770 554 2827 0³3.
583 2789 754 2831 ὀθόναις.
780 2789 872 2834 λέγει

66 2836 108 2870 65
131 2833 325 2892 υφοὲσμασι
341 2838 466 2878 λινοῖς.
492 2837 561 2880 (5ἱο
577 2837 798 2882 interpretari
817 2848 874 2870 so-

66 2881 140 2916 lent
160 2880 228 2926 τὴν
249 2880 419 2927 ὀθόνην,
445 2888 480 2917 et
506 2883 610 2917 linteo
642 2884 779 2928 quidem
803 2894 874 2916 ma—

67 2927 121 2971 gis
145 2939 244 2973 quam
278 2928 375 2962 laneo
408 2929 485 2963 velo
518 2930 703 2964 convenire
735 2930 874 2963 videtur

65 2973 171 3015 illud,
196 2975 288 3018 quod
311 2974 439 3032 legitur
462 2975 591 3032 Odyss.
616 2973 662 3018 η’,
680 2977 772 3017 107,
795 2988 875 3010 και-

67 3018 206 3064 ροσέων
237 3019 278 3056 δ’
313 3019 482 3057 ὀθονέων
503 3019 738 3068 ἀπολείβεται
760 3019 875 3068 ὑγρὸν

931 1253 1068 1294 ἔλαιον,
1095 1253 1193 1287 1110ᾶο
1219 1258 1312 1287 certo
1338 1253 1498 1287 sciremus
1513 1261 1648 1285 sensum
1661 1263 1742 1286 ver-

930 1300 965 1333 bi
997 1299 1209 1343 καιροσέων.
1265 1304 1301 1332 at
1333 1299 1455 1332 Pollux
1479 1300 1522 1339 7,
1556 1297 1636 1342 54„
1671 1309 1741 1342 quo

930 1346 1005 1379 loco
1031 1347 1115 1380 haec
1140 1345 1288 1385 recitat,
1324 1345 1454 1379 laneam
1486 1348 1615 1378 vestem
1638 1343 1741 1378 intel-

930 1393 1101 1437 ligendam
1141 1403 1215 1426 esse
1249 1391 1436 1425 contendit.
1494 1390 1741 1435 „gossypinam

932 1442 1050 1482 puta‚‘
1042 1442 1066 1457 ‘⁶
1089 1438 1198 1483 inquit
1224 1438 1267 1471 H.
1278 1449 1288 1478 3
1322 1438 1497 1480 „fortasse
1524 1449 1567 1470 ex
1591 1448 1655 1470 usu
1680 1448 1742 1470 an-

931 1484 1120 1528 tiquioref‘
1157 1489 1307 1518 ceterum
1332 1484 1447 1518 Feith.
1472 1496 1505 1529 p.
1519 1484 1617 1519 326.3
1644 1483 1741 1524 „tale

932 1530 1014 1575 quid
1051 1530 1182 1575 (quale
1207 1529 1442 1574 κρήδεμνον)
1478 1529 1579 1563 etiam
1606 1527 1741 1574 ὀθόνη,

931 1577 1095 1617 linteum,
1128 1576 1215 1618 fuit,
1248 1588 1316 1620 quo
1341 1577 1457 1610 velata
1480 1576 1615 1610 Helena
1638 1587 1741 1620 egre-

931 1622 1103 1659 diturvad
1144 1622 1326 1656 videndum
1371 1622 1536 1666 proelium
1572 1622 1671 1658 Iliad.
1704 1623 1739 1658 3.

929 1680 999 1702 11105
1024 1669 1080 1701 hic
1107 1669 1270 1712 gentibus
1300 1669 1392 1702 illius
1417 1673 1546 1702 tractus
1567 1669 1637 1712 jam
1659 1667 1741 1702 inde

929 1715 971 1749 ab
996 1714 1241 1759 antiquissimis
1266 1715 1495 1760 temporibus,
1530 1720 1569 1748 ut
1601 1714 1740 1749 nonnisi

929 1761 1065 1794 velatae
1097 1761 1344 1804 egrederentur
1378 1774 1418 1794 ac
1453 1760 1632 1816 prodirent
1666 1772 1741 1795 mu-

928 1807 1068 1841 lieresf‘
1111 1808 1153 1840 cf.
1182 1808 1271 1848 419,
1305 1807 1379 1852 Οό)
1378 1819 1433 1842 5.5
1459 1805 1508 1848 α’,
1530 1808 1620 1848 331,
1645 1807 1741 1842 Hase

928 1852 1005 1887 l.c.
1031 1865 1065 1898 p.
1088 1852 1133 1888 64
1154 1853 1240 1896 etc.)
1261 1833 1347 1886 ²'Scin

976 1909 1055 1944 144.
1097 1909 1262 1952 Αἴθρη,
1287 1911 1522 1968 Πιτθῆος.
1549 1909 1653 1972 ξτέρα
1671 1911 1740 1955 τῆς

934 1955 1080 2000 Θησέως
1111 1955 1251 2000 μητρός
1280 1955 1378 1992 ἐστιν
1414 1955 1510 2002 αὕτη
1542 1954 1565 2001 ἡ
1590 1957 1735 2014 Αἴθρα·

929 2001 1081 2046 αἰσχρόν
1103 2002 1172 2046 γὰρ
1200 2002 1375 2061 ὑπάρχει,
1401 2005 1635 2060 θεραπαίνης
1653 2002 1738 2048 τρό-

927 2062 983 2094 πῳ
1016 2047 1242 2084 ακολουθεῐν
1272 2051 1316 2096 τῇ
1335 2048 1463 2096 Ελένῃ
1487 2050 1555 2095 τήν
1579 2051 1737 2096 Αἴθραν,

926 2093 1060 2139 εκυροὶν
1086 2098 1339 2139 νομισθεῖσαν.
1368 2087 1467 2140 (quia
1484 2097 1556 2130 scil
1574 2098 1737 2132 Theseus
1802 2107 1805 2118 ·

925 2141 1089 2175 Helenam
1134 2142 1250 2186 rapuit
1287 2143 1479 2186 juvencam.
1534 2143 1565 2176 E
1599 2154 1737 2189 quoque

925 2189 1012 2224 hanc
1050 2188 1208 2221 Aethram
1245 2193 1280 2222 et
1312 2188 1487 2221 Pittheum
1526 2194 1628 2233 putat
1659 2201 1739 2226 esse

924 2231 1150 2290 ὁμωνύμους
1172 2237 1251 2274 τοῖς
1279 2231 1459 2289 εὖγενέσιν
1477 2231 1736 2288 Ελληνικοῒς.)

923 2279 1087 2324 (ἄλλως.)
1122 2293 1172 2321 ως
1195 2279 1264 2325 γὰρ
1290 2281 1431 2324 ἱστορεῖ
1449 2276 1657 2324 Ελλάνικος
1679 2283 1735 2328 (v.

923 2327 1042 2360 Sturz.
1076 2326 1244 2360 Hellanici
1276 2328 1399 2383 fragm.
1431 2328 1608 2371 p-115.)‚
1641 2331 1735 2364 Πει-

925 2374 1060 2417 ρίθονς
1084 2374 1145 2407 καὶ
1174 2373 1335 2416 Θησεύς,
1363 2371 1381 2407 ὁ
1407 2386 1475 2416 μεν
1499 2373 1614 2418 Διὸς,
1645 2372 1666 2410 6
1692 2374 1735 2411 δε

925 2420 1182 2460 Ποσειδωνος,
1216 2422 1415 2455 συνέθεντο
1449 2422 1613 2465 γαμῆσαι
1641 2421 1734 2464 Διὸς

923 2466 1149 2510 θυγατέρας,
1186 2478 1249 2500 και
1283 2463 1518 2509 ἁρπάσαντες
1540 2467 1609 2512 τήν
1632 2465 1734 2503 Ελέ-
1796 2490 1797 2494 =

925 2526 994 2557 νην
1017 2514 1154 2557 κομιδῆ
1186 2511 1273 2546 νέαν
1305 2515 1495 2557 παρατίεθ
1496 2527 1579 2549 νται
1603 2514 1656 2555 εἰς
1671 2512 1734 2550 ’'A-
1795 2514 1798 2541 ἕ

925 2560 1074 2602 φυδναν
1106 2560 1171 2603 τῆς
1200 2558 1357 2604 Ἀττικῆς
1390 2559 1531 2618 Αἴθρῃ,
1562 2560 1610 2604 τῇ
1639 2563 1732 2596 Πιτ-

924 2606 1022 2646 θέως
1045 2618 1113 2650 μεν
1141 2606 1325 2659 θυγατρὶ,
1357 2606 1468 2663 μητρὶ
1500 2604 1541 2641 δὲ
1568 2605 1731 2651 Θησέως.

922 2650 1041 2692 ου’τως
1065 2653 1117 2692 εἰς
1141 2648 1236 2695 ᾅδου
1261 2657 1551 2710 παραγίγνονται
1578 2652 1639 2689 ἐπὶ
1662 2652 1732 2697 τὴν
1792 2665 1811 2689 :¹

921 2699 1172 2742 Περσεφόνην.
1222 2698 1259 2734 οἱ
1283 2697 1323 2733 δε
1348 2697 1574 2755 Διόσκνροι,
1600 2698 1667 2757 μή
1681 2698 1729 2736 οἶ-
1790 2703 1793 2746 j

920 2744 1219 2802 πολαμβοὶνοντες
1248 2745 1317 2789 τήν
1348 2742 1533 2790 αδελφήν,
1565 2745 1634 2791 τήν
1654 2743 1730 2782 Ἀτ-

918 2791 1024 2835 τικήν
1048 2790 1244 2835 σύμπασαν
1267 2792 1499 2835 πορθοῦσιν,
1522 2793 1670 2835 Αἴθραν
1688 2791 1730 2829 δε

920 2839 1240 2884 αἰχμαλωτίζουσι.
1263 2838 1344 2872 Sch.
1394 2838 1563 2884 a6scripsi
1597 2837 1727 2881 ἄλλως,

922 2885 1082 2930 quoniam
1117 2889 1282 2929 apparet,
1316 2885 1401 2918 haec
1431 2896 1497 2919 non
1531 2887 1574 2920 ab
1608 2885 1726 2920 eodem
1788 2890 1790 2930 f

1402 2931 1519 2965 fabula
1553 2933 1640 2966 haec
1663 2931 1728 2966 de-
1786 2937 1790 2958 ²

921 2982 1061 3013 cantata
1084 2976 1149 3010 fuit
1172 2976 1208 3010 in
1230 2976 1443 3021 tragoediis,
1477 2977 1619 3031 quippe
1637 2988 1728 3022 quae
1785 2978 1788 2997 ¹

921 3024 1060 3058 multum
1090 3022 1361 3070 opportunitatis
1394 3023 1494 3058 daret
1527 3023 1640 3071 poetis
1662 3035 1727 3059 no·
1784 3040 1786 3055 ι

921 2933 1079 2977 profecta
1113 2942 1188 2965 esse
1220 2930 1342 2964 omnia.

1809 1633 1811 1707 ἰ
