1811 3269
73 152 157 192 118

701 149 1101 192 ΟΜΗΡΟΥ

241 258 396 327 οὔρεος
425 259 473 302 ἐν
500 274 752 330 κορυφῃς,
758 258 918 303 ἕκαθεν
952 259 998 304 δέ
1027 276 1072 303 τε
1101 262 1303 315 φαίνεται
1335 260 1463 317 αὐγή,

238 314 298 366 ὡς
327 319 416 359 τῶν
446 315 694 385 ἐρχομένων
724 315 810 360 οἷπὸ
840 321 1007 373 χαλκοῦ
1036 319 1288 360 θεσπεσίοιο

241 374 366 428 αἴγλη
400 371 710 444 παμφανόωσα
740 372 799 416 δι’
831 375 1011 429 αἰθέρος
1043 373 1239 428 οὐρανὸν
1269 372 1376 417 ἷκεν.

330 433 431 472 Τῶν
460 428 517 480 δ’,
550 427 655 472 ὥστ’
687 427 882 482 ὀρνίθων
910 434 1130 486 πετεηνῶν
1159 430 1290 474 ἔθνεα
1320 431 1475 482 πολλα,

126 488 210 531 460
238 490 384 558 χηνῶν
407 485 441 556 ἢ
469 484 671 541 γεράνων
700 485 730 543 ἢ
757 487 938 531 κύκνων
970 489 1319 542 δουλιχοδείρων,

215 541 369 585 *Ἀσίω
402 541 449 584 ἐν
482 546 682 597 λειμῶνι,
714 547 969 597 Καϋστρίου
999 543 1111 599 ἀμφὶ
1143 544 1317 598 ῥέε-θρα,

236 600 346 643 ε’νθα
375 598 450 642 καὶ
479 599 592 643 ἔνθα
620 605 840 646 ποτῶνται
871 600 1165 658 ἀγαλλόμεναι
1193 601 1495 658 πτερύγεσσιν,

69 724 101 779 h.
134 734 165 757 e.
195 723 442 767 perniciosum,
483 724 572 759 dixit
612 724 652 767 ε’,
688 726 767 762 880.
795 727 876 784 H.)

69 766 286 805 άσπετον.
311 768 459 815 πολλήν.
483 771 589 816 (Ap.:
609 785 760 808 ασπετα.
782 786 878 808 απα-

69 816 345 871 ρακολούθητα.
390 817 632 863 καταστρέφει
674 819 714 854 δὲ
750 820 802 859 εἰς
836 819 878 854 τὸ

67 861 195 897 πολλά.
231 875 265 896 v
291 861 332 900 λ’
358 864 427 899 245
452 870 518 898 etc.
546 865 592 898 ib.
619 867 719 901 703.
745 863 878 908 ἐξέλετ’

68 907 212 944 ἄσπετα
236 906 367 944 πολλά.
393 911 437 943 cf.
463 911 567 946 Schn.
593 913 625 946 h.
651 913 706 956 v.)
733 913 816 945 Sch.

113 955 195 997 457,
221 958 253 991 8.
302 958 440 991 θεσπ.
472 958 604 999 θείου,
638 959 877 1002 θαυμαστοῦ.

68 1002 221 1047 αἴγλη.
247 1002 472 1047 λαμπρότης.
511 1004 679 1047 (παμφ.
705 1007 875 1049 παμφαί-

67 1060 198 1089 νουσα,
215 1049 643 1106 allleuchtendeeranz)
662 1052 743 1084 Sch.
778 1053 877 1087 αἰθ.

69 1091 128 1130 ὅτι
152 1097 204 1142 τῷ
210 1094 353 1150 αἰθέρι
385 1096 448 1130 καὶ
481 1094 547 1131 τὸν
560 1094 879 1151 ὑποτεταγμένον

67 1140 171 1188 αὐτῷ
197 1138 287 1185 ἀέρα
313 1145 484 1177 συννοεῖν
501 1140 580 1187 χρή.
613 1144 655 1176 Ε.

112 1178 192 1224 459.
241 1200 337 1224 πετ.
361 1190 549 1224 πετεινῶν.
586 1188 745 1225 §ovem
771 1189 880 1236 εθνη,

66 1234 206 1280 πλήθη.
233 1235 327 1279 (87.)
357 1235 438 1268 Sch.

113 1291 194 1328 461.
242 1289 382 1326 Ἀσίω.
409 1292 443 1325 h.
471 1303 501 1326 e.
519 1289 660 1334 Ἀσίου,
695 1292 787 1337 quod
813 1293 880 1327 ha-

66 1336 171 1373 betur
193 1334 237 1377 ν’,
263 1337 364 1378 403,
390 1339 432 1371 ab
455 1334 589 1379 Ἀσίας,
615 1351 683 1380 αο,
710 1351 768 1374 εω.
815 1340 881 1373 hoc

67 1390 207 1418 veteres
240 1384 368 1429 legisse
402 1383 438 1416 in
470 1383 564 1417 libris
598 1385 671 1418 suis
707 1388 880 1418 testantur

68 1430 285 1464 Scholiastae
317 1436 353 1463 et
385 1429 624 1483 Etjmologus.
679 1431 808 1465 Herod.
844 1430 878 1472 4,

67 1475 144 1512 45.·
178 1474 250 1533 ἤδη
288 1475 357 1519 γάρ
391 1474 510 1522 Λιβύη
545 1489 613 1531 μεν
647 1475 706 1511 ἐπὶ
737 1477 879 1522 Λιβύης

67 1523 207 1578 λέγεται
230 1521 306 1558 ὑπὸ
330 1523 403 1556 τῶν
421 1523 566 1557 πολλῶν
581 1519 764 1567 Ελλήνων
785 1523 878 1568 ἔχειν

66 1565 255 1626 τοῦνομα,
291 1567 466 1613 γυναικὸς
494 1565 745 1612 αὐτόχθονος,
780 1569 803 1614 ἡ
839 1569 879 1605 δὲ

66 1613 160 1660 Ἀσίη
193 1613 253 1650 ἐπὶ
288 1616 353 1659 τῆς
378 1615 604 1674 Προμηθέος
626 1615 803 1660 γυναικὸς
824 1613 879 1650 'A-

68 1664 149 1707 σιής
181 1660 248 1706 τὴν
282 1660 506 1706 ἐπωνυμίην.
545 1662 608 1696 καὶ
641 1661 779 1697 τούτου
813 1675 881 1706 μεν

67 1708 413 1767 μεταλαμβάνονται
433 1709 501 1744 τοῦ
519 1706 729 1750 οὐνόματος
748 1709 878 1751 Λυδοὶ,

70 1754 233 1812 φάμενοι
257 1754 316 1790 ἐπὶ
335 1754 467 1793 Ἀσίεω,
492 1756 561 1789 τοῦ
579 1753 731 1796 Μάνεω,
755 1756 879 1800 κεκλῆ-

69 1804 161 1838 σθαι
179 1801 248 1859 τὴν
265 1800 395 1847 Ἀσιήν,
420 1798 501 1836 ἀλλ’
527 1814 597 1836 ουκ
616 1800 675 1837 επὶ
693 1804 759 1848 τῆς
778 1805 879 1846 Προ-

67 1847 211 1904 μηθέος
238 1846 377 1892 Ἀσιης,
419 1845 486 1881 ἀπ’
522 1845 607 1883 ότευ
640 1849 701 1883 καὶ
738 1849 806 1893 τὴν
840 1847 879 1883 ἐν

69 1894 232 1939 Σάρδισι
247 1894 368 1940 φυλὴν
386 1895 589 1939 κεκλῆσθαι
599 1892 758 1929 Ἀσιάδα.
778 1895 879 1929 etiam

69 1943 196 1977 Strabo
231 1942 295 1982 14,
322 1953 355 1986 p.
381 1942 459 1976 961.
487 1940 527 1974 C.
562 1941 762 1975 mentionem
794 1942 880 1975 fecit

69 1988 172 2023 Asiae
203 1987 335 2029 herois,
368 1984 488 2028 Ἀσίω,
531 1991 567 2020 et
599 1987 714 2021 Schol.
748 1987 879 2020 Comici

68 2035 217 2070 Acharn.
253 2035 310 2068 68.
324 2059 334 2076 ,
371 2034 431 2066 ubi
447 2033 611 2091 protulit
643 2044 766 2067 versus
797 2033 879 2069 460.

71 2080 221 2116 et46l.·
239 2078 361 2125 γενικὴ
383 2079 423 2114 δέ
439 2078 548 2120 ἐστιν,
566 2079 690 2124 inquit,
708 2077 748 2114 τὸ
765 2078 879 2114 ’ᾝΑσιω

71 2127 178 2161 habet
196 2124 300 2161 Ἀσίω
325 2126 426 2160 etiam
455 2126 570 2159 Flet.-
560 2150 571 2166 ,
606 2126 667 2159 sed
693 2124 728 2159 in
753 2126 881 2160 ceteris

71 2172 151 2208 edd.
189 2172 338 2218 antiquis
371 2173 426 2216 leg
408 2171 499 2205 oitm
517 2168 625 2216 Ἀσίῳ
663 2169 702 2206 ἐν
733 2174 763 2206 λ.
775 2198 786 2214 ,
827 2172 882 2205 cui

69 2219 264 2264 scripturae
308 2219 343 2252 H
384 2220 517 2252 frustra
558 2217 755 2263 praetendit
795 2219 882 2251 Asia

66 2271 177 2310 prata
209 2277 264 2311 ap.
290 2265 391 2309 Vi1·.g
429 2265 561 2308 Georg.
594 2267 627 2306 1,
656 2265 737 2300 383.
751 2288 760 2306 ,
794 2276 883 2309 quae

72 2316 108 2345 et
147 2311 225 2356 ipsa
255 2310 404 2354 intelligi
443 2315 589 2355 possunt
622 2311 728 2344 Asiae
769 2311 884 2344 hcro'is

68 2363 188 2403 prata.
237 2357 373 2392 admisit
397 2361 511 2390 tamen
534 2356 591 2390 ille
609 2353 710 2391 Ἀσίω
725 2381 736 2398 ,
762 2356 883 2391 Wolfii

72 2410 209 2438 secutus
243 2403 426 2437 editionem
459 2402 698 2444 novissimam3
733 2408 882 2436 annota-

72 2450 215 2494 vitque,
240 2451 401 2493 λειμῶνα
421 2445 522 2482 Ἀσίω
548 2460 623 2482 0550
648 2454 794 2482 tractum
819 2460 883 2493 pa-

72 2494 226 2537 lustrem,
253 2498 433 2539 augustum
450 2495 543 2528 illum
565 2494 711 2539 quidem,
737 2495 799 2528 sed
822 2506 883 2528 no-

72 2541 280 2579 bilissimum,
308 2541 439 2585 Lydiae
467 2541 512 2574 ad
537 2540 721 2584 Caystrum
745 2542 797 2580 fl.‚
823 2541 883 2584 qui

73 2592 206 2621 tractus
246 2585 459 2630 Καΰστριον
499 2587 628 2622 πεδίον
649 2612 659 2627 ,
707 2588 886 2630 Caystrius

73 2645 235 2677 campus,
271 2639 416 2667 vocatur
450 2644 506 2677 ap.
541 2633 742 2667 Strabonem
771 2632 872 2677 14.p

73 2678 166 2718 427..
193 2681 405 2723 Stephanum
431 2679 516 2723 Byz.
538 2679 570 2712 h.
597 2690 643 2719 v.,
669 2645 885 2712 Eustathiuui

74 2725 117 2758 ad
142 2726 284 2770 Dionys.
310 2725 448 2768 Perieg.
473 2726 550 2759 837.
576 2736 610 2757 v.
639 2725 765 2758 Cellar.
792 2727 824 2759 2.
851 2737 884 2769 p.

74 2772 130 2806 80.
166 2771 279 2805 5010το
303 2776 414 2804 autem
439 2775 523 2804 vett.
548 2770 726 2814 regionum
750 2771 884 2804 nomina

76 2823 194 2861 petere
214 2829 233 2850 a
251 2828 335 2861 rege
355 2817 420 2850 ali‹·
413 2829 469 2860 uo
493 2817 568 2849 sive
594 2818 715 2858 hei-053
740 2828 884 2862 cumque

75 2863 187 2906 Lydi,
225 2862 370 2897 metallis
403 2870 509 2906 atque
541 2861 665 2907 opibus
689 2863 804 2905 aucti,
840 2864 882 2896 ab

75 2909 145 2942 oris
180 2909 255 2942 istis
298 2909 333 2942 in
366 2907 549 2941 Graeciam
582 2910 752 2952 navigare
789 2908 884 2942 soliti

76 2954 203 2988 fuerint
227 2954 434 2999 antiquitus,
459 2954 649 2987 commercii
674 2966 797 2996 causa,
822 2966 882 2988 no-

76 3012 150 3035 men
174 3011 233 3035 eos
257 3001 359 3036 Asiae
383 3000 461 3034 illuc
483 2999 593 3034 videri
619 3001 790 3043 attulisse,
815 3012 882 3046 quo

923 725 1058 760 nomine
1077 725 1220 770 primum
1238 725 1337 759 littus
1356 725 1504 759 Graecis
1525 736 1568 759 ex
1587 725 1736 760 adverso

924 783 951 806 5·.
945 773 1025 806 tum
1046 772 1233 812 orientale,
1257 777 1327 804 tum
1349 772 1456 805 omnis
1480 771 1538 804 illa
1559 772 1738 805 continens

924 818 1173 863 appellaretur.
1217 823 1371 851 ceterum
1397 817 1500 851 Asian
1529 818 1618 850 hunc
1636 829 1738 851 unum

924 865 1030 905 novi3
1056 865 1175 909 plures
1204 870 1508 897 commemorantur
1532 863 1624 904 Α5ἰί,
1650 875 1738 908 quo-

925 922 996 966 rum
1024 911 1091 944 duo
1117 922 1174 954 ap.
1194 911 1306 950 Hom„
1334 910 1422 943 alter
1442 910 1606 943 Hecubae
1626 910 1737 943 frater

923 957 970 997 π’,
997 959 1075 992 717.
1085 981 1096 997 ,
1131 957 1217 989 alt-er
1242 956 1387 1000 Hyrtaci
1421 956 1512 989 fillus
1546 957 1632 995 837,
1657 955 1737 991 838.

925 1003 1093 1047 librisque
1126 1003 1226 1058 hujus
1251 1002 1410 1036 carminis
1437 1003 1479 1037 12
1505 1007 1541 1035 et
1566 1003 1644 1041 13.;
1675 1001 1738 1034 ad·

919 1049 1049 1093 jectivo
1064 1053 1176 1082 autem
1186 1046 1305 1088 ’Ἀσιος
1322 1060 1497 1104 nusquam
1502 1048 1610 1081 utitur
1621 1048 1718 1082 Hom
1712 1073 1736 1090 ,

924 1095 1183 1140 corripiuntque
1208 1095 1348 1140 primam
1365 1095 1471 1128 verba
1488 1092 1595 1133 Ἀσία,
1617 1092 1739 1136 Ασιας

925 1147 960 1174 et
978 1141 1111 1174 similia.
1148 1141 1208 1173 sed
1231 1142 1316 1175 haec
1335 1143 1513 1174 hactenus.
1551 1140 1735 1174 dicendum

926 1187 1013 1220 enim
1043 1199 1132 1221 nunc
1152 1195 1204 1220 est
1223 1187 1265 1220 de
1283 1188 1415 1220 nomine
1436 1190 1505 1222 Κα
1519 1189 1542 1221 ὕ
1555 1188 1658 1228 στρί
1670 1200 1737 1228 ου,

927 1234 1021 1278 quod
1057 1233 1115 1266 diu
1140 1233 1260 1266 tulisse
1285 1234 1389 1267 miror
1414 1234 1568 1267 editores
1593 1233 1739 1266 inusita-

926 1284 999 1313 tum
1045 1284 1080 1312 et
1115 1279 1202 1312 male
1248 1279 1424 1313 defensum
1461 1279 1504 1312 ab
1537 1278 1738 1321 Eustathi0‚

927 1323 1025 1370 quasi
1051 1322 1258 1368 Καῦστριος
1283 1325 1420 1358 dicatur
1442 1337 1505 1370 pro
1527 1323 1740 1367 Κάϋστρος,

927 1377 965 1404 ut
1000 1369 1156 1415 κάπριος
1190 1383 1252 1416 pro
1284 1371 1435 1414 κάπρος.
1484 1370 1586 1405 etiam
1619 1371 1737 1406 Schol.

925 1415 1165 1462 Aristophanis
1200 1418 1468 1451 Acharnensium
1502 1416 1602 1451 l.1..
1634 1414 1739 1453 Καΰ-

925 1474 1049 1506 στριος
1072 1462 1241 1507 ποταμὸς
1260 1462 1646 1517 010.,(]1101118(11110(111111
1670 1464 1740 1499 ista

923 1510 1017 1543 natio
1043 1509 1216 1555 explicare
1240 1509 1326 1543 solet
1351 1508 1517 1565 quidquid
1541 1510 1676 1563 reperit
1703 1510 1740 1544 in

926 1555 1025 1588 libris
1057 1558 1141 1589 suis.
1195 1556 1385 1589 scribamus
1411 1553 1604 1598 Καῦστρια
1639 1553 1739 1601 ἀμφὶ.

926 1600 1076 1646 ῥέεθρα.
1114 1614 1138 1635 α
1162 1608 1198 1635 et
1231 1614 1275 1636 ov
1301 1601 1500 1646 permisceri
1533 1602 1738 1638 tralatitium

925 1653 992 1681 est.
1036 1647 1103 1682 erit
1127 1648 1297 1688 fortasse,
1324 1648 1382 1692 qui
1407 1647 1502 1682 malit
1525 1645 1740 1706 Καΰστρου,

925 1693 987 1727 sed
1011 1705 1078 1728 non
1102 1693 1240 1738 placent
1267 1693 1384 1727 eodem
1403 1694 1502 1729 modo
1522 1695 1616 1729 dicta
1637 1692 1739 1732 Ἀσίω

926 1741 1074 1782 λειμωνι
1107 1744 1143 1773 et
1176 1737 1375 1782 Καΰστρου
1415 1740 1564 1785 ῥέεθρα.
1622 1742 1739 1776 hiatus

925 1785 1051 1820 similes
1075 1790 1156 1819 sunt
1179 1787 1268 1826 614,
1293 1787 1384 1841 697,
1411 1788 1499 1828 803,
1556 1788 1671 1829 ,376
1697 1787 1738 1832 ε’,

926 1831 1007 1871 343,
1032 1831 1114 1871 424,
1141 1829 1176 1871 ι’,
1200 1812 1294 1874 555'„
1317 1830 1360 1874 ν,
1387 1834 1466 1874 821,
1492 1831 1535 1875 0,
1524 1801 1638 1876 γ402,
1656 1813 1738 1870 447.

926 1878 971 1912 cf.
998 1877 1133 1922 Hejnei
1157 1878 1303 1914 Excurs.
1337 1880 1381 1913 ad
1406 1859 1535 1913 libiutn
1556 1881 1612 1916 15.
1623 1905 1633 1922 ,
1670 1881 1739 1915 vol.

925 1925 957 1958 7.
984 1936 1020 1968 p.
1047 1925 1143 1965 136.,
1178 1925 1249 1959 Th.
1275 1926 1308 1968 ἕ.
1331 1926 1408 1961 151.
1432 1930 1500 1960 etc.
1526 1925 1570 1960 de
1598 1926 1740 1970 Caystro

926 1970 1054 2003 Cellar.
1076 1972 1109 2004 2.
1135 1981 1168 2014 p.
1185 1972 1241 2009 79.
1271 1971 1470 2013 annotavit,
1505 1971 1738 2018 Colophonem

925 2015 1016 2050 inter
1059 2021 1094 2050 et
1129 2017 1302 2060 Ephesum
1344 2017 1493 2051 fluminis
1535 2019 1609 2062 ejus
1651 2019 1741 2054 ostia

927 2063 1008 2107 poni
1030 2073 1085 2107 ap.
1108 2062 1339 2097 Ptolemaeum
1359 2071 1394 2098 et
1416 2064 1607 2108 Scylacem.
1634 2077 1742 2110 grae-

928 2119 969 2142 ce
993 2108 1202 2153 Κάϋστρος,
1229 2110 1335 2143 latine
1359 2114 1394 2143 et
1421 2110 1564 2153 Cayster
1593 2117 1740 2146 vocatur

928 2160 964 2189 et
992 2156 1173 2208 Caystros,
1206 2161 1243 2188 ut
1269 2156 1363 2188 Mela
1400 2158 1533 2196 1,17.:
1566 2157 1614 2190 ibi
1649 2158 1739 2201 Cay-

929 2206 1017 2234 stros
1039 2202 1162 2234 amnis.
1187 2201 1232 2234 cf.
1258 2201 1363 2235 Ovid.
1387 2202 1472 2236 Met.
1491 2204 1523 2243 5,
1544 2204 1622 2238 386.
1649 2203 1737 2237 Plin.
1792 2193 1811 2242 ςγ

928 2248 964 2287 5,
980 2248 1047 2281 29.
1039 2259 1048 2267 ·
1073 2247 1243 2280 attollitur
1261 2247 1459 2293 (Ephesus)
1476 2255 1590 2283 monte
1610 2249 1740 2291 Ρίοπες
1791 2263 1811 2292 ‚vj

931 2293 1076 2326 alluitur
1105 2294 1260 2336 Caystro,
1285 2295 1321 2326 in
1343 2295 1509 2328 Cilbianis
1525 2297 1626 2339 jugis
1651 2301 1738 2338 orta,

929 2340 1118 2383 multosque
1151 2351 1271 2372 amnes
1297 2341 1474 2384 deferente
1498 2348 1540 2376 et
1571 2347 1740 2387 stagnum

933 2387 1146 2430 Pegaseum,
1172 2387 1262 2429 quod
1289 2386 1463 2430 Pyrrhites
1487 2389 1600 2421 amnis
1624 2390 1739 2433 expel-

931 2433 984 2466 lit.
1033 2431 1173 2465 laudant
1197 2432 1297 2466 Hom.
1334 2438 1369 2466 et
1401 2435 1525 2478 poetae
1558 2435 1649 2468 hunc
1671 2435 1739 2468 flu·
1790 2470 1791 2475 ,

929 2478 1019 2513 vium
1053 2478 1096 2511 ab
1121 2477 1295 2520 oloribus,
1329 2490 1414 2523 quos
1445 2490 1568 2525 magno
1600 2492 1738 2515 numero
1790 2478 1791 2485 ¹

930 2524 1067 2605 algbat:
1100 2534 1133 2557 v.
1157 2523 1264 2558 Ovid.
1295 2525 1383 2559 Met.
1406 2525 1428 2561 l.
1453 2525 1477 2559 l.
1491 2527 1678 2568 ,MartiaL
1704 2529 1737 2571 1,
1788 2541 1790 2567 ς

930 2571 950 2605 5
1001 2575 1068 2604 etc.
1788 2577 1790 2601 ἰ

976 2630 1057 2665 462.
1106 2629 1196 2674 dy..
1240 2631 1353 2675 figura
1394 2631 1487 2676 πρὸς
1525 2632 1568 2669 τό
1601 2633 1740 2679 νοητόν
1786 2653 1788 2660 1

931 2676 1006 2711 sive
1039 2688 1334 2721 σημαινομενον,
1380 2680 1478 2722 quasi
1523 2679 1649 2714 dictum
1691 2681 1739 2716 sit

931 2720 1250 2767 ὅρνιθες.111111115
1273 2725 1362 2757 bene
1384 2726 1467 2760 Ven.
1487 2726 1634 2761 Barocc.
1661 2727 1739 2760 alii-

930 2781 999 2813 que
1023 2769 1149 2811 MSS„
1181 2769 1262 2803 item
1288 2771 1405 2804 excusi
1438 2777 1579 2816 praeter
1602 2773 1737 2817 Wolfii,

929 2815 1159 2870 αγαλλόμενα
1194 2821 1337 2850 auctore
1382 2818 1786 2856 Aristarcho..

928 2860 1201 2906 ,,άγαλλόμεναι
1232 2862 1278 2895 ist
1310 2863 1465 2908 weniger
1494 2865 1738 2909 grammatisch
1783 2858 1786 2899 ἶ

928 2920 1040 2951 genau
1073 2920 1108 2942 u.
1133 2909 1239 2942 sehon
1263 2908 1468 2954 desswegen
1500 2911 1738 2944 wahrschein-
1782 2942 1784 2947 ,

929 2955 1048 2989 licher.
1083 2974 1128 2979 —
1165 2954 1365 2998 Aristarch,
1406 2957 1461 2990 ein
1502 2957 1582 2991 sehr
1622 2956 1736 2990 kalter
1782 2963 1809 2978 *¹

931 3001 1212 3045 grammatischer
1234 3002 1352 3047 Kopf,
1383 3003 1447 3036 sah
1476 3001 1553 3037 hier
1583 3013 1648 3037 nur
1677 3003 1741 3046 anf
1782 2997 1783 3002 ¹

1658 2820 1737 2854 W.:
1784 2816 1786 2836 '¹
