1811 3269
583 142 1016 184 ΙΛΙΑΛΟΣ
1074 143 1123 183 Γ.

1614 142 1696 184 189

199 261 359 331 παῦρα,
378 255 480 312 μὲν,
516 252 628 297 ἀλλά
657 251 774 309 μάλα
803 249 956 306 λιγέως
985 252 1091 305 (ἐπεὶ
1123 248 1177 296 οὐ
1206 249 1507 309 πολύμυθος),

86 321 167 364 215
201 315 298 360 οὐδ’
332 310 702 384 ἀφαμαρτοεπὴς,
735 311 772 353 εἰ
801 308 876 352 καὶ
904 308 1021 363 γένει
1031 308 1232 379 ὕστερος
1261 310 1351 366 ἡεν.

198 371 300 417 ἀλλ’
330 368 401 413 ὅτε
434 368 487 424 δὴ
517 367 758 423 πολύμητις
789 364 1005 417 ἀναΐξειεν
1031 363 1290 418 Ὀδυσσεύς,

197 428 406 479 στάσκεν,
437 425 548 469 ὑπαὶ
579 425 625 468 δὲ
655 427 826 497 ἴδεσκε,
854 422 963 466 κατὰ
993 423 1155 477 χθονὸς
1186 423 1360 492 ὄμματα
1388 422 1541 479 πήξας,

196 489 421 556 σκῆπτρον
455 480 496 526 δ’
529 479 626 526 οὔτ’
661 481 802 524 ὀπίσω
834 478 935 523 οὔτε
964 480 1213 551 προπρηνὲς
1231 479 1402 549 ἐνώμα,

195 541 287 585 ἀλλ’
322 540 539 609 ἀστεμφὲς
569 540 764 595 ε’χεσκεν,
795 536 938 591 ἀΐδρεϊ
967 538 1080 592 φωτὶ
1101 536 1286 605 ἐοικώς

83 608 165 647 220
195 600 353 669 φαίης
357 615 405 642 κε
437 596 622 651 ζάκοτόν
650 596 694 639 τέ
724 595 809 640 τιν’
846 594 1049 650 ε’μμεναι,
1064 593 1260 649 άφρονά
1290 593 1328 637 τ’
1364 594 1521 646 αὔτως.

193 655 294 699 ἀλλ’
328 654 399 699 ὅτε
431 654 483 710 δή
518 653 559 710 ῥ’
592 652 677 697 ὅπα
707 669 751 696 τε
781 652 975 708 μεγάλην
1005 651 1052 694 ἐκ
1084 651 1269 707 στήθεος
1297 653 1365 703 ιἐι,

194 713 267 757 καὶ
299 713 400 756 ε’πεα
431 713 692 784 νιφάδεσσιν
721 709 895 753 ἐοικότα
926 709 1206 777 χειμερίῃσιν,

196 769 279 814 οὐκ
309 769 366 812 ἀν
397 767 528 813 ἔπειτ’
557 766 743 822 Ὀδυσῆΐ
767 765 812 821 γ’
845 767 1026 821 ἐρίσσειε
1056 764 1216 827 βροτος
1246 763 1401 815 ἀλλος·

195 826 251 870 ου’
279 825 374 870 τότε
402 825 445 882 γ’
480 819 561 869 (ὁδ’
592 823 804 881 Ὀδνσηος
833 822 1108 879 ἀγασσάμεθ’
1140 821 1259 872 εἶδος
1290 820 1500 871 ἰδόντες(ι

20 941 127 972 nuos,
161 941 356 975 parcesque
390 929 492 963 etiam
516 930 721 969 verborum,
756 927 836 962 dum

21 976 168 1011 viriliter
192 981 346 1020 agerent.

67 1021 146 1057 214.
195 1023 430 1066 hyperbaton,
455 1021 547 1064 quod
570 1020 746 1055 metricum
773 1031 836 1064 ap-

22 1068 152 1114 pellare
177 1068 278 1101 licet.
311 1080 387 1101 nam
417 1067 592 1123 jungenda
626 1072 705 1100 sunt
731 1068 837 1100 verba

20 1116 149 1158 παῦρα
171 1127 249 1169 μεν
263 1119 298 1147 et
321 1113 398 1149 ἐπεὶ
421 1111 466 1147 οὗ
483 1112 711 1157 πολύμυθος
739 1113 835 1146 Sch.:

21 1161 199 1206 λιγέως.
230 1157 370 1205 ἡδέως,
396 1157 518 1203 οξέως.
548 1166 679 1193 rectum
700 1156 833 1202 οξὲωςι

20 1219 99 1242 nam
124 1207 248 1247 dicitur
272 1219 336 1241 vox
355 1209 454 1242 clara
485 1211 518 1240 et
544 1218 680 1240 sonora.
729 1218 761 1240 v.
788 1204 834 1246 α’,

21 1252 102 1290 248.
135 1265 255 1287 verum
281 1266 348 1288 non
371 1253 428 1288 ille
453 1253 548 1286 solus
563 1254 758 1297 jucundam
778 1264 835 1285 vo-

22 1312 94 1334 cem
135 1300 385 1344 interpretatus
427 1303 481 1332 est
535 1311 556 1333 a
598 1298 835 1343 consequenti.

23 1346 171 1388 Quintil.
201 1348 268 1388 12,
295 1349 368 1381 10.:
393 1357 477 1379 nam
503 1349 537 1379 et
568 1346 668 1378 Hom.
699 1346 836 1379 brevem

21 1394 159 1438 quidem
182 1404 256 1426 cum
274 1392 506 1437 jucunditate,
531 1398 565 1426 ct
582 1388 759 1436 propriam
779 1391 837 1435 (id

22 1441 112 1473 enim
135 1444 185 1472 est
210 1451 278 1471 non
300 1440 463 1472 deerrare
485 1440 617 1482 verbis)
650 1443 684 1472 et
713 1450 836 1471 caren-

21 1491 91 1520 tem
109 1487 332 1529 supervacuis
353 1487 583 1529 eloquentiam
597 1486 756 1519 Menelao
776 1485 838 1518 de-

21 1532 85 1567 dit.
135 1533 179 1566 cf.
208 1531 280 1567 Cic.
300 1532 427 1571 Bruto,
454 1532 508 1565 13.

35 1579 147 1614 2.1.5
195 1578 330 1612 restitui
365 1582 434 1610 vet.
471 1576 678 1621 scripturam
704 1576 738 1610 εἰ
761 1574 837 1615 καὶ,

21 1610 84 1659 nec
108 1624 189 1658 mihi
199 1624 322 1681 magis
355 1635 456 1669 quam
482 1625 627 1667 Heyneo
653 1621 837 1655 tolerabile

21 1670 160 1706 videtur
183 1667 206 1714 ἢ
231 1671 306 1712 καὶ,
329 1670 421 1714 quod
446 1671 575 1704 habent
595 1669 711 1714 plures
732 1667 834 1703 codd.

23 1729 98 1751 cum
123 1717 231 1762 ipsius
255 1697 420 1758 Homeri,
457 1722 526 1750 tum
552 1715 835 1754 Βοὴοὶίειετᾶιιιιιι,

23 1768 59 1798 et
82 1763 315 1808 grammatici,
342 1763 399 1808 qui
423 1776 445 1807 η
471 1775 533 1808 pio
561 1775 592 1797 ει
615 1762 743 1797 dictum
760 1772 837 1794 esse

23 1810 143 1844 volunt
167 1821 261 1843 more
286 1810 419 1854 prisco·
444 1821 476 1844 v.
505 1812 567 1853 Ap.
591 1808 624 1841 in
646 1804 681 1850 η’,
708 1819 739 1852 p
754 1808 837 1843 322.

22 1867 119 1900 sequ.
145 1860 179 1890 et
204 1867 279 1889 ann
309 1856 351 1889 ad
386 1867 460 1889 eum
494 1855 614 1889 locum.
672 1855 834 1887 turbasse

23 1902 162 1936 videtur
198 1901 410 1945 jotacismus
469 1902 570 1934 Scir:
615 1896 720 1934 ουδ’
759 1897 835 1942 ἀφ.

24 1945 115 1983 ον’δε
140 1945 406 1991 ἀποτυγχάνων
431 1949 499 1982 τοῦ
524 1947 667 1981 σκοποῦ
683 1947 757 1979 τῶν
778 1943 836 1980 λό-

23 2008 108 2039 γων.
151 1996 204 2038 (ν.
230 1994 373 2035 Quintil.
401 1995 423 2028 1.
451 2007 480 2027 c.
507 1994 548 2027 ad
575 1991 680 2032 21,,4
706 1992 836 2035 Odyss.

0 2063 1 2068 =
22 2040 65 2085 λ’,
91 2042 171 2076 510.
206 2045 325 2074 contra
349 2041 435 2096 Ajax
464 2039 562 2073 audit
586 2035 836 2094 ἆμαρτοεπής,

0 2088 146 2122 ‘stolide
166 2089 315 2130 loquens,
339 2084 383 2128 v',
409 2084 506 2133 824.)
552 2098 598 2130 γε
582 2098 694 2120 νει.
725 2085 769 2128 τῇ
794 2081 837 2129 ἡ-

23 2135 131 2179 λικίᾳ.
178 2131 383 2188 ν’στερος
408 2134 498 2177 ήεν.
521 2129 706 2189 νεώτερος
731 2136 787 2176 ἠν.

68 2170 158 2220 216,
182 2181 215 2214 7-
267 2175 334 2214 άν-
387 2177 627 2223 ἀνορμήσειεν
662 2175 835 2218 ἀναστάς.

23 2226 243 2262 στάσκεν.
275 2227 332 2270 (ut
356 2224 717 2270 σ’,160.)εἶστη’κει.
763 2237 834 2260 υπ.

25 2271 74 2310 δε
99 2273 156 2307 ιδ.
200 2269 268 2308 νπ’
296 2273 430 2312 αἰδοῦς
463 2271 502 2307 δε
528 2273 612 2315 (imo
640 2272 837 2313 meditatus,

25 2333 120 2365 αγαν
143 2320 371 2364 φροντίζων,
397 2324 436 2353 ut
458 2319 508 2353 ait
526 2319 582 2359 Η,
609 2319 733 2352 coliate
758 2318 836 2352 Ari-

24 2367 138 2411 stoph.
167 2367 258 2400 Nub.
285 2367 377 2409 187.)
423 2366 475 2405 εἰς
512 2367 582 2409 γῆν
617 2364 752 2409 ε’βλεπε.
790 2383 836 2389 -

24 2412 189 2456 πήξας.
224 2410 377 2456 ἐρείσας
414 2412 494 2445 Sch
540 2411 687 2452 Quintil.
715 2414 778 2452 11,
801 2412 837 2452 3,

27 2460 126 2496 158.=
153 2459 238 2492 mire
263 2460 465 2492 auditurum
490 2459 617 2492 dicturi
639 2470 722 2491 cura
743 2459 838 2491 ‹lele-

26 2510 109 2543 ctat,
129 2510 162 2538 et
171 2506 280 2548 judex
300 2517 335 2539 se
355 2507 426 2550 ipse
438 2505 617 2549 componit.
653 2505 714 2537 hoc
732 2515 838 2548 prae—

25 2552 108 2596 cipit
127 2551 228 2586 Hom.
256 2552 362 2585 Ulixis
383 2553 534 2595 exemplo
547 2577 557 2592 ,
583 2562 683 2594 quem
704 2551 837 2584 stetisse

26 2598 129 2631 oculis
141 2598 178 2631 in
194 2603 324 2631 terram
338 2599 459 2643 defixis
475 2599 680 2641 immotoque
693 2602 838 2640 sceptro,

24 2644 224 2688 priusquam
256 2645 352 2678 illam
390 2646 604 2689 eloquentiae
649 2645 837 2687 procellam

27 2689 229 2732 effunderet,
254 2691 348 2727 dicit.
382 2692 426 2725 cf.
452 2692 536 2724 Aen.
563 2693 596 2727 7
624 2689 704 2730 249,
731 2689 836 2723 Ovid.

28 2735 116 2768 Met.
136 2737 200 2780 13,
226 2738 311 2778 125,
338 2737 536 2782 Tryphiod.
567 2737 632 2771 113
655 2747 774 2779 seqq„
801 2740 838 2769 et

27 2780 72 2815 de
95 2786 230 2825 sceptro
255 2783 289 2816 in
313 2795 412 2818 manu
432 2779 642 2827 oratorisfi',
666 2783 836 2824 101‚186,

27 2828 84 2870 7.‚
111 2827 238 2872 Odyss.
262 2826 305 2875 β’,
329 2831 374 2865 37
399 2834 465 2865 etc.
490 2830 545 2863 Ex
570 2830 617 2862 H.

73 2874 163 2913 218,
186 2875 221 2908 9.
267 2887 325 2918 πρ
341 2890 439 2921 οπρ
475 2875 582 2934 (idem
604 2887 645 2910 ac
669 2872 835 2920 πρηνές.)

28 2920 81 2960 εἰς
104 2916 377 2976 τουμπροσθεν.
433 2921 490 2958 ἐν.
526 2920 646 2957 ἐκίνει.
682 2923 835 2966 (Etyma

28 2985 71 2991 —
97 2963 171 3002 ἀπὸ
195 2967 263 3002 τοῦ
286 2967 436 3014 νέμειν.)
472 2967 563 3004 ἀστ.
591 2966 754 3027 ἀσφαλὲς
772 2967 834 3003 καὶ

27 3011 306 3059 ἀμετακίνητον.
329 3015 480 3062 (Etym.=
497 3015 657 3061 -παροὶ
671 3013 714 3052 τὸ
730 3013 835 3060 στέμ-

882 929 1007 986 βειν,
1014 924 1056 961 τὸ
1090 927 1205 961 κινεῖν
1238 926 1409 968 συνεχῶς.
1451 924 1496 957 cf.
1524 921 1569 980 β’,
1595 922 1695 967 344.)

884 974 944 1018 ε’χ.
971 977 1075 1018 εῖχεν.
1116 971 1295 1015 ἀΐδρεϊ
1329 970 1495 1014 ἀπείρῳ,
1522 968 1697 1013 ἀπειρίαν

881 1020 1000 1065 λόγων
1023 1018 1332 1062 προσποιουμένῳ
1364 1017 1493 1062 (malim
1517 1028 1698 1071 προσποι-

883 1067 1065 1111 ον’μενος,
1103 1071 1142 1099 ut
1173 1067 1258 1099 haec
1292 1065 1340 1098 sit
1371 1063 1557 1119 explicatio
1589 1064 1699 1097 totius

881 1114 1075 1147 sententiae
1099 1109 1225 1157 ἀΐδρεϊ
1245 1124 1286 1155 φ.
1303 1109 1443 1148 ἐοικώς.
1476 1121 1587 1154 neque
1607 1111 1699 1143 enim

882 1159 1088 1213 imperitiam
1114 1158 1282 1202 fingenti,
1313 1157 1375 1190 sed
1400 1156 1579 1201 imperito,
1604 1155 1700 1189 simi-

882 1206 925 1240 lis
958 1205 1066 1239 fuisse
1103 1205 1230 1238 dicitur
1255 1203 1413 1260 Ulysses.
1473 1203 1517 1236 de
1545 1215 1573 1247 ςο
1599 1206 1634 1236 et
1659 1214 1701 1243 ος

882 1252 1035 1286 confusis
1059 1264 1093 1285 v.
1119 1263 1195 1285 ann.
1225 1251 1267 1284 ad
1292 1248 1337 1296 β’,
1362 1249 1464 1293 642.)
1499 1247 1606 1284 ε’νεκα
1630 1261 1699 1284 του

881 1297 931 1343 μὴ
973 1297 1120 1343 ἀπάτης
1151 1295 1340 1333 ὑπόνοιαν
1381 1296 1583 1341 ἐμποιῆσαι
1620 1299 1703 1338 τοῖς.-

887 1346 1020 1389 Τρωσί.

928 1393 1008 1428 220.
1056 1391 1175 1436 φαίη
1152 1403 1205 1435 ης
1228 1402 1289 1425 κε.
1339 1386 1438 1428 εἶπες
1464 1384 1530 1431 ὃὶν,
1555 1386 1581 1446 η’
1609 1386 1701 1425 ὑπέ-

882 1440 1002 1483 λαβες.
1037 1438 1160 1483 (φαίη
1186 1450 1240 1476 τις
1265 1434 1324 1471 ἄν.
1360 1436 1404 1469 cf.
1429 1437 1518 1477 392,
1545 1434 1590 1478 6,
1616 1438 1698 1473 223.

885 1490 951 1518 etc.
977 1485 1031 1517 Ex
1053 1486 1118 1528 H)
1167 1483 1263 1525 ζάκ.
1298 1480 1400 1517 πάνυ
1431 1479 1590 1527 ὀργίλον.
1621 1483 1699 1528 (qui

883 1530 979 1574 loqui
1003 1542 1070 1564 non
1095 1530 1207 1585 possit
1233 1540 1345 1584 neque
1363 1528 1454 1573 apud
1481 1540 1518 1563 se
1543 1529 1589 1563 sit
1612 1541 1700 1587 prae

883 1576 1072 1610 iracundia.
1121 1573 1222 1617 ἅπαξ
1245 1572 1452 1632 λεγόμενον.
1498 1595 1535 1600 —-
1579 1589 1627 1611 τε
1650 1595 1700 1602 -

882 1621 931 1657 τὲ
957 1621 1216 1667 intelligendum
1243 1626 1296 1655 est
1317 1618 1338 1665 ἢ
1354 1640 1399 1646 —
1424 1635 1460 1666 η,
1485 1625 1522 1654 ut
1542 1623 1700 1668 Aeschy-

882 1670 933 1703 lus
959 1669 1072 1703 Theb.
1096 1671 1195 1704 991³
1221 1666 1346 1712 δράτω
1372 1680 1409 1702 τε
1432 1644 1538 1708 πόλις
1559 1670 1621 1705 και
1644 1669 1696 1716 μή

884 1716 1008 1760 δράτω
1033 1715 1131 1754 Τούς
1153 1717 1349 1755 κλαίοντας
1361 1716 1599 1770 Hokvvsfflnrsv
1625 1717 1699 1750 Ειι-

882 1763 950 1807 ri.p
981 1761 1375 1817 Ηει301.153.·φε’ρ
1427 1759 1581 1803 ἀντίθες
1612 1761 1699 1822 γὰρ,

882 1808 1017 1844 τούσδε
1050 1805 1085 1842 τ’
1121 1809 1174 1848 εἰς
1197 1812 1309 1853 γαῖαν
1333 1807 1483 1852 παρεις,
1513 1807 1633 1853 Ημοῖς
1656 1808 1696 1844 τ’

883 1854 996 1895 εάσας
1031 1852 1192 1898 ἐξάγειν,
1226 1856 1263 1889 τί
1294 1857 1502 1897 κερδανεῖςε
1537 1867 1612 1890 nam
1646 1857 1703 1891 sic.

883 1901 1102 1936 scribendum
1127 1913 1203 1934 esse
1227 1902 1400 1939 arbitror,
1437 1907 1579 1936 auctore
1611 1903 1693 1937 Rei-
1699 1923 1703 1927 -

883 1949 970 1989 skio,
996 1959 1058 1992 pro
1074 1945 1206 1982 τούσδε
1230 1945 1279 1992 γ’.
1307 1967 1351 1973 -
1377 1945 1587 1992 άφρονα,
1610 1951 1703 1984 stul-

883 2000 978 2035 tum‚·
1004 1995 1169 2038 ineptum,
1196 1994 1254 2039 qui
1280 2005 1483 2051 progressus
1508 1997 1550 2029 ad
1576 1995 1692 2029 dicen-
1680 2015 1704 2022 --

885 2041 962 2074 dum
986 2052 1054 2074 non
1079 2040 1221 2074 diceret.
1255 2060 1300 2065 —
1335 2054 1391 2075 αν
1404 2054 1510 2082 τως
1547 2043 1615 2084 sic,
1648 2042 1705 2077 sic

882 2091 1034 2127 temere,
1050 2084 1320 2142 ἀφρονοῦντα
1353 2085 1486 2128 αὕτως.
1540 2090 1585 2122 cf.
1616 2088 1703 2124 224..

883 2133 988 2166 Sch.·
1016 2129 1149 2172 etism
1184 2134 1332 2178 [vulgo:
1370 2130 1462 2179 ἅφρ.
1488 2132 1537 2168 θ’
1562 2130 1704 2178 αὕτως,

882 2179 945 2213 sed
970 2180 1056 2214 Ven.
1082 2180 1210 2225 aliique
1235 2181 1336 2214 codd.
1367 2182 1478 2215 bonae
1501 2186 1626 2223 notae,
1658 2187 1705 2216 1112

882 2237 946 2260 nos
971 2231 1006 2260 et
1030 2226 1163 2282 pridem
1188 2227 1263 2270 W.]
1310 2224 1510 2270 ὡσαύτως,
1545 2224 1703 2272 ὁμοίως.

883 2283 916 2306 v.
942 2284 1018 2306 ann.
1044 2273 1089 2306 ad
1114 2271 1163 2314 α’,
1189 2274 1269 2308 133.

929 2320 1009 2355 222.
1057 2319 1120 2354 καὶ
1161 2317 1296 2364 λόγους
1337 2320 1500 2362 πολλους
1529 2320 1592 2357 καὶ
1623 2333 1703 2357 πυ·-

881 2378 1006 2405 κνονς.
1064 2364 1133 2411 τήν
1165 2365 1235 2410 γάρ
1268 2369 1400 2425 συνεχῆ
1430 2368 1491 2403 καὶ
1517 2367 1702 2405 σύντονον

884 2410 1024 2467 φράσιν
1056 2414 1126 2448 τοῦ
1158 2412 1365 2454 Ὀδυσσέως
1397 2414 1572 2459 νιφάδων
1607 2416 1703 2462 βολῇ

883 2457 1017 2501 εἰκάζει
1041 2464 1107 2493 etc.
1135 2460 1217 2494 Sch.
1255 2461 1403 2502 Quintil.
1429 2463 1450 2498 l.
1471 2474 1500 2496 c
1527 2462 1570 2495 ad
1594 2462 1701 2498 214.“,ι

883 2518 923 2540 ex
939 2518 997 2539 ore
1016 2506 1171 2540 Nestoris
1190 2508 1277 2541 dixit
1295 2509 1481 2542 dulciorem
1496 2510 1598 2542 melle
1615 2520 1701 2552 pro-

875 2554 990 2596 fluere
1016 2564 1232 2594 sermonem5
1255 2566 1325 2598 qua
1353 2560 1444 2589 certe
1469 2556 1700 2591 delectatione

883 2599 970 2632 nihil
988 2600 1087 2644 fingi
1112 2601 1226 2642 majus
1254 2606 1376 2643 potest.
1433 2602 1495 2634 scd
1526 2613 1699 2636 summam.

884 2656 1092 2689 aggressus,
1117 2651 1155 2679 ut
1176 2647 1212 2679 in
1235 2647 1370 2691 Ulysse,
1389 2649 1599 2689 facundiam
1619 2659 1698 2681 ma·-

882 2693 1103 2736 gm'tudinem
1119 2693 1173 2726 illi
1194 2692 1454 2738 (delectationi)
1469 2695 1615 2738 jum-im
1639 2695 1699 2728 cut

882 2738 1074 2772 orationem
1101 2739 1235 2771 nivibus
1263 2740 1414 2773 hibernis
1431 2746 1466 2774 et
1491 2741 1591 2784 copia
1615 2752 1694 2774 ver-

883 2785 1001 2818 borum
1021 2790 1125 2829 atque
1144 2786 1274 2828 impetu
1290 2797 1413 2829 parem
1430 2787 1562 2820 tribuit.

925 2832 1008 2867 223
1054 2830 1116 2874 ἐρ.
1160 2831 1447 2876 φιλονεικήσειε,
1485 2830 1693 2877 ἐξισωθείη.

881 2875 962 2911 Sch.
994 2877 1229 2934 adscripscrat
1247 2878 1434 2923 Bentl.1p',
1455 2881 1534 2919 792,
1560 2879 1693 2923 Odyss.

880 2921 924 2964 τ’,
949 2924 1037 2965 286,
1063 2923 1118 2966 ψ’,
1148 2926 1225 2961 126.
1249 2925 1296 2959 Η.

925 2969 1006 3005 224.
1054 2967 1136 3006 ὧδ’
1158 2968 1221 3015 ἀγ.
1248 2971 1375 3005 dictum
1399 2972 1453 3004 est
1477 2971 1515 3002 ut
1541 2967 1694 3014 ἄφρονα

881 3012 1004 3059 αὔτως
1025 3018 1126 3059 22οη
1149 3029 1219 3052 uon
1235 3017 1298 3061 sic,
1324 3028 1392 3051 non
1416 3020 1559 3059 temere,
1583 3017 1692 3052 mira-
