1811 3269
93 194 149 234 20

724 195 1129 237 ΟΜΗΡΟΥ

265 301 429 346 οὕνεκα
458 303 543 374 cdve
567 303 750 374 Χρύσην
779 303 961 375 ἠτίμησ’
974 304 1189 378 ἀρητῆρα

261 358 488 429 Ἀτρείδης
521 358 546 404 ὁ
575 360 659 416 γὰρ
691 365 800 416 ἠλθε
828 362 941 413 θοὰς
969 362 1039 406 ἐπὶ
1069 366 1181 434 νῆας
1203 361 1400 418 Ἀχαιῶν,

262 416 522 489 λυσόμενός
543 433 587 460 τε
618 395 843 490 θύγατρα,
873 420 1027 490 φέρων
1054 437 1077 461 τ
1134 419 1348 491 ἀπερείσι’
1379 419 1554 472 ἄποινα,

262 473 469 544 στέμματ’
478 473 610 541 ἔχων
641 474 688 517 ἐν
717 475 863 530 χερσὶν
893 474 1114 548 ἑκηβόλου
1137 475 1411 549 ’Λπόλλωνος

179 531 230 574 15
259 530 429 589 χρυσέῳ
461 529 545 574 dvo&
577 529 811 592 σπήπτρῳ,
843 532 917 576 καὶ
947 533 1138 576 ἐλίσσετο
1168 531 1337 585 πάντας
1361 532 1573 589 Ἀχαιοὺς,

93 642 251 689 Αττικὴν
269 648 501 689 συγκαλεῖται
526 640 592 680 τὸν
611 642 730 701 ὄχλον,
756 646 817 682 καὶ
832 661 899 682 πα-

90 692 358 736 ρασημαίνεται
385 690 451 726 τὸν
481 689 647 735 ἀριθμόν
674 691 798 729 λάεσιν
819 692 901 738 ἤτοι

89 739 213 778 λίθοις
238 744 305 772 etc.
330 738 410 771 mihi
434 750 501 772 vox
535 738 625 778 λαὸς
650 740 824 784 pertinere
849 740 900 773 vi-

89 784 191 818 detur
224 784 269 817 ad
300 783 400 825 λαω,
431 784 522 818 sicut
553 785 644 824 λεως
669 787 712 819 ad
746 786 835 825 λε’ω,
862 791 901 820 ut

90 830 230 875 proprie
267 835 364 864 notet
389 809 573 872 9videntes,
608 833 641 865 h.
664 843 696 864 e.
731 832 900 871 viventes,

88 876 293 920 metonymia
317 876 401 910 satis
424 878 564 911 usitata.
584 877 773 922 significari
791 878 902 911 solent

88 923 154 956 hoc
172 922 304 956 nomine
319 934 373 967 ap.
387 922 570 956 Homerum
583 925 720 965 milites,
742 924 901 968 quoniam

88 968 132 1002 de
156 968 200 1002 iis
224 969 299 1002 fere
323 980 432 1002 sermo
453 975 506 1002 est
530 969 565 1003 in
588 971 662 1014 ejus
682 971 901 1004 carminibus.

88 1018 239 1049 ceterum
264 1015 345 1048 vide
368 1015 572 1049 Schneideri
591 1017 655 1049 lex.
681 1027 734 1059 gr.
761 1017 795 1049 h.
822 1029 853 1049 v.

136 1062 192 1095 11.
245 1060 328 1096 τόν
371 1060 562 1106 Χρύσην
609 1073 684 1095 cum
733 1062 900 1103 articulo,

87 1118 156 1151 quo
190 1106 244 1140 vir
278 1107 510 1152 distinguatur
545 1109 588 1142 ab
617 1107 744 1166 oppido
770 1120 900 1163 cogno-

88 1152 169 1186 mini
205 1154 387 1197 (37,100
416 1155 525 1198 etc.):
565 1154 620 1187 vel
661 1153 801 1189 ἐκεῖνον
835 1152 899 1189 τόν

88 1201 168 1242 Χρ.,
202 1199 360 1243 Chrysen
385 1199 478 1233 illum
503 1199 738 1242 notissimum,
762 1200 806 1234 de
831 1213 897 1244 quo

88 1245 185 1279 multi
233 1246 411 1284 dixerunt,
463 1247 627 1291 cujusque
671 1258 795 1290 magna
832 1247 898 1281 fuit

87 1303 146 1371 alii
181 1291 514 1372 ⁵33¹¹¹¹35A⁹1v⁰1¹¹i3i1¹¹¹
558 1293 897 1374 ³⁰3⁶g‘3‘¹‘25.-<³‘?13·

86 1349 122 1429 {f
145 1350 248 1425 ἶσα-ξ
263 1384 310 1416 w
327 1350 686 1428 §.aeiafianepinaffi's’
703 1350 899 1419 1783‘2312

86 1436 145 1464 tae
179 1442 214 1475 p.
239 1431 296 1464 38.
326 1441 425 1474 seqq.
451 1435 539 1471 etc.;
575 1430 635 1463 sed
671 1430 774 1464 etiam
809 1430 898 1470 loca,

87 1476 214 1529 qualia
230 1480 310 1509 sunt
332 1477 480 1517 7o‚106,
500 1478 576 1515 107.
596 1475 678 1518 342,
706 1478 786 1512 552.
810 1476 898 1510 male

88 1523 128 1557 P.
147 1521 297 1577 Knight
316 1528 458 1556 auctore
478 1522 899 1567 1Ἶγῐῐεη53011ἰο.ο.τοι

87 1571 157 1611 Χρ.
181 1587 227 1593 --
260 1566 505 1613 ἀρητῆρα,
533 1573 776 1612 precatorem,
811 1568 845 1601 h.
867 1579 898 1601 e.

85 1613 339 1655 sacerdotem,
356 1615 437 1658 quia
476 1615 694 1648 sacerdotum
729 1619 783 1647 est
818 1625 898 1658 pre-

87 1661 160 1695 cari
185 1660 269 1695 deos
293 1660 384 1694 inter
416 1661 690 1695 sacrificandum.
716 1660 783 1693 fuit
807 1659 895 1693 enim

87 1707 242 1750 Chryses
256 1705 420 1751 Apollinis
433 1708 598 1740 sacerdos
613 1706 708 1750 (23.)
727 1706 896 1751 Chrysae,

87 1753 131 1786 de
155 1764 222 1797 quo
247 1752 374 1798 oppido
401 1752 580 1794 Eetionis,
607 1752 701 1797 regis
725 1752 897 1795 Thebani,

88 1800 216 1833 Strabo
243 1801 363 1840 13,1.,
389 1798 457 1833 vol.
477 1800 510 1833 3.
530 1811 563 1843 p.
584 1800 663 1834 310.
683 1798 736 1831 ed
759 1799 899 1832 Tauch—

87 1842 231 1887 11ἰΖ.ἡ
259 1847 298 1880 δὲ
333 1843 465 1888 Χρύσα
497 1844 558 1879 ἐπὶ
593 1843 767 1901 θαλαττῃ
795 1846 898 1879 πολί-

86 1904 192 1937 χνιον
210 1889 269 1947 ἧν,
296 1890 379 1934 ἕχον
395 1890 534 1936 λιμένα·
560 1892 721 1947 πλησίον
733 1889 772 1927 ὸὲ
786 1891 897 1934 νπὲρ-ε

86 1951 205 1974 κειται
228 1934 251 1983 ἡ
279 1937 396 1983 Θήβη.
433 1939 602 1973 ἐνταῦθα
626 1935 667 1971 δὲ
699 1936 744 1982 ἠν
767 1938 829 1972 καὶ
854 1936 896 1971 τὸ

88 1983 189 2042 ἱερὸν
219 1986 289 2019 τοῦ
323 1984 523 2040 Σμινθέως
560 1981 804 2024 Ἀπόλλωνος,
838 1983 900 2018 καὶ

88 2028 309 2076 ἡΧρυσηΐς.
326 2028 522 2075 ἠρήμωται
547 2028 588 2065 δὲ
608 2032 676 2064 νῦν
701 2029 742 2064 τό
764 2033 900 2074 χωρίον

87 2078 235 2117 τελέως
273 2078 326 2117 εἰς
360 2077 398 2113 δὲ
438 2077 506 2123 τὴν
540 2078 610 2111 νῦν
641 2076 796 2119 Χρύσαν
830 2076 899 2121 τήν

87 2123 184 2160 κατὰ
202 2122 394 2167 Αμαξιτὸν
414 2125 468 2170 (p.
485 2124 582 2167 117.)
607 2125 832 2165 μεθίδρυται
854 2122 896 2160 τό

89 2170 189 2215 ἱερὸν
204 2183 237 2205 e
226 2174 269 2203 c.
282 2170 325 2204 cf.
348 2174 401 2207 18.
415 2181 590 2203 —versus
602 2176 654 2203 est
673 2170 895 2224 spondiacus.

88 2218 192 2252 meris
217 2217 388 2272 spondeis
402 2221 562 2250 constant
597 2216 635 2250 ll.
658 2215 700 2257 λ’,
735 2218 827 2257 130,
841 2214 895 2259 ψ,

88 2266 182 2305 221.,
207 2263 334 2307 odyss.
359 2260 401 2303 0¹,
435 2262 528 2305 334,
555 2260 608 2304 φ’,
646 2263 713 2304 15,
739 2261 779 2306 χ’,
819 2264 896 2304 175',

91 2313 171 2351 192,
196 2313 234 2343 ut
258 2309 303 2341 W
329 2308 525 2347 annotavit.
557 2308 616 2353 qui
649 2320 770 2343 versus
794 2320 899 2353 prae-

89 2360 144 2390 ter
168 2355 467 2399 antepenultimum
489 2354 646 2398 usurpati
668 2361 750 2389 sunt
775 2355 810 2388 in
842 2367 899 2389 re·-

89 2403 153 2437 bus
175 2401 332 2435 tristibus
356 2408 459 2457 atque
483 2401 625 2437 odiosis.

139 2450 193 2484 12.
232 2448 357 2505 ρθοαὶ.
400 2445 440 2482 δὲ
483 2449 569 2491 νῆες
611 2445 634 2492 ἢ
664 2450 812 2490 ταχεῖαι
845 2446 902 2489 (ut

89 2494 188 2530 θοὸν
228 2492 327 2537 ἅρμα
362 2494 400 2527 11.
427 2492 498 2549 ρ’,
500 2494 593 2530 458
638 2505 683 2527 v.
707 2495 900 2527 Buttmann

91 2541 200 2574 Lea-il.
227 2542 262 2575 2.
296 2552 327 2585 p.
353 2540 452 2584 600,
474 2537 528 2597 ἢ,
565 2537 684 2585 ὡσπερ
717 2539 817 2574 θοὸν
842 2538 899 2584 βέ-

91 2589 154 2627 λος
177 2585 219 2620 τό
246 2584 311 2628 ὀξύ
346 2587 417 2629 (2),
445 2584 544 2620 οὕτω
569 2586 662 2622 θοαὶ
686 2587 748 2621 καὶ
773 2584 898 2626 αὐταὶ,

93 2646 143 2673 ως
177 2631 295 2674 ὀξεῖαι
325 2646 372 2667 τα
397 2633 479 2675 περὶ
511 2646 688 2676 πρωραν
714 2633 776 2667 ἵνα
801 2645 900 2687 ταχυ

92 2677 192 2715 οὕτω
209 2678 367 2720 πλέοιεν,
392 2679 590 2723 τέμνουσαι
607 2679 703 2722 ρᾷον
722 2679 764 2713 τό
784 2676 900 2721 ὕδωρ.

92 2727 135 2762 Ε.
178 2725 370 2771 posteriore
410 2737 512 2759 sensu
538 2727 763 2759 Buttmannus
796 2726 901 2759 semel

93 2771 230 2863 Opdys}I
232 2782 296 2857 2¹1:
308 2773 491 2862 29ἓῗρπίιῐο
519 2770 902 2852 ΙζὲἓὸΕἶιὶῗίἳσᾶυίοῗῐςι-

93 2864 188 2898 sulae
210 2863 395 2907 quaedam,
417 2830 557 2906 ’qusZm
582 2869 662 2908 post
685 2864 819 2904 dictae,
846 2868 901 2897 te-

93 2914 148 2943 ste
177 2910 378 2954 geographo
412 2912 443 2944 8.
478 2921 512 2954 p.
547 2911 627 2945 350.
660 2910 740 2944 351.
774 2914 809 2942 et
843 2911 898 2943 10.

122 2982 129 2989 .
153 2954 249 2997 458.,
275 2957 443 2989 vocantur
465 2957 574 3000 νῆσοι
596 2956 714 2991 θοαί·
706 2980 714 2988 .
739 2955 899 2998 idemque

113 2999 244 3036 θόωσα
267 3000 354 3034 dixit
378 3013 411 3047 p.
436 2999 580 3045 ὥξυνα,
605 3008 644 3035 ut
666 3002 732 3046 Ap.
757 3006 900 3035 annota-

98 3046 149 3081 vit
175 3059 209 3082 v.
231 3047 381 3093 θοῇσιί·
399 3049 466 3090 sed,
495 3047 694 3094 Apollonius
723 3047 898 3089 ahod-1,

947 649 1002 683 79.
1029 647 1133 680 habet
1167 648 1279 687 θοοῖς
1312 645 1492 691 γόμφοις.
1530 650 1565 681 et
1588 648 1623 688 3,
1657 648 1756 684 1281-

945 695 1055 728 θοῶν
1081 691 1272 733 ὀδόντων,
1306 699 1343 726 et
1366 693 1409 734 4,
1438 695 1536 729 1683.
1560 695 1673 734 θοοῖς
1696 707 1760 729 πε-

946 738 1118 774 λέκεσσιν.
1145 744 1200 773 est
1229 739 1292 772 hoc
1314 751 1355 772 ex
1380 739 1448 773 illis
1473 739 1648 784 epithetis»,
1672 751 1760 784 quae

948 786 1107 819 ornantia
1141 785 1258 818 vocari
1301 785 1434 826 solent,
1467 786 1542 818 sive
1577 792 1758 831 perpetua.

947 836 986 865 ut
1010 833 1135 877 quibus
1168 842 1387 875 personarum
1426 832 1480 864 vel
1518 843 1626 864 rerum
1659 843 1759 885 prae-

949 878 1050 922 cipua
1090 877 1257 922 quaedam
1293 877 1507 921 significetur
1552 879 1759 921 proprietas,

949 924 1045 968 cujus
1071 930 1231 968 expertes
1257 935 1300 956 ne
1325 923 1471 967 cogitari
1497 922 1630 967 quidem
1642 935 1758 978 posse

947 971 1142 1011 videantur,
1170 971 1266 1003 velut
1287 966 1389 1012 ὕδωρ
1415 968 1608 1023 appellatur
1632 966 1757 1013 ὑγρὸν,

948 1016 1096 1050 Achilles
1117 1015 1322 1059 ποδαρκης,
1346 1016 1436 1049 Juno
1456 1013 1698 1056 λευκώλενος,
1721 1020 1759 1049 et

949 1063 981 1096 h.
1008 1063 1029 1096 l.
1056 1072 1160 1095 naves
1185 1062 1298 1102 θοαὶ,
1325 1060 1403 1097 421.
1432 1059 1644 1103 ωκυπόροι,
1671 1073 1756 1106 qua-

947 1109 997 1143 les
1029 1107 1185 1141 nimirum
1218 1119 1294 1141 esse
1327 1108 1454 1141 debent
1484 1107 1520 1140 in
1544 1118 1626 1141 usus
1650 1108 1757 1141 horni—

946 1166 1036 1190 num.
1061 1166 1173 1198 neque
1198 1155 1286 1187 enim
1311 1158 1380 1186 tum
1404 1153 1618 1197 navigabant
1643 1155 1758 1188 Grae-

945 1200 975 1234 ci
992 1227 1001 1240 ‚
1026 1201 1088 1233 sed
1119 1205 1234 1233 castra
1258 1199 1375 1234 metati
1401 1206 1519 1241 erant,
1555 1199 1698 1240 navibus
1722 1200 1756 1234 in

944 1252 1068 1280 terram
1111 1247 1254 1287 tractis,
1298 1245 1527 1290 tentoriisque
1573 1250 1653 1280 ante
1697 1256 1757 1280 eas

945 1292 1131 1337 dispositis.
1160 1290 1229 1335 (α’,
1250 1293 1330 1333 306,
1350 1293 1431 1333 328,
1448 1293 1527 1327 485.
1552 1302 1648 1337 sequ.
1668 1292 1756 1336 etc.)

944 1339 987 1371 cf.
1014 1340 1094 1378 300,
1120 1338 1187 1373 371
1215 1342 1281 1373 etc.

993 1385 1047 1418 13.
1074 1388 1091 1418 λ
1104 1397 1125 1417 υ
1140 1395 1170 1417 σ.
1201 1382 1260 1417 ὅτι
1279 1382 1337 1418 ἐπὶ
1357 1380 1599 1439 αἰχμαλώτων
1621 1379 1756 1426 ἐξωνή-

947 1441 1037 1469 σεως
1072 1430 1210 1465 οἰκεῖον
1245 1429 1287 1463 τὸ
1325 1428 1550 1464 λύεσθαι.
1578 1427 1669 1464 ὅθεν
1694 1429 1756 1464 καὶ

945 1474 1061 1518 λύτρα
1093 1489 1139 1510 τα
1166 1477 1268 1519 δωρα
1292 1474 1458 1532 λέγονται
1484 1489 1529 1510 τα
1565 1476 1618 1517 εἰς
1643 1475 1755 1510 τοῦτο
1810 1514 1811 1520 ¹

947 1521 1142 1562 διδόμενα.
1179 1521 1224 1557 τοὶ
1260 1519 1301 1556 δ’
1337 1521 1436 1556 αὐτα
1468 1522 1530 1556 καὶ
1571 1535 1755 1556 αποινα

944 1573 1010 1601 etc.
1032 1569 1075 1602 Ε.
1097 1580 1182 1601 cave
1203 1581 1340 1604 αποινα
1365 1568 1422 1602 illa
1435 1579 1494 1601 seu
1514 1565 1631 1612 λύτρα
1654 1568 1756 1602 intel-

944 1613 1032 1657 ligas
1067 1625 1238 1655 nummos,
1274 1625 1416 1659 quorum
1442 1625 1523 1647 usus
1560 1614 1756 1659 incognitus

944 1664 1016 1693 tum
1049 1660 1134 1702 ruit,
1169 1659 1230 1694 sed
1269 1671 1405 1700 aurum,
1440 1666 1639 1704 argentum,
1674 1671 1755 1701 aes,

943 1707 1090 1747 ferrum,
1126 1713 1311 1751 vestesque
1341 1706 1526 1750 pretiosas.
1560 1718 1596 1740 v.
1623 1705 1674 1761 ζ’ζ
1697 1704 1755 1742 46.

944 1763 1043 1809 seqq.
1069 1752 1184 1796 οἷπερ
1199 1755 1325 1787 είσια
1348 1752 1437 1786 idem
1460 1758 1513 1786 est
1533 1753 1624 1796 quod
1651 1750 1756 1794 ‹infc-

946 1797 1267 1844 ρέσια,1ῑιεῑτί(1υο
1299 1799 1448 1832 fortasse
1481 1799 1596 1842 gratia
1629 1810 1755 1844 procu—

944 1856 1036 1885 sum,
1074 1851 1113 1879 ut
1137 1845 1203 1879 alia
1228 1850 1393 1878 sexcenta
1415 1845 1483 1878 isto
1510 1851 1672 1891 tempore.
1709 1846 1754 1878 cf.

944 1889 994 1933 ζ
1019 1893 1099 1927 427
1126 1900 1193 1926 etc.
1218 1892 1263 1925 cf.
1289 1891 1339 1932 Ε,
1364 1892 1480 1924 etW.
1505 1902 1559 1935 ap.
1587 1891 1632 1926 U.

996 1937 1050 1972 1.4
1081 1937 1343 1981 στέμματα.
1379 1935 1571 1980 δάφνινα,
1596 1947 1755 1970 coronam

948 1985 1107 2017 lauream
1126 2009 1135 2025 ‚
1182 1985 1454 2028 interpretatur
1468 1983 1530 2016 Ε..
1565 1981 1624 2019 ὅτι
1665 1982 1752 2017 κατ’

949 2029 1067 2073 ἔρωτα
1107 2031 1192 2078 τῆς
1219 2029 1550 2085 μυθολογουμένης
1594 2028 1756 2073 Δαφνης

947 2075 1134 2120 δάφνινον
1169 2078 1215 2120 ἠν
1239 2076 1280 2110 τὸ
1308 2076 1447 2119 στέμμα
1479 2073 1521 2110 τὸ
1544 2089 1612 2111 του
1635 2074 1755 2112 Ἀπόλ-

945 2127 1071 2163 λων-ος.
1100 2123 1264 2166 ejusmodi
1290 2133 1445 2155 coronam
1472 2133 1533 2165 pro
1559 2134 1652 2156 ramo
1677 2122 1754 2155 vul-

944 2171 1021 2214 gari
1047 2170 1239 2213 supplicum
1264 2169 1333 2201 sert
1357 2168 1529 2208 sacerdos,
1555 2173 1591 2201 et
1615 2168 1754 2212 quidem

944 2228 964 2249 e
987 2221 1125 2260 sceptro
1161 2225 1263 2248 aureo
1295 2225 1514 2258 suspensam,
1545 2214 1658 2269 quale
1678 2225 1754 2248 sce-

945 2268 1057 2307 ptrum
1083 2260 1174 2304 gerit
1195 2260 1351 2293 Tiresias
1374 2265 1471 2293 vates
1490 2259 1619 2304 Odyss.
1630 2257 1671 2301 λ,
1683 2262 1739 2295 91.
1732 2284 1755 2302 .,

945 2314 984 2341 ut
1007 2310 1064 2341 W.
1091 2307 1279 2339 annotavit.
1305 2307 1348 2340 cf.
1374 2308 1429 2341 28.
1455 2305 1521 2350 ΕΑ
1545 2309 1695 2350 σημεῖον
1713 2305 1754 2341 δε

947 2356 1151 2410 βασιλείας,
1175 2353 1237 2387 καὶ
1262 2355 1437 2408 λόγων,
1461 2352 1523 2386 καὶ
1546 2353 1664 2397 δίκης,
1690 2366 1755 2388 κα-

943 2399 993 2436 τὰ
1027 2400 1118 2439 τούς
1155 2398 1352 2439 παλαιους
1376 2396 1416 2434 τὸ
1465 2398 1672 2460 σκῆπτρονη
1695 2393 1752 2448 ἦν.

943 2445 1169 2491 Ἀγαμέμνων
1202 2458 1239 2480 τε
1264 2459 1335 2489 γαρ
1362 2441 1380 2478 ὃ
1407 2443 1638 2488 εὐρυκρείων
1652 2445 1755 2480 ιστα-

943 2508 1008 2529 wc
1042 2494 1225 2547 σκῆπτρον
1249 2491 1341 2535 ε’χων
1366 2492 1464 2535 (102.
1489 2489 1536 2537 β’,
1548 2490 1626 2532 461,1
1636 2492 1754 2535 ,1ο-,1.,),

946 2541 1009 2575 καὶ
1038 2537 1249 2583 Τηλεμάχῳ
1256 2539 1533 2592 δημηγοροῦντι
1551 2539 1683 2577 δίδωσί
1698 2551 1754 2579 τις

947 2588 1133 2628 σκῆπτρον
1179 2585 1324 2629 (Odyss
1366 2582 1411 2629 β’,
1446 2584 1502 2619 37.
1513 2584 1543 2628 ).
1577 2581 1755 2625 ωσαύτως

946 2634 1009 2668 καὶ
1031 2630 1203 2675 Ἀχιλλευς
1223 2631 1442 2674 δημηγορίαν
1464 2632 1649 2672 σκῆπτρον
1666 2626 1752 2686 ἔχει·

950 2678 971 2714 ὁ
997 2677 1051 2714 δ’
1072 2677 1188 2717 αὐτός
1222 2676 1416 2718 ἀδικηθεὶς
1448 2675 1531 2714 κατ’
1564 2675 1684 2711 αὐτοῦ
1712 2674 1752 2712 ὅ-

947 2737 1100 2771 μνυσιν,
1128 2721 1177 2762 ὡς
1201 2724 1385 2768 συμβόλου
1419 2724 1484 2766 τῆς
1507 2724 1612 2767 δίκης
1636 2721 1752 2768 (234.)

947 2780 1016 2807 etc.
1040 2791 1082 2796 —
1117 2769 1381 2815 εκηβόλου,
1423 2770 1525 2812 longe
1547 2770 1753 2812 jaculantis,

948 2824 986 2852 ut
1010 2818 1076 2853 dei.
1102 2817 1166 2850 hoc
1191 2816 1344 2870 epitheto
1369 2815 1422 2849 vis
1445 2814 1621 2849 mortifera
1645 2814 1754 2868 Apol·

947 2864 1025 2898 linis
1048 2863 1275 2907 significatur.
1297 2859 1493 2904 Ἑκαεργον
1516 2866 1551 2894 et
1568 2861 1646 2905 ipse
1668 2860 1755 2895 alins

947 2915 1071 2951 vocat,
1107 2914 1143 2942 et
1175 2908 1335 2943 Comicus
1368 2907 1509 2941 T.hesm
1543 2907 1624 2943 924,
1651 2905 1752 2948 vide,

942 2957 1087 3001 jubente
1111 2954 1158 2996 U,
1183 2953 1356 2988 Nitzschii
1381 2964 1457 2988 ann.
1478 2952 1520 2985 ad
1538 2952 1635 2997 Odys
1729 2952 1751 2989 l,

945 3003 974 3037 1.
1000 3015 1034 3047 p.
1063 3003 1140 3043 196.
1165 3019 1210 3026 -
1232 2997 1545 3039 Ἀπόλλωνος.
1570 3000 1616 3032 cf.
1637 2999 1695 3036 2.

987 3050 1046 3085 15.
1070 3044 1274 3093 χρυσέῳ,
1297 3056 1424 3087 aureo,
1458 3045 1494 3079 11.
1516 3057 1548 3081 e.
1581 3035 1783 3085 inaurato,-

1774 3107 1776 3128 l

1770 3154 1775 3228 l

1770 3236 1773 3265 1
