1811 3269
61 137 118 176 92

708 137 1111 180 ΟΜΗΡΟΥ

231 247 399 301 κείατο,
429 247 642 304 γύπεσσιν
670 246 784 291 πολὺ
813 248 1010 303 φίλτεροι
1038 247 1068 305 ἢ
1097 246 1333 304 ἀλόχοισιν

281 327 672 372 Hector·1pse‚1·1sque
696 328 741 362 ad
766 328 861 362 urbis
885 329 1019 363 moenia
1043 328 1222 373 repulsus,
1250 328 1347 363 Jovis
1368 329 1469 373 jussu
1492 327 1654 375 impetum
1679 329 1734 363 fu-

202 374 312 407 rentis
337 373 529 407 adversarii
553 373 716 408 declinat.

296 440 488 512 “Euvppoc
517 441 561 485 6’
593 442 640 485 ἐκ
671 442 834 498 βελέων
861 442 1002 514 ὕπαγε
1033 441 1166 493 Ζεὺς,
1196 442 1244 485 ἐκ
1273 458 1318 485 τε
1347 444 1511 499 κονίης,

230 496 278 540 ἐκ
307 496 350 541 τ’
384 496 727 569 ἀνδροκτασίης,
757 499 804 542 ἔκ
832 498 885 542 θ’

918 502 1120 554 αἵματος,
1152 500 1200 541 ἔκ
1230 514 1274 542 τε
1303 502 1549 570 κυδοιμοῦ·

118 556 200 600 165
227 552 443 610 Ἀτρείδης
479 554 525 598 δ’
555 555 703 607 ἕπετο,
736 555 962 611 σφεδανὸν
992 560 1212 599 Δαναοῖσι
1240 555 1443 600 κελεύων.

229 613 274 654 οἱ
304 611 350 654 δὲ
380 610 489 666 παρ’
507 611 628 656 Ἴλου
659 617 775 669 σῆμα
807 616 998 656 παλαιοῦ
1027 614 1328 666 Δαρδανίδαο,

229 669 390 722 μέσσον
419 671 683 722 καππεδίον,
713 668 819 723 παρ’
853 669 1024 723 ἐρινεὸν
1053 668 1302 742 ἐσσεύοντο,

231 724 395 778 ἱέμενοι
426 725 608 777 πόλιος·
640 725 663 770 ὁ
696 727 742 769 δὲ
774 726 989 782 κεκληγώς
1018 725 1135 770 ἕπετ’
1168 727 1251 769 αιέὶ

226 780 467 853 Ἀτρείδης,
498 783 652 840 λύθρῳ
684 784 730 826 δε
760 783 1005 827 παλάσσετο
1036 789 1182 839 χεῖρας
1213 781 1421 834 ἀάπτους.

118 842 201 882 170
232 837 327 881 ἀλλ’
361 839 434 882 ὅτε
464 840 518 895 δὴ
545 839 718 890 Σκαιάς
749 856 792 882 τε
822 839 964 890 πύλας
994 843 1068 883 καὶ
1099 839 1243 895 φηγὸν
1274 857 1436 893 ικοντο,

230 894 326 938 ἐνθ’
343 895 447 968 ἄρα
478 898 530 952 δὴ
563 899 738 940 ισταντο
773 897 848 939 καὶ
879 895 1094 952 ἀλλήλους
1124 896 1385 951 ανέμιμνον·

230 954 276 995 οἱ
309 951 354 996 δ’
384 954 445 996 ε’τι
475 953 726 1008 καμμὲσσον
754 955 908 996 πεδίον
929 955 1180 1025 φοβέοντο,
1212 955 1313 1009 βόες
1343 953 1417 1005 (ὃς,

229 1008 331 1053 α’στε
360 1009 471 1052 λέων
502 1009 715 1082 εφόβησε,
747 1009 894 1065 μολών
924 1010 970 1054 ἐν
998 1010 1158 1061 νυκτὸς
1173 1010 1381 1082 α’μ,ολγῷ,

228 1067 383 1117 πασας.

106 1182 194 1223 163,
217 1179 274 1216 64.
323 1182 390 1216 hoc
414 1192 537 1215 xersus
556 1181 732 1215 Lucianus
752 1181 875 1225 Nigri-

38 1238 100 1260 ‹no
128 1229 183 1262 18.
208 1227 244 1261 in
268 1239 338 1261 rem
366 1239 460 1261 suam
487 1228 680 1268 convertit3
706 1228 874 1261 historiae

55 1284 138 1307 suae
162 1274 369 1318 subscripsit
394 1274 460 1308 Dio
485 1274 647 1314 Cassius,
674 1274 807 1307 Gellius
826 1275 872 1307 N.

56 1321 98 1355 A.
126 1321 190 1360 13,
214 1319 271 1354 24.
300 1320 414 1364 posuit
450 1320 539 1353 inter
570 1321 724 1364 exempla
755 1332 871 1353 cumu-

55 1365 204 1399 latorum
245 1378 370 1409 magna
411 1378 487 1400 cum
526 1367 560 1399 vi
594 1378 871 1410 synonymorum,

56 1412 335 1456 quemadmodum
372 1417 408 1446 et
435 1414 561 1457 Odyss.
588 1413 630 1454 λ’,
656 1415 736 1447 611.
764 1412 872 1446 dixit:

55 1457 214 1501 υσμῖναί
251 1471 309 1500 τε,
341 1459 478 1517 μάχαι
491 1472 550 1500 τε,
587 1458 704 1513 φόνοι
730 1456 767 1492 τ’
770 1484 781 1498 ,
807 1457 873 1492 οἷν-

57 1505 273 1548 δροκτασίαι
298 1518 347 1540 τε.
382 1525 425 1530 -—
463 1503 510 1540 ἐκ
543 1506 720 1551 significat
754 1503 870 1547 snt-69,

55 1558 94 1585 ut
120 1554 147 1586 A
174 1551 290 1585 Schol.
315 1551 506 1586 annotavit

104 1599 182 1632 165.
233 1596 494 1641 σφεδανόν.
522 1595 591 1641 (π’,
612 1598 695 1638 372,
722 1595 870 1642 φ’,542-

56 1649 112 1678 est
137 1645 236 1689 quasi
262 1656 312 1689 σφ
317 1645 482 1686 αδανὸν,
516 1657 535 1678 a
563 1644 738 1689 σφαδᾷν,
755 1656 870 1700 σφα-

57 1690 203 1733 δάζειν,
238 1697 278 1725 ut
285 1659 429 1725 ‹pcenset
453 1692 578 1731 801111.)
625 1694 710 1735 Ap.:
748 1688 766 1724 ὁ
801 1703 869 1734 μεν

53 1735 188 1772 Απίων
213 1737 380 1782 σκληρόν.
432 1737 485 1773 ε’τι
516 1736 556 1771 δὲ
581 1739 720 1780 μᾶλλον
751 1735 870 1772 ἐπιτε-

54 1783 226 1828 ταμένον.
274 1785 426 1822 intente,
450 1785 590 1818 acriter.
625 1795 691 1816 non
718 1788 770 1816 est
788 1795 869 1827 pro-

55 1830 202 1864 bandum
228 1843 278 1875 σφ
283 1832 448 1871 εδανων,
486 1841 505 1863 a
530 1830 644 1863 nescio
669 1841 739 1873 quo
764 1830 869 1862 verbo

57 1845 278 1919 σφεδανεῖνφ
303 1877 396 1921 quod
420 1877 543 1910 lectum
570 1876 605 1908 in
625 1875 757 1919 aliquot
772 1875 870 1908 libus

55 1925 110 1979 φ’,
134 1923 216 1958 542.
263 1923 480 1957 scholiastae
505 1927 679 1966 exponunt
705 1920 870 1965 σφοδρὸς

54 1968 253 2014 ὑπάρχων,
278 1967 540 2013 ὑπεῤῥωμένος
566 1969 617 2013 τῷ
638 1968 763 2013 θυμῷ,
782 1981 869 2002 κατ-

55 2018 210 2061 επείγων
244 2014 406 2059 αυτούς,
441 2015 595 2059 Hesych.
628 2020 759 2048 autem:
798 2028 868 2058 φο-

54 2062 194 2105 νεύων,
219 2061 327 2102 ὀλλύς
346 2070 425 2101 etc.,
452 2062 510 2106 qui
534 2068 649 2094 tamen
673 2066 708 2094 et
730 2063 869 2105 σφεδα-

55 2108 124 2146 νὸν
157 2111 282 2150 habet,
314 2109 564 2152 interpretatus
594 2106 868 2162 ἐπιτεταμένον,

54 2155 358 2197 συντονώτατον,
371 2153 575 2213 ‚ooeoaqdm
601 2152 682 2196 ο’ξύ.

103 2204 332 2239 166-178.
371 2201 497 2236 Ἴλου
531 2201 664 2244 σῆμα.
700 2201 789 2242 372,
823 2198 867 2244 κ’,

52 2248 134 2284 415.
159 2247 358 2292 ἐρινεόν.
379 2246 420 2290 ζ,
438 2248 575 2282 433-
599 2246 868 2283 ἐσσεύοντο.

52 2294 134 2332 549.
166 2297 266 2329 8011.·
293 2294 486 2352 ἱέμεν-οι
508 2292 702 2333 πόλιος.
736 2292 868 2329 ἐπιθυ-

53 2344 211 2386 μοῦντες
233 2340 407 2376 ἀνελθεῖν
431 2341 489 2375 επὶ
508 2338 574 2383 τὴν
592 2339 711 2376 πόλιν.
727 2360 771 2364 -
795 2354 869 2375 κε-

53 2387 248 2434 κληγτός.
274 2386 313 2429 ε’,
331 2389 412 2423 591.
430 2407 472 2411 -
498 2385 661 2430 λυθρῳ
687 2385 735 2421 δε
763 2390 866 2422 παλ.

54 2435 96 2478 ζ,
128 2435 208 2470 268.
246 2453 290 2459 -
333 2437 498 2478 χεῖρας
533 2446 569 2467 α.
617 2433 664 2474 α’,
699 2433 778 2467 567.
822 2453 868 2458 —

55 2480 253 2522 ὲκαιας
276 2492 325 2515 τε
357 2493 394 2514 π.
420 2480 497 2514 καὶ
524 2479 692 2524 φηγόν.
724 2477 768 2523 γ’,
788 2480 867 2521 145,

55 2526 95 2569 ε’,
120 2529 210 2568 693,
235 2525 276 2568 ζ,
301 2527 380 2561 237.
406 2545 451 2551 —-
479 2525 584 2561 ἔνθ’
601 2527 868 2561 -ῖᾛσταντο

54 2574 162 2608 intell.
190 2573 228 2608 οἱ
251 2585 340 2616 μεν,
373 2572 533 2616 quoniam
566 2573 722 2617 sequitur
748 2572 783 2607 οἱ
808 2572 868 2607 &sse

56 2632 157 2664 quam
179 2619 315 2664 ellipsin
337 2617 457 2661 attigit
480 2619 707 2652 Bornemann.
731 2630 807 2652 ann
824 2619 869 2652 ad

56 2666 216 2724 Xenoph.
237 2666 346 2699 Anab.
365 2663 399 2705 4,
419 2666 451 2705 8,
470 2667 503 2700 9.
528 2665 649 2709 Eurip.
670 2666 732 2698 Or.
754 2663 869 2700 1442-·

57 2713 183 2755 νεκροὶ
214 2708 254 2746 δ’
288 2710 467 2752 ἔπιπτον,
505 2711 540 2745 οἱ
566 2710 607 2745 δ’
630 2710 775 2751 ἔμελλον
801 2717 869 2745 etc.

56 2777 102 2784 -—
127 2758 177 2794 ἐν
201 2756 376 2797 νυκτὸς
400 2755 604 2801 ἀμολγῷ.
631 2756 692 2801 (ο’,
719 2756 801 2794 324,
826 2757 870 2801 χ’,

55 2807 125 2847 28,
147 2806 228 2845 317,
255 2804 325 2859 Od.
351 2804 397 2845 6¹,
421 2802 510 2844 841,
536 2804 567 2837 11.
590 2804 688 2839 Hom.
706 2804 742 2836 in
761 2803 870 2837 Merc-

56 2853 79 2886 7
97 2852 184 2895 etc.)
209 2849 247 2886 ἐν
273 2848 373 2895 ακμῇ
389 2847 541 2906 vvut63.
576 2850 608 2883 Ε
635 2851 678 2883 ad
706 2849 734 2884 o'
741 2873 750 2890 ,
768 2848 869 2885 324:

57 2896 192 2941 Ἀχαιοὶ
227 2895 267 2932 δε
303 2895 398 2931 κατά
434 2909 526 2936 τους
558 2895 871 2953 γλωσσογράφονς

59 2942 281 3001 ἀμολγόν
301 2941 370 2987 τὴν
396 2939 522 2998 ακμήν
542 2954 678 2999 φασινη,
705 2940 754 2982 ὥς
774 2947 870 2977 εἰναι

58 2989 192 3031 νυκτὸς
215 2986 380 3036 οἷμὸλγόν
402 2988 472 3036 τήν
497 2985 620 3034 οἷκμήν
645 2985 730 3034 ἤτοι
745 2988 788 3024 τό
808 2987 871 3034 με’-

444 1071 497 1124 τῇ
529 1067 575 1111 δε
605 1066 647 1110 τ’
679 1068 724 1124 ἰῃ
753 1066 1048 1123 αναφαίνεται
1077 1068 1207 1120 αἰπυς
1239 1067 1446 1123 ὄλεθρος·

922 1194 1008 1242 σον,
1031 1182 1126 1218 κατὰ
1154 1182 1196 1219 τὸ
1221 1182 1404 1228 θέρους
1435 1178 1489 1226 ἦν
1524 1177 1662 1225 ἀκμή.
1687 1199 1731 1205 -

920 1230 981 1264 καὶ
1020 1227 1136 1270 αλλως
1182 1229 1223 1265 δε
1260 1228 1481 1284 ἀμολγὸς
1518 1226 1652 1267 νυκτὸς
1688 1225 1730 1263 τὸ

919 1275 1071 1310 πυκνόν.
1120 1276 1182 1311 καὶ
1214 1276 1290 1311 ἔστι
1323 1275 1416 1320 λαβὴ
1442 1275 1625 1318 σημασίας
1648 1286 1731 1308 τοι-

920 1322 1036 1366 αύτης
1059 1323 1121 1357 καὶ
1145 1321 1239 1366 παρ’
1241 1321 1413 1378 ,ἽῙσιόδῳ
1435 1323 1500 1366 (Ο.
1520 1325 1555 1354 et
1571 1321 1616 1355 D.
1631 1321 1731 1378 588.)

918 1369 958 1405 ἐν
983 1371 1033 1414 τῷ
1057 1368 1184 1413 μᾶζα
1210 1366 1250 1404 τ’
1274 1368 1526 1425 ἀμολγαίη,
1552 1364 1641 1409 ὅπερ
1657 1365 1732 1403 ε’στὶ

918 1416 1113 1460 ποιμενική
1138 1416 1201 1450 καὶ
1232 1415 1373 1460 ἀκμαία
1406 1429 1501 1450 κατα
1531 1413 1596 1450 τὸν
1622 1412 1755 1459 Ἀθή-4

916 1477 1038 1498 ναιον.
1064 1464 1207 1506 (Athen
1228 1464 1261 1497 3.
1283 1475 1316 1508 p.
1340 1464 1405 1497 115
1426 1462 1480 1505 a)
1501 1461 1621 1505 inepta
1639 1466 1731 1502 sunt,

918 1522 1007 1566 quae
1033 1509 1150 1543 addit.
1182 1508 1276 1552 λέγει
1300 1508 1340 1545 δε
1365 1509 1427 1544 καὶ
1451 1508 1621 1543 ἐνταῦθα
1642 1520 1730 1541 νυ-

916 1555 1027 1597 κτὸς
1069 1553 1305 1600 ἀμολγόν,
1351 1554 1410 1591 ὅτι
1446 1552 1493 1590 ον’
1530 1554 1731 1611 μογοῦμεν,

915 1604 1136 1649 πλεονασμῷ
1161 1603 1229 1638 τοῦ
1253 1605 1272 1636 λ
1304 1603 1394 1646 (l),
1431 1598 1456 1646 ἢ
1481 1597 1579 1636 καθ’
1607 1595 1652 1635 δν
1683 1597 1729 1635 οὗ

915 1651 1120 1706 μολουμεν,
1147 1648 1338 1684 ἐπενθέσει
1360 1649 1429 1684 τοῦ
1457 1662 1497 1692 γ,
1522 1645 1546 1692 η’
1569 1646 1638 1682 τὸν
1661 1647 1732 1681 τοῦ

916 1694 1085 1740 α’μέλγειν
1108 1695 1253 1740 καιρόν.
1307 1695 1357 1728 510
1390 1700 1502 1728 tamen
1536 1694 1638 1727 etiam
1671 1693 1730 1727 alii

916 1742 1143 1787 grammatici.
1209 1741 1378 1775 incertum
1417 1741 1575 1785 quidem,
1619 1751 1732 1784 neque

917 1801 1040 1831 unum,
1075 1799 1150 1821 esse
1183 1792 1338 1832 tempus,
1379 1799 1445 1830 quo
1480 1798 1609 1820 vaccae
1644 1786 1731 1820 mul-

916 1840 1085 1878 geantur,
1112 1833 1360 1867 animadvertit
1388 1833 1517 1866 Buttm.
1543 1832 1650 1865 Lexil.
1671 1833 1730 1874 71,

917 1883 971 1920 5.;
996 1879 1155 1924 idemque
1180 1879 1352 1920 ostendit,
1378 1879 1494 1912 verbis
1519 1878 1586 1912 illis
1610 1878 1654 1922 χ’,
1671 1880 1730 1914 27.

917 1925 1085 1971 ἀρίζηλοι
1110 1925 1150 1961 δέ
1176 1925 1213 1960 οὶ
1238 1925 1361 1969 (Sirio)
1390 1925 1502 1969 αὐγαὶ
1530 1927 1732 1960 Φαίνονται

915 1976 1085 2008 πολλοῖσι
1116 1971 1201 2016 μετ’
1234 1970 1389 2016 ἄστροισι
1418 1970 1551 2012 νυκτὸς
1581 1970 1730 2018 ἀμολγῷ

915 2031 1028 2063 neque
1060 2031 1262 2063 vesperam,
1298 2030 1410 2063 neque
1444 2018 1648 2059 diluculum,
1690 2022 1730 2052 ut

915 2066 1013 2100 multi
1038 2066 1297 2106 existimarunt,
1331 2065 1541 2110 significari,
1572 2065 1634 2098 sed
1667 2076 1730 2099 no-

915 2119 1004 2146 ctem
1037 2112 1202 2151 mediam,
1238 2123 1305 2156 qua
1338 2111 1481 2145 maximo
1515 2111 1654 2167 fulgore
1677 2110 1730 2144 lu·-

916 2164 996 2192 cent
1021 2164 1127 2192 astra.
1166 2183 1188 2199 „
1180 2158 1368 2198 ‚Demnach
1391 2158 1440 2191 ist
1456 2156 1590 2198 νυκτὸς
1617 2154 1730 2201 ἀμολ-

915 2203 980 2249 γὸς
1005 2204 1061 2238 die
1085 2207 1220 2248 gr6sste
1243 2205 1356 2237 H6he
1371 2203 1433 2236 der
1465 2204 1603 2244 Nacht,
1640 2204 1730 2238 ohne

917 2251 1005 2284 doch
1048 2252 1110 2284 auf
1139 2251 1205 2283 den
1247 2249 1479 2294 eigentlichen
1512 2250 1630 2284 Punkt
1665 2250 1729 2284 der

916 2296 1145 2330 Mitternacht
1177 2297 1388 2330 beschrfinkt
1412 2307 1454 2329 zu
1486 2296 1573 2330 sein.
1623 2296 1730 2331 Etwa

915 2343 992 2377 eine
1016 2343 1255 2376 Nachtwache
1278 2354 1343 2376 vor
1359 2342 1428 2375 und
1446 2343 1522 2376 eine
1541 2342 1629 2376 nach
1644 2341 1729 2375 Mit-

915 2390 1100 2430 ternacht;
1137 2389 1211 2422 dies
1245 2400 1436 2422 zusammen
1477 2389 1593 2422 macht
1629 2388 1729 2422 einen

914 2435 1112 2478 Zeitraum‚
1139 2435 1205 2468 den
1231 2447 1308 2468 man
1331 2447 1373 2468 zu
1399 2435 1487 2468 allen
1505 2435 1631 2469 Zeiten
1647 2436 1727 2468 mit-

915 2487 975 2515 ten
991 2482 1027 2514 in
1050 2482 1112 2514 der
1141 2482 1258 2515 Nacht
1282 2481 1368 2515 oder
1391 2481 1476 2514 tiefe
1501 2481 1730 2515 vollkommne

915 2528 1032 2562 Nacht
1055 2533 1207 2572 genannt
1230 2528 1302 2565 hat,
1330 2527 1398 2560 und
1423 2527 1457 2560 in
1479 2527 1604 2560 dessen
1618 2533 1729 2561 erster

917 2574 1038 2607 Halste
1081 2573 1143 2607 der
1177 2574 1395 2607 Abendstern
1436 2573 1487 2606 oft
1528 2573 1564 2606 in
1600 2572 1728 2606 seinem

917 2620 1146 2654 herrlichsten
1171 2620 1307 2653 Glanze
1330 2620 1462 2652 steht.“
1509 2619 1560 2652 ita
1584 2619 1638 2652 vir
1666 2630 1728 2652 sa-

917 2678 1003 2709 gax,
1030 2667 1127 2709 cujus
1152 2666 1193 2698 ad
1219 2666 1342 2699 librum
1369 2665 1583 2699 utilissimum
1607 2665 1728 2698 remit-

917 2719 953 2746 to
979 2713 1139 2746 lectores.
1182 2713 1331 2745 Hessus:
1355 2723 1480 2745 caecae
1495 2712 1556 2745 sub
1575 2717 1728 2754 tempore

916 2759 1034 2791 noctis.
1083 2758 1237 2801 vulgaris
1260 2758 1451 2801 interpres·
1482 2762 1583 2791 nocte
1602 2758 1728 2791 intem-

914 2810 1025 2848 pesta.
1067 2804 1251 2838 Dacieria:
1273 2804 1431 2847 pendant
1456 2803 1486 2837 l'
1496 2804 1665 2838 obscurite
1684 2803 1727 2837 de

917 2852 954 2884 la
984 2851 1071 2883 nuit.
1129 2850 1385 2884 inconsiderate
1420 2850 1583 2893 Vossius,
1619 2849 1727 2883 dubia

916 2896 1093 2930 notatione
1126 2896 1250 2930 ductus
1285 2895 1444 2930 vocabuli
1478 2894 1658 2942 οἶμολγόςε
1689 2896 1727 2929 iu

916 2943 1160 2976 ἀᾶπιτηενηάεν
1184 2943 1308 2976 scande
1332 2943 1392 2976 des
1415 2943 1579 2984 melkens.
1601 2962 1648 2967 —
1670 2942 1727 3000 τῆ

916 2988 965 3024 δε
986 2987 1022 3024 τ’
1050 2989 1110 3034 ἰῇ.
1151 2989 1240 3022 male
1261 2988 1365 3023 Sch..
1396 2990 1467 3035 μιᾷ
1497 2989 1539 3027 δέ
1562 3001 1636 3025 τινι
1658 3001 1728 3024 αυ-
