1811 3269
86 124 145 165 88

723 117 1121 160 ΟΜΗΡΟΥ

175 233 232 277 65
261 228 367 282 τούς
397 228 470 284 ὅγε
500 226 770 286 συγκαλέσας
808 227 1000 298 πυκινήν
1037 228 1275 300 η’ρτύνετο
1286 227 1472 299 βουλήν·

339 289 532 340 ,,Κλῦτε,
565 287 701 353 φίλοι.
737 284 860 336 θεῖός
888 301 965 354 μοι
998 286 1208 329 ἐνύπνιον
1245 280 1412 342 ἦλθεν’
1412 286 1608 342 Ὀνειρος

263 344 509 413 ἀμβροσίην
539 342 611 386 διὰ
640 339 801 384 νύκτα·
842 341 1028 397 μάλιστα
1066 343 1111 386 δὲ
1141 342 1334 396 Νέστορι
1364 344 1444 398 δίῳ

261 400 378 452 εἶδός
405 416 476 471 vs,
508 396 691 470 μέγεθός
720 414 786 447 τε,
816 398 938 455 φυήν
965 398 1007 442 τ’
1038 398 1218 454 ἄγχιστα
1247 399 1383 456 ἐῴκει.

261 462 341 513 στῆ
372 455 416 500 6'
447 454 523 526 ἄρ’
553 454 663 511 ὑπὲρ
693 459 910 511 κεφαλῆς,
939 457 1013 499 καί
1039 471 1090 512 με
1120 456 1229 509 πρὸς
1257 460 1407 512 μῦθον
1439 455 1606 500 ἔειπεν·

177 519 232 561 60
262 515 427 564 εὕδεις,
460 510 633 566 Ἀτρέος
661 512 730 555 υἱὲ
759 513 1005 567 δαΐφρονος
1042 512 1332 583 ἱπποδάμοιο,

265 568 320 615 οὐ
354 568 434 625 χρὴ
465 569 709 641 παννύχιον
739 569 883 612 εὕδειν
912 568 1201 639 βουληφόρον
1231 569 1386 623 ἄνδρα,

264 630 299 685 ᾠ
335 627 436 670 λαοί
465 624 510 668 τ’
540 624 902 684 ἐπιτετράφαται,
939 625 1015 669 καὶ
1042 625 1180 668 τόσσα
1214 625 1416 695 μέμηλεν.

263 687 348 727 νῦν
378 680 422 726 6‘
456 681 611 737 ἐμέθεν
640 681 764 752 ξύνες
795 684 908 725 ώκα·

961 681 1069 733 Διὸς
1099 683 1146 726 δέ
1176 699 1245 725 τοι
1274 681 1452 737 ἄγγελός
1480 684 1580 739 εἰμι,

263 739 313 792 ὅς
343 751 418 783 σευ
449 739 637 783 ἄνευθεν
667 737 752 782 εών
783 738 892 794 μέγα
922 737 1098 795 κήδεται
1134 738 1207 811 ἠδ’
1248 738 1445 792 ἐλεαίρει.

178 801 232 844 65
261 797 461 852 θωρῆξαί
499 795 541 840 σ’
575 792 769 839 ἐκέλευσε
797 796 1168 865 καρηκομόωντας
1193 794 1392 866 Ἀχαιούς

263 855 507 923 πανσυδίη·
539 856 625 896 νῦν
653 850 754 924 γάρ,
769 868 845 895 κεν
876 851 991 902 ἕλοις
1019 851 1149 896 πόλιν
1175 851 1449 923 εὐρυάγυιαν

270 908 551 981 Τρώων.ού
580 908 663 978 γὰρ
695 907 754 952 ἔτ’
786 907 924 980 ἀμφὶς
949 908 1167 965 Ὀλύμπια
1197 907 1362 964 δώματ’
1400 909 1567 965 ἔχοντες

267 965 489 1011 ἀθάνατοι
528 965 789 1021 φράζονται·
831 964 1112 1038 ἐπέγναμψεν
1142 967 1224 1022 γὰρ
1258 965 1451 1017 ἅπαντας

257 1023 374 1080 Ἥρη
403 1024 654 1094 λισσομένη,
688 1022 884 1077 Τρώεσσι
914 1023 960 1066 δε
989 1021 1112 1078 κήδε’
1144 1024 1333 1079 ἐφῆπται

184 1088 240 1127 70
269 1081 317 1124 ἐκ
343 1080 467 1131 Διός.

527 1078 638 1123 ἄλλα
669 1078 722 1122 66
753 1083 881 1149 σῇσιν
909 1079 975 1135 ε’χε
1004 1082 1170 1135 φρεσίν.

1219 1080 1310 1132 Ως
1349 1079 1373 1122 ὁ
1403 1079 1482 1135 μὲν
1511 1079 1644 1123 εἰπών

267 1135 392 1210 ὤχετ’
422 1134 743 1190 ἀποπτάμενος,
781 1153 853 1192 εμε
881 1136 927 1179 δὲ
956 1136 1123 1192 γλυκύς
1160 1135 1303 1187 ὕπνος
1332 1137 1505 1193 ἀνῆκεν.

266 1192 364 1238 ἀλλ’
393 1191 529 1265 ἄγετ’,
564 1195 612 1236 αἴ
638 1192 714 1237 κέν
742 1207 835 1244 πως
863 1193 1120 1262 θωρήξομεν
1155 1197 1256 1244 υἱας
1281 1191 1480 1249 Ἀχαιων.

268 1255 424 1306 πρῶτα
453 1248 501 1295 δ’
529 1249 642 1307 έγών
670 1249 819 1294 ε’πεσιν
846 1249 1132 1307 πειρήσομαι,
1161 1252 1191 1307 ᾑ
1220 1250 1349 1306 θέμις
1378 1250 1509 1301 ἐστὶν,

143 1354 202 1390 55.
242 1366 347 1388 πυκ.
374 1351 551 1397 συνετὴν,
576 1350 763 1409 σώφρονα.
798 1351 905 1408 ἧρτ.

97 1398 391 1456 παρεσκεύασεν,
426 1397 589 1444 ἐποίησε.
631 1400 684 1443 (et
713 1396 906 1444 ἠρτύνετο,

99 1452 136 1481 et
162 1445 341 1491 ἀρτύνετο
366 1447 471 1480 habet
495 1448 557 1500 ΑΡ.
571 1457 582 1486 3
606 1456 674 1490 qua
694 1457 781 1479 voce
805 1445 907 1480 etiam

100 1494 313 1528 Herodotum
336 1491 388 1526 uti
413 1492 551 1526 notavit
573 1491 632 1533 Η,
668 1503 908 1526 commemora-

99 1539 223 1584 vitque
246 1552 336 1579 τους
355 1536 527 1581 ἆρτύνας,
553 1538 786 1581 magistratum
801 1537 908 1591 Argi-

101 1597 219 1619 vorum
245 1586 373 1630 [Thuc.
398 1586 433 1629 5,
458 1584 554 1626 47.],
581 1589 616 1617 et
640 1582 909 1627 Epidauriorum

103 1628 302 1675 α’ρτύνους,
324 1631 368 1665 de
392 1611 516 1675 quibus
540 1628 612 1673 egit
627 1629 845 1665 Wernsdorf.
866 1628 910 1663 ad

104 1678 197 1712 Plut.
224 1678 370 1719 Quaest.
394 1688 450 1720 gr.
484 1687 525 1732 Ρ.
546 1675 619 1730 16.)
644 1675 726 1709 Sch.

150 1725 208 1760 56.
255 1721 317 1758 ἐν
340 1721 437 1757 κατὰ
459 1720 548 1761 τούς
570 1719 726 1761 ν’πνους.
754 1721 836 1754 Sch.
861 1719 911 1753 sic

103 1774 139 1804 et
162 1769 231 1811 alii,
250 1770 304 1803 vel
322 1768 501 1810 sffimiliter3
519 1779 661 1812 quorum
679 1766 829 1801 nonnulli
848 1766 911 1799 ad-

105 1818 191 1850 dunt
222 1814 415 1855 ἐνυπνιως.
446 1815 492 1848 cf.
525 1814 560 1847 H
592 1819 627 1847 et
660 1814 731 1848 Th.
747 1816 796 1867 §-
830 1814 910 1848 269.

105 1862 227 1907 Eurip
260 1862 346 1898 Hec.
379 1862 479 1896 667.·
523 1857 702 1895 ἐνύπνιον
735 1855 913 1916 ὀμμάτων

105 1907 203 1952 ἐμῶν
227 1905 329 1952 ὄψιν.
376 1907 426 1940 sic
457 1904 550 1951 ὄναρ
581 1906 709 1941 dicitur
740 1917 802 1952 pro
827 1901 913 1941 κατ’

107 1953 211 1999 ὄναρ,
233 1966 297 2010 per
319 1953 499 1987 somnium.

152 2003 210 2037 57.
237 1999 382 2055 αμβρ.
399 2000 531 2039 θείαν,
563 1999 658 2032 alma
682 2002 793 2031 nocte.
839 2009 913 2041 μα-

106 2046 231 2092 κάρων
256 2060 314 2082 τοι
338 2043 464 2086 νύκτες
488 2043 614 2086 εἀσιν,
649 2044 764 2088 inquit
787 2043 914 2077 Hesio-

107 2095 190 2136 dus,
234 2093 441 2136 deorumque
477 2091 578 2137 plena
609 2089 720 2124 omnia
751 2089 916 2123 videntur

110 2139 295 2175 veteribus.
320 2150 354 2172 v.
380 2137 428 2178 α’,
453 2139 475 2172 5
500 2149 597 2181 seqq.
621 2142 658 2171 et
682 2136 728 2170 cf.
752 2136 799 2169 K.

156 2188 212 2223 58.
242 2187 290 2219 cf.
312 2181 358 2225 α’,
379 2163 457 2219 115.
470 2202 515 2208 -
536 2185 630 2228 &yz-
649 2181 805 2227 ε’γγιστα.
838 2179 915 2228 ἐῴ-

109 2245 196 2268 κει.
221 2231 403 2286 ὡμοίωτο.
435 2230 516 2263 Sch.

155 2281 212 2315 60
253 2279 376 2311 iterum
400 2277 497 2316 haec,
522 2279 557 2308 et
576 2273 745 2329 quaedam
764 2273 915 2315 tertium,

110 2324 226 2371 posuit.
248 2324 368 2357 Hom.-
359 2347 369 2364 ‚
394 2333 464 2367 qua
487 2321 694 2365 repetitione
718 2319 918 2373 indignatus

113 2370 314 2405 zenodotus
337 2368 498 2413 scripsit,
523 2367 648 2400 ceteris
673 2366 871 2411 expunctis.

203 2413 337 2461 ἠνώγει
361 2426 399 2450 σε
431 2411 555 2455 πατὴρ
587 2411 770 2458 υψίζυγος
792 2410 921 2456 αἰθέρι

479 2460 598 2494 ναίων

210 2506 332 2552 Τρωσὶ
376 2503 639 2562 μαχήσασθαι
657 2505 765 2550 προτι
792 2502 920 2541 ”.Ιλιον

483 2547 532 2591 ὡς
556 2549 576 2587 ὁ
601 2549 667 2595 μὲν
703 2551 817 2587 εἰπών

207 2596 312 2657 ᾤχετ’
342 2597 603 2655 ἀποπτάμενος
635 2604 701 2632 etc.

115 2645 206 2690 φασὶ
233 2645 273 2681 δε
297 2643 388 2689 πρὸς
410 2647 545 2680 τοῦτον
565 2644 600 2680 οἱ
617 2643 782 2685 παλαιοὶ,
805 2643 921 2697 inquit

115 2693 171 2734 E,
206 2689 255 2733 ὥς
279 2691 325 2726 οὐ
352 2690 589 2736 δυσωπητέον
621 2690 660 2726 ἐν
684 2695 765 2731 τοῖς
796 2688 919 2724 τοιού-

116 2750 196 2776 τοις
219 2736 288 2780 τήν
317 2739 578 2794 ταυτολογίαν·
620 2735 665 2771 τὰ
697 2737 782 2796 γὰρ
799 2734 920 2780 ἄπαγ-

117 2783 262 2829 γελτικοὶ
293 2783 330 2828 ἐξ
354 2782 514 2829 ανάγκης
546 2783 603 2824 δὶς
635 2783 696 2818 καὶ
729 2782 815 2840 τρὶς
831 2781 921 2818 οἰνα-

116 2833 284 2866 πολεῖται
322 2834 404 2870 ταῖς
437 2830 570 2870 αὐταῖς
605 2828 751 2872 λέξεσιν.
791 2824 836 2874 ἦν
869 2828 922 2870 δε,

119 2878 238 2920 φασὶ,
273 2877 335 2912 καὶ
360 2876 475 2917 ἄλλως
499 2873 702 2919 ἀναγκαῖον
737 2880 816 2916 τοῖς
840 2886 921 2931 συγ-

117 2922 348 2980 κεκλημένοις
367 2925 584 2970 βουλευταῖς
604 2921 852 2967 διηγήσασθαι
877 2920 922 2956 τοὶ

119 2973 188 3005 τοῦ
211 2968 368 3014 ὀνείρου.

998 1355 1056 1390 71.
1091 1350 1149 1400 ᾥχ
1129 1365 1160 1398 χ.
1187 1365 1282 1394 απ.,
1306 1353 1369 1387 ivit
1387 1353 1544 1387 avolans.
1570 1352 1670 1397 hujus
1689 1353 1760 1387 loci

953 1400 1080 1434 oblitus
1104 1411 1181 1433 esse
1204 1399 1343 1433 videtur
1373 1400 1405 1433 J.
1430 1399 1475 1434 H.
1500 1399 1643 1433 Vossius
1681 1399 1759 1442 My-

953 1447 1036 1480 thol.
1062 1447 1124 1479 Rr.
1149 1448 1194 1487 2,
1219 1445 1252 1480 4.
1286 1457 1320 1490 Ρ.
1345 1446 1402 1480 35.
1414 1471 1425 1487 ‚
1458 1445 1518 1478 ubi
1541 1445 1652 1479 alatos
1676 1445 1760 1478 deos

954 1492 1132 1536 ejusmodi,
1157 1491 1267 1536 qualis
1288 1496 1341 1525 est
1358 1491 1443 1525 deus
1467 1491 1683 1532 somniorum,
1706 1491 1761 1524 fe-

955 1550 993 1618 Ee
1025 1538 1069 1572 ad
1100 1538 1234 1573 seriora
1265 1543 1420 1582 tempora
1452 1536 1652 1571 referendos
1684 1548 1760 1571 esse

981 1584 1052 1618 icit.

1002 1632 1059 1666 72.
1083 1631 1193 1675 θωρ.
1230 1641 1293 1675 pro
1316 1627 1568 1673 θωρήξωμεν,
1602 1626 1761 1664 ὁπλίσαι-

956 1688 1044 1721 μεν,
1083 1677 1208 1711 dictum
1243 1676 1421 1720 accipiunt.
1451 1675 1667 1710 Scholiastae
1707 1675 1761 1720 (v.

957 1735 1035 1757 ann.
1061 1723 1104 1756 ad
1129 1724 1208 1758 363.
1233 1722 1316 1766 etc.)
1343 1733 1385 1756 ex
1409 1722 1553 1766 regula,
1584 1733 1672 1766 quae
1692 1722 1762 1765 jam

958 1780 1014 1814 ap.
1047 1769 1144 1803 Hom.
1186 1773 1322 1813 regnat.
1368 1779 1430 1801 nec
1462 1773 1575 1802 tamen
1608 1767 1695 1801 male
1728 1766 1764 1800 H

958 1815 1088 1855 rudem,
1114 1815 1256 1848 necdum
1278 1814 1458 1860 scriptam,
1484 1814 1697 1847 Graecorum
1720 1813 1764 1845 il-

958 1861 1025 1895 lius
1044 1861 1121 1895 aevi
1140 1861 1286 1904 linguam
1309 1865 1462 1900 excusat,
1480 1859 1666 1904 similisque
1684 1870 1765 1892 usus

959 1908 1028 1942 τοῦ
1063 1903 1110 1941 οἶν
1141 1907 1257 1940 futuro
1287 1905 1400 1951 juncti
1432 1905 1536 1939 etiam
1571 1917 1615 1939 ex
1638 1904 1765 1939 Atticis

960 1954 1117 1998 exempla
1152 1952 1286 1997 profert
1318 1952 1445 1986 Matth.
1477 1954 1511 1994 §.
1534 1952 1624 1995 598,
1650 1951 1686 1985 d.
1718 1951 1765 1985 cf.

960 2010 1037 2034 ann.
1061 2000 1104 2034 ad
1120 1998 1244 2056 Eurip.
1279 1998 1336 2032 ΕΙ.
1361 1997 1442 2033 439.

1007 2046 1064 2081 73.
1112 2041 1200 2091 ηθ.
1226 2043 1366 2080 ἐστίν.
1411 2044 1513 2078 Sch..

959 2103 1061 2134 σται,
1087 2090 1137 2131 ὥς
1169 2092 1356 2135 προσῆκον
1387 2090 1508 2132 ἐστίν,

1550 2039 1602 2085 ὥς
1622 2041 1766 2100 νενόμι-

1554 2090 1643 2144 imo·
1668 2087 1767 2144 ὅπου

960 2150 1033 2173 νεν.
1026 2162 1048 2191 '.’
1070 2139 1128 2172 ubi
1151 2138 1249 2179 solet,
1275 2137 1351 2171 loco
1375 2140 1549 2177 consueto,
1574 2135 1609 2169 in
1629 2135 1769 2170 concio-

960 2196 1016 2225 ne,
1034 2183 1069 2217 in
1086 2195 1154 2228 qua
1173 2184 1227 2216 fas
1249 2188 1324 2216 erat
1345 2194 1507 2216 summum
1528 2182 1646 2216 ducem
1664 2193 1770 2236 agere

963 2241 1037 2264 cum
1061 2228 1233 2268 exercitu3
1268 2228 1472 2273 praesertim
1504 2228 1540 2262 in
1571 2233 1667 2263 tanto
1698 2227 1769 2261 dis-

964 2275 1116 2316 crimine,
1142 2286 1229 2328 cum,
1253 2275 1408 2318 sejuncto
1432 2273 1618 2308 fortissimo
1635 2273 1769 2314 ducum,

963 2333 1166 2376 oppugnare
1194 2321 1309 2364 jussus
1341 2325 1434 2355 esset
1456 2321 1618 2364 Troiam,
1652 2320 1770 2354 urbem

964 2367 1242 2408 munitissimam3
1263 2366 1353 2412 quod
1371 2367 1482 2401 adhuc
1499 2378 1566 2400 non
1583 2365 1657 2401 ausi
1673 2371 1772 2399 erant

966 2414 1098 2447 Graeci
1122 2424 1185 2458 per
1208 2416 1261 2446 tot
1295 2424 1457 2447 annorum
1482 2412 1618 2457 spatia,
1654 2412 1771 2456 regio-

966 2471 1041 2494 nem
1065 2465 1204 2493 vastare
1228 2458 1424 2512 oppida-que
1441 2469 1643 2513 expugnare
1667 2462 1771 2501 atque

966 2505 1119 2550 diripere
1143 2505 1304 2539 contenti.
1352 2504 1472 2558 igitur
1480 2505 1537 2549 jus
1561 2504 1682 2548 fasque
1709 2504 1772 2537 ob-

966 2563 1108 2587 servans
1131 2550 1229 2585 simul
1251 2550 1415 2584 sibimet.
1406 2549 1475 2595 1psi
1495 2549 1662 2603 prospicit
1679 2552 1773 2593 Aga-

967 2609 1133 2639 memnon,
1158 2608 1202 2630 ne
1226 2596 1381 2629 accusari
1400 2596 1522 2641 possit,
1546 2595 1576 2628 si
1599 2595 1772 2651 inceptum

968 2656 1034 2678 non
1068 2642 1295 2682 successerit3
1341 2646 1594 2687 proptereaque
1635 2639 1773 2696 βουλὴν

966 2689 1067 2724 istam
1083 2688 1242 2733 πυκινὴν
1260 2694 1362 2721 vocat
1381 2690 1496 2732 poeta.
1521 2687 1565 2720 cf.
1579 2687 1619 2719 K.
1638 2701 1673 2728 ι,
1692 2688 1772 2722 32.-

965 2734 1142 2780 Ἀτρείδη,
1168 2735 1224 2770 σοὶ
1255 2747 1383 2776 πρωτα
1415 2731 1626 2790 μαχήσομαι
1651 2732 1772 2790 ἀφρα-

968 2782 1113 2825 δέοντι,
1137 2778 1198 2816 Ηι
1218 2780 1328 2834 θέμις
1350 2777 1469 2821 ἐστὶν,
1493 2778 1607 2822 ἄναξ,
1643 2778 1773 2834 ἀγορῇ,

969 2829 1027 2873 qui
1046 2829 1140 2862 locus
1158 2827 1311 2872 geminus
1336 2829 1399 2858 est.
1448 2837 1515 2859 non
1539 2826 1606 2859 huc
1625 2826 1774 2883 pertinet.

968 2875 1112 2908 formula
1135 2868 1348 2917 frequens&
1371 2871 1481 2927 θέμις
1502 2871 1588 2912 ἐστὶ,
1611 2871 1686 2906 sive
1709 2870 1773 2917 ἤτε

968 2920 1078 2963 θέμις
1098 2919 1194 2955 ἐστὶν
1218 2918 1362 2963 (odyss,
1385 2915 1421 2960 ι’,
1439 2918 1552 2962 268),
1577 2924 1615 2952 ut
1627 2921 1686 2964 jus
1696 2921 1775 2961 sas-

970 2978 1035 3012 que
1066 2971 1135 3008 est,
1170 2977 1270 3011 quam
1304 2964 1481 2998 formulam
1515 2964 1642 3010 ubique
1674 2965 1775 2999 resti-
