1811 3269
89 174 146 213 20

721 169 1130 212 ΟΜΗΡΟΥ

137 276 369 349 310*ᾖπερ
397 278 452 351 δὴ
483 278 653 334 κρανέω
682 293 727 322 τε
756 279 831 322 καὶ
860 278 919 331 ὥς
947 278 1265 380 τετελῖἑῖμὲνον
1265 279 1407 383 ἔσται,

259 335 424 463 {3⁵³5}AE
439 353 529 447 2²32}
541 335 1132 464 ‘.53³}⁷².5.‘}.?5}‘⁹3²'42⁴52²}⁰222‘}a0⁰
1145 336 1392 463 ..ξιῗωίος

259 450 306 501 ὅς
336 448 378 505 χ’
409 449 557 503 ἕτερον
589 449 669 504 μὲν
699 450 838 519 κενθῃ
867 450 933 492 ἐνὶ
963 450 1145 510 φρεσὶν,
1180 448 1284 493 α’λλο
1317 450 1364 493 δὲ
1393 449 1525 507 βάζη·

259 506 396 559 αυτὰρ
425 505 539 575 ἔγων
568 505 698 560 ἐρέω,
729 506 788 558 ὥς
818 523 893 561 μοι
924 508 1048 549 δοκεῖ
1075 511 1189 549 εἰναι
1219 505 1386 561 α’ριστοι.

259 561 358 606 οὔτ’
391 560 506 632 ἔμεγ’
534 561 757 619 Ἀτρείδην
780 561 1099 632 Ἀγαμέμνονα
1100 562 1312 631 πεισέμεν
1341 565 1469 621 οἴω,

258 616 356 662 οὔτ’
395 619 555 670 ἄλλους
584 621 815 670 Δαναούς,
847 620 936 662 ἐπεὶ
967 618 1050 662 οὐκ
1078 618 1168 673 ἄρα
1197 636 1263 670 τις
1289 619 1412 675 χάρις
1440 614 1517 676 ἦεν

257 675 512 750 μάρνασθαι
545 677 736 731 δηΐοισιν
766 672 834 718 ἐπ’
870 673 1058 729 ἀνδράσι
1085 676 1275 731 νωλεμὲς
1305 677 1403 719 αἰεί.

257 735 328 802 ἴση
363 738 497 787 μοῖρα
527 732 728 788 μένοντι,
759 749 832 775 και
862 734 898 774 εἰ
928 732 1043 802 μάλα
1073 749 1137 783 τις
1157 735 1400 803 πολεμίζοι,

257 789 304 832 ἐν
335 790 421 833 δὲ’
406 807 450 863 ιῃ
480 793 584 860 τιμῇ
613 789 729 859 ημὲν
749 788 905 840 κακὸς,
938 788 1030 859 ἠδὲ
1044 790 1118 832 καὶ
1152 789 1321 841 ἐσθλός.

144 852 226 891 320
256 845 448 889 κάτθαν’
481 845 602 900 ὁμῶς
632 845 658 888 ὅ
690 844 729 888 τ’
763 844 918 915 ἀεργὸς
949 844 1087 901 ἀνήρ,
1120 845 1145 889 ὅ
1170 862 1215 889 τε
1244 845 1384 889 πολλοὶ
1412 844 1586 901 ἐοργὼς,

258 900 362 974 οὐᾷέ
391 905 433 946 τί
462 920 538 957 μοι
566 903 826 954 περίκειται.
860 901 952 944 ἐπεὶ
982 903 1135 946 πάθον
1167 901 1299 958 α’λγεα
1334 905 1481 959 θυμῷ,

257 960 339 1003 αἰεὶ
366 959 474 1016 ἐμὴν
504 961 647 1015 ψυχὴν
676 958 1067 1014 παραβαλλόμενος
1099 962 1356 1016 πολεμίζειν.

85 1087 187 1122 372:
213 1083 338 1130 ἠῶθεν
362 1083 401 1121 6⁷
425 1083 607 1144 οἷ)ορήνδε
627 1083 900 1129 καθεζώμεσθα

85 1131 228 1172 κιόντες
253 1131 417 1172 Πάντες,
451 1133 487 1166 ἵν
531 1135 620 1175 υμῖν
644 1133 773 1175 μῦθον
796 1130 899 1187 ἀπη-

85 1178 213 1224 λεγέως
260 1175 452 1216 ἀποείπω,
505 1175 666 1221 Ἐξιέναι
714 1177 897 1222 μεγάρων.

85 1227 196 1260 hvmn.
232 1226 332 1259 Hom
364 1225 398 1258 in
431 1224 540 1257 Mero
575 1224 825 1264 36220213169
859 1223 898 1259 δ’

85 1270 219 1307 αὐτίκα
236 1272 362 1314 μῦθον
384 1267 479 1314 οἷπηλ
471 1270 589 1315 ,εγέως
607 1270 801 1314 αγόρευεν·
820 1267 899 1306 Ov'n

87 1320 191 1360 ἷ’,ὃον
217 1315 261 1353 οὐ
288 1316 469 1361 πυθόμην
494 1324 561 1351 etc.
600 1318 646 1353 cf.
672 1316 719 1360 η’,
744 1319 811 1352 416
831 1323 898 1351 etc.

85 1366 174 1399 idem
194 1363 370 1418 significat
387 1363 617 1406 αποφάσθαι
631 1363 778 1397 inferius
797 1362 899 1405 4223

85 1413 164 1447 510.
191 1418 303 1444 autem
330 1407 491 1455 ἀποείπῃ
517 1415 570 1443 est
593 1410 764 1453 rejecerit,
792 1422 898 1455 repu-

84 1459 249 1493 diac-erit.

129 1506 210 1540 310.
259 1500 439 1546 κρανέω
465 1501 552 1534 Ven.
582 1500 708 1545 aliique
729 1501 835 1535 MSS.
856 1502 900 1536 de

84 1549 305 1590 melioribus,
331 1549 384 1588 E,
408 1548 561 1592 Hesjch.
587 1552 623 1580 et
654 1559 766 1592 nuper
790 1549 900 1602 Ρειὶοιι

84 1596 295 1640 Knightius‚
319 1594 505 1628 secundum
533 1592 808 1649 Aristophanem,
834 1595 901 1627 nisi

85 1643 197 1677 fallor.
248 1646 342 1674 certe
372 1640 496 1674 Galen.
521 1640 604 1681 περὶ
619 1638 792 1684 ’Ἀρθρων
817 1642 850 1675 2.
872 1646 898 1673 t.

84 1690 162 1729 33.,
187 1695 368 1732 postquam
394 1685 524 1726 docuit,
548 1688 713 1728 κραίνειν
738 1699 793 1731 ap.
809 1686 899 1730 Hip-

84 1741 262 1788 pocratem
288 1733 486 1776 significare
509 1734 706 1787 τελευτᾷν,
742 1732 791 1766 ita
819 1744 898 1776 per-

85 1781 154 1836 git
162 1781 197 1813 in
221 1779 372 1832 vulgatis
397 1778 514 1812 libris:
550 1775 689 1821 ὁμοίιος
715 1791 763 1812 τω
791 1792 898 1821 ποιη-

84 1829 129 1874 τῇ
145 1823 421 1869 Ἀριστοφάνει·
460 1824 600 1868 εἴπερ
626 1824 679 1869 δὴ
704 1838 854 1867 κρανε
869 1838 897 1859 ω

84 1887 131 1919 γε
163 1873 246 1907 καὶ
281 1872 325 1906 εἰ
360 1870 710 1915 τετελεσμένον
747 1871 895 1912 ἔσται,

86 1931 159 1954 cum
184 1921 271 1952 haec
295 1917 470 1956 dedisset,
496 1917 640 1973 opinor,
675 1918 710 1950 in
729 1924 898 1971 autogra-

86 1968 170 2012 pho:
198 1963 257 2021 ὀμ.
281 1964 332 2009 τῷ
355 1977 394 1997 π.
418 1960 522 2019 :mecei⁴
542 1962 814 2008 Ἀριστοφάνει·
850 1977 898 2009 ῃ-

84 2025 167 2055 περ
194 2009 250 2055 δὴ
276 2023 340 2053 κρ.
366 2021 412 2053 γε
439 2023 471 2044 κ.
500 2023 522 2054 ῃ
547 2023 578 2043 τ
607 2009 757 2045 ἔσται.
791 2011 897 2044 subo-

83 2058 148 2092 luit
182 2059 246 2091 hoc
278 2058 423 2101 Heyneo
456 2067 533 2089 ann.
562 2054 674 2099 ειόξ,
701 2058 778 2092 196.
793 2082 802 2098 ‚
841 2056 898 2090 cui

85 2104 220 2138 doctior
245 2103 318 2137 visa
343 2109 396 2136 est
423 2113 463 2135 ea
488 2102 664 2157 scriptura
689 2114 786 2147 quam
819 2103 898 2135 vul-

84 2156 200 2196 gatum
225 2148 419 2183 Aristarchi
455 2149 613 2192 φρονέω.
665 2149 898 2193 praefractius

86 2208 223 2250 quoque
260 2196 388 2229 dictum
424 2200 476 2227 est
513 2193 677 2238 κρανέω,
707 2196 897 2238 perficiam,

84 2243 300 2286 moribusque
325 2239 468 2274 Achillis
491 2241 593 2284 longe
615 2241 895 2282 convenientius;

85 2301 196 2334 neque
220 2287 458 2328 fastidiemuS,
483 2287 608 2328 credo,
633 2287 741 2321 simile
764 2288 827 2322 καὶ
848 2301 899 2328 ως

85 2333 334 2378 τετελεσμένον
361 2331 483 2373 ε’,σται
517 2332 577 2365 sed
613 2334 730 2377 potius
755 2339 899 2378 expete-

85 2393 172 2423 muS,
196 2387 361 2424 tanquam
382 2380 712 2423 χαρακτηριστικόν
745 2380 780 2413 in
805 2392 898 2413 com—

85 2434 186 2462 moto.
234 2437 427 2471 quanquam
452 2425 529 2458 fieri
554 2431 690 2484 potest,
727 2430 764 2458 ut
787 2430 896 2461 τετελ.

85 2474 131 2507 sit
164 2472 337 2516 Apollonii
370 2471 488 2505 verbis
522 2472 563 2506 τὸ
602 2470 724 2506 οἷόντε
746 2474 900 2517 πρᾶῃμα

85 2520 325 2562 τελεσθῆναι,
351 2515 457 2560 ιιῖξ,
483 2517 504 2550 ι.
526 2530 555 2551 c.
571 2519 640 2552 ιεί
661 2518 825 2562 δύναμαι
843 2532 899 2554 τε-

85 2566 187 2601 λέσαι
209 2577 247 2611 γε
272 2563 333 2598 καὶ
353 2564 388 2597 εἰ
403 2563 655 2606 τετελεσμένον
675 2564 762 2598 ἐστί.
797 2566 899 2599 etiam

85 2611 123 2658 γὲ
150 2616 186 2645 et
211 2611 233 2656 ᾖ
258 2609 499 2655 praetulerim,
515 2621 623 2663 quae
657 2611 761 2644 habet
792 2612 900 2645 Gale-

87 2669 162 2693 nus.
211 2656 329 2690 mirum
353 2667 456 2696 vero,
493 2654 525 2688 ei
558 2656 683 2689 dictum
719 2657 830 2691 videri
865 2660 899 2692 h.

86 2706 108 2739 l.
134 2704 320 2748 κραίνειν,
355 2713 422 2745 quo
458 2712 559 2734 sensu
584 2701 619 2734 id
644 2713 813 2747 usurpare
837 2715 898 2737 so-

87 2752 160 2785 lent
184 2749 227 2782 Hi
233 2754 415 2805 ppociates
441 2754 476 2779 et
494 2747 630 2781 medici.
676 2761 708 2782 v.
733 2750 838 2783 Schn.
865 2751 898 2783 h.

88 2808 121 2830 v.
145 2796 245 2828 Sch.:
279 2790 397 2852 ᾗπερ
423 2793 480 2838 δή
508 2807 578 2837 φρ
623 2794 805 2840 γράφεται
837 2796 900 2830 καὶ

88 2841 296 2885 κρανέω,
339 2838 390 2874 ι”ν
424 2839 447 2884 ᾗ
482 2838 672 2875 τελειώσω.
731 2843 777 2875 cf.
810 2842 901 2876 infe-

88 2891 163 2922 rius
185 2889 266 2923 622.

135 2936 203 2969 311
222 2952 267 2958 —-
283 2932 364 2968 322
419 2928 503 2971 τρύ
518 2931 597 2974 ζητ
613 2943 639 2965 ε.
673 2935 900 2978 πολυλογῆτε

90 2980 196 3024 (male
221 2978 321 3012 codd.
342 2978 431 3011 πολ-
437 2979 560 3019 εῖτε.,)
583 2980 790 3022 γογγύζηπε
825 2981 899 3016 απὸ

89 3027 154 3071 τῆς
179 3024 357 3071 τρυγόνος
380 3020 403 3067 ἡ
427 3023 635 3068 μεταφορά
670 3027 765 3069 (vox
787 3038 900 3072 μιμη-

945 1085 1048 1131 τική,
1073 1089 1111 1121 ut
1135 1087 1266 1130 τρίζειν
1290 1084 1336 1132 β’,
1360 1083 1453 1128 314.,
1479 1083 1571 1129 quod
1591 1087 1625 1118 et
1644 1083 1755 1129 ipsum

945 1145 1070 1167 vereor
1103 1145 1146 1167 ne
1179 1132 1286 1167 suerit
1317 1131 1396 1166 olim
1420 1130 1564 1173 τρνζειν
1588 1142 1662 1164 cum
1685 1130 1753 1164 isto
1783 1133 1784 1139 ¹

944 1179 1039 1221 loco,
1075 1180 1133 1213 ubi
1158 1180 1273 1233 plures
1298 1178 1397 1212 codd.
1424 1178 1552 1211 habent
1578 1176 1756 1220 τετρυγῶ-

944 1240 1029 1266 τας,
1069 1231 1139 1259 tum
1163 1223 1218 1270 ψ’,
1244 1226 1322 1260 101.
1348 1229 1383 1257 et
1414 1224 1514 1257 initio
1541 1223 1621 1257 libri
1644 1221 1770 1257 ultimi,

946 1272 1159 1316 Od3 sseae)
1183 1291 1226 1295 —
1257 1268 1402 1304 ἀΐδαο
1428 1267 1551 1308 mit,
1578 1270 1612 1302 h.
1637 1281 1668 1303 e.
1695 1266 1757 1304 αἲ-

945 1319 1014 1363 δῃ,
1041 1330 1061 1350 a
1081 1324 1190 1362 parte
1239 1316 1343 1350 Schn
1378 1316 1430 1362 τῷ
1454 1314 1631 1360 θανάτῳ,
1653 1328 1754 1359 περι-

946 1365 1167 1419 φραστικῶς.
1227 1351 1414 1403 „domum
1437 1362 1592 1396 Plutonis
1621 1341 1757 1395 ’descri-

945 1411 1017 1456 psit
1040 1409 1086 1451 v',
1101 1409 1177 1465 64.
1204 1409 1304 1444 οἰκία
1328 1429 1373 1433 -
1397 1406 1619 1452 Σμερδαλέ’,
1628 1406 1778 1466 smmi--

946 1455 1141 1498 εντα,τά
1167 1468 1213 1490 τε
1239 1453 1499 1499 στυγέουσι
1522 1455 1636 1490 θεοί
1657 1467 1753 1497 περ.
1795 1471 1799 1491 ι

945 1504 991 1536 cf.
1015 1515 1121 1547 supra
1147 1504 1232 1543 158,
1255 1504 1314 1536 9.“
1347 1502 1400 1534 Ex
1421 1501 1460 1533 H
1479 1507 1512 1535 et
1535 1502 1579 1534 K.
1635 1502 1681 1535 cf.
1715 1499 1755 1544 ε’,
1798 1510 1799 1513 ’

947 1550 1016 1584 646
1041 1555 1107 1584 etc.
1142 1560 1265 1592 evang.
1292 1547 1507 1589 Matth.16‚
1534 1549 1608 1583 18.
1641 1545 1759 1583 πύλαι

946 1593 1044 1640 ᾆδον
1069 1594 1118 1630 ου’
1139 1593 1423 1637 κατισχύσουσιν
1448 1592 1576 1637 αυτῆς.
1601 1614 1648 1619 -
1671 1593 1756 1640 βά-

945 1646 996 1687 ζῃ
1031 1642 1190 1675 philostr.
1225 1641 1295 1674 Vit.
1327 1641 1434 1685 Soph
1458 1643 1597 1683 1‚25‚
1629 1641 1684 1675 10.
1720 1643 1756 1674 et
1809 1679 1811 1682 ⁸

944 1689 1060 1723 Schol.
1087 1687 1192 1731 Soph.
1225 1687 1269 1720 ad
1294 1686 1383 1720 Phil.
1410 1687 1466 1720 94.
1502 1699 1559 1741 ap.
1583 1668 1755 1720 l⁷3runck.·
1744 1710 1756 1728 ‚
1809 1708 1811 1742 ἱ

944 1734 1048 1779 βάζει
1072 1734 1188 1774 Rom„
1214 1744 1313 1777 quam
1339 1732 1398 1776 qui
1423 1733 1558 1767 curavit
1581 1733 1649 1774 ed.,
1673 1744 1757 1778 pro-
1807 1744 1811 1759 ⁴

946 1781 1030 1825 priis
1064 1779 1162 1813 codd.
1189 1790 1270 1812 usus
1305 1782 1380 1818 est,
1414 1779 1471 1819 T,
1496 1779 1549 1818 E,
1581 1780 1755 1823 Porphyr-

947 1827 1091 1867 Quaest.
1123 1827 1198 1865 16.;
1223 1823 1330 1858 ceteri
1351 1823 1443 1864 libri,
1468 1825 1681 1870 receptiores
1705 1824 1756 1858 iui
1809 1839 1811 1848 <

945 1884 1078 1912 omnes,
1106 1884 1211 1916 ειπῃ,
1248 1881 1337 1914 quae
1369 1869 1510 1903 videtur
1540 1882 1618 1905 esse
1646 1871 1757 1905 inter-

945 1917 1095 1964 pretatio
1119 1917 1219 1951 verbi
1254 1915 1510 1961 exquisitioris,
1539 1916 1630 1961 quod
1664 1916 1756 1951 haud

944 1976 1023 1999 raro
1048 1968 1194 2023 usurpat
1217 1962 1338 1998 Hom:
1363 1973 1395 1995 v.
1419 1973 1524 2007 supra
1548 1964 1605 2004 58,
1625 1961 1670 2005 δ’,
1686 1964 1756 2000 355

943 2018 1010 2044 etc.
1047 2029 1090 2035 —
1125 2010 1320 2066 ἄρισταῆ
1356 2005 1518 2052 ἄριστον.
1560 2009 1684 2043 Matth.
1720 2012 1755 2051 §-

944 2057 1033 2098 443,
1060 2057 1091 2091 1.
1113 2077 1159 2081 -
1184 2054 1270 2091 οὐκ
1295 2052 1386 2110 ἄρα
1408 2067 1479 2096 τις
1501 2054 1663 2100 χάρις,
1688 2068 1755 2090 ον·-

945 2117 981 2138 τι
1004 2104 1150 2147 χαρίεν,
1185 2101 1304 2141 πόνος
1339 2114 1490 2145 αχαρις,
1524 2112 1581 2135 res
1614 2101 1753 2146 ingrata
1809 2114 1811 2128 ¹

946 2155 980 2184 et
1004 2150 1164 2189 molesta,
1188 2148 1244 2182 vel
1268 2147 1386 2193 potius
1409 2148 1527 2188 labor,
1554 2158 1623 2201 quo
1646 2148 1755 2182 nemi-

943 2207 1018 2229 nem
1043 2194 1228 2228 devincias.
1276 2194 1325 2227 E:
1357 2212 1403 2217 —
1421 2193 1518 2229 διότι
1544 2206 1613 2228 ουκ
1639 2192 1754 2238 ε’γνων

942 2255 1007 2297 μοι
1039 2254 1192 2284 χαριτας
1225 2239 1261 2275 οἱ
1293 2237 1426 2284 Ἀχαιοὶ
1455 2242 1755 2283 προπολεμοῦντι
1808 2250 1811 2271 ²

945 2285 1080 2322 αὐτῶν.
1132 2287 1230 2330 Virg.
1257 2287 1338 2319 Aen.
1367 2288 1411 2327 7,
1437 2285 1539 2328 425„
1565 2291 1753 2322 annotante

943 2334 1006 2367 K·
1031 2335 1045 2367 i
1064 2345 1174 2374 nunc,
1198 2332 1346 2376 ingratis
1365 2334 1449 2376 offer
1464 2337 1520 2373 te,
1543 2332 1663 2375 irrise,
1689 2344 1753 2377 pe-

943 2380 1049 2414 riclis.
1076 2400 1120 2404 —
1153 2380 1258 2412 sch.-

943 2487 965 2508 ν
977 2486 996 2508 ο
1009 2486 1028 2507 ν
1040 2486 1059 2505 τ
1072 2486 1097 2514 ι,
1115 2472 1270 2505 mancnti
1289 2472 1381 2505 (lomi
1400 2471 1476 2506 vel
1467 2483 1501 2505 ιιι
1524 2472 1648 2506 castris
1666 2483 1754 2506 nau-

944 2519 1034 2561 ticis,
1061 2517 1219 2552 cessanti.
1254 2518 1298 2550 cf
1325 2517 1466 2560 ρ’.,436
1510 2529 1551 2561 6,
1576 2515 1754 2554 64:621&
1809 2516 1811 2522 ⁴

945 2565 1140 2609 πτολέμοιο
1167 2562 1326 2606 μένοντα
1350 2564 1438 2605 etc.)
1476 2562 1522 2598 ἐν
1541 2562 1596 2599 δε
1621 2565 1681 2610 ἰῇ.
1714 2562 1754 2599 ἐν

946 2613 1015 2657 μιςῖ
1037 2611 1098 2646 καὶ
1134 2609 1244 2656 αὐτῇ.
1301 2611 1589 2653 περίκειται.
1625 2621 1752 2655 περισ-

948 2658 1015 2693 σόν
1039 2660 1075 2692 τί
1098 2655 1214 2697 ἐστιν,
1251 2655 1272 2700 ἢ
1303 2657 1497 2698 περίεστιν.
1532 2657 1686 2700 (Scholl.
1710 2657 1753 2699 Β,

945 2705 1000 2747 L,
1026 2704 1136 2737 Victa
1162 2701 1252 2737 ουδέ
1275 2715 1311 2737 τι
1330 2715 1395 2746 μοι
1410 2702 1584 2745 περισσόν
1597 2703 1672 2737 τοῖν
1691 2681 1754 2737 ἅλ-

946 2754 1018 2785 λων
1062 2748 1266 2785 ἀπόκειται.
1323 2761 1391 2781 non
1429 2754 1480 2782 est
1512 2750 1599 2782 mihi
1632 2750 1754 2783 melius

947 2808 1047 2841 quam
1072 2796 1171 2836 aliis,
1194 2800 1374 2839 postquam
1392 2795 1522 2828 labores
1540 2796 1655 2829 animo
1672 2806 1754 2839 per-

945 2843 1042 2900 tuli.)
1098 2842 1199 2876 αἰεὶ
1224 2860 1269 2865 -
1293 2842 1466 2887 παραβ.
1511 2839 1601 2886 ἐμῆς
1631 2841 1755 2885 ψυχῆς

945 2901 984 2923 εν
1002 2891 1081 2928 τοῖς
1096 2884 1287 2942 κινδύνοις
1303 2888 1561 2932 καταφρονῶν.
1580 2888 1755 2932 (animam

945 2946 1058 2968 meam
1077 2935 1270 2991 projiciens.
1319 2935 1425 2968 ordo:
1459 2934 1532 2969 αἰεὶ
1555 2936 1661 2975 πολ.,
1684 2945 1756 2968 ποι-

946 2984 1028 3027 ραβ.
1053 2980 1177 3024 ψυχὴν
1201 2977 1304 3023 εμήν.
1362 2982 1464 3016 πολ.
1494 2979 1755 3023 intelligendum

947 3034 1001 3062 est.
1029 3026 1070 3062 τὸ
1105 3028 1331 3072 πολεμίζειν,
1367 3028 1402 3060 ιι.
1427 3039 1457 3061 e.
1491 3025 1556 3062 τόν
1579 3025 1754 3070 πόλεμον,
1807 3037 1811 3056 ι’

1292 2381 1393 2412 νωλ.
1420 2379 1635 2423 (νωλεμέως
1664 2380 1755 2414 dixit
1809 2391 1811 2410 ι

943 2426 990 2469 δ’,
1016 2427 1096 2461 428.
1123 2430 1157 2459 et
1181 2425 1276 2458 alias
1289 2424 1306 2468 )
1342 2422 1598 2466 ἀδιαλείπτως.
1643 2425 1755 2469 (μέ-
1808 2446 1811 2456 .
