1811 3269
617 119 1054 162 ΙΛΙΑΔΟΣ
1109 118 1157 158 Β.

1637 115 1720 156 133

217 237 291 280 καὶ
320 230 541 283 Σικυῶν’,
572 230 652 275 ὅθ’
683 227 1014 286 ἄρ”Ἀδρηστος
1043 224 1182 282 πρῶτ’
1215 225 1510 281 ἐμβασίλευεν,

218 295 267 337 οἴ
290 291 344 335 θ’
369 289 630 344 Ὑπερησίην
662 303 707 331 τε
739 287 813 330 καὶ
843 286 1041 342 αἰπεινὴν
1072 284 1324 328 Γονόεσσαν

218 347 450 404 Πελλήνην
482 346 523 389 τ’
556 344 700 401 εἶχον,
730 342 805 400 ἥδ’
838 345 997 398 Αἴγιον
1029 341 1350 397 ἀμφενέμοντο,

103 410 185 453 575
215 403 429 461 Αἰγιαλόν
457 401 498 447 τ’
532 401 618 447 ἀνὰ
647 400 813 454 πάντα,
842 401 917 444 καὶ
947 397 1061 455 ἄμφ’
1091 399 1266 454 Ἑλίκην
1296 395 1486 453 εὐρεῖαν,

42 543 96 578 sio
119 542 197 579 fuit.
246 542 437 586 migrarunt
458 540 540 573 inde
562 539 695 574 incolae
714 539 857 574 Phliun-

43 594 137 631 tem,
163 600 229 622 non
254 588 357 632 longe
382 588 425 621 ab
448 599 489 620 ea
514 586 699 621 conditam.
756 586 857 619 Stra-

42 636 85 669 bo
110 636 133 671 l.
151 647 193 675 c.,
218 636 319 668 Paus.
342 635 376 675 2,
402 635 472 677 12.,
499 633 614 667 Schol.
641 632 742 667 Pind.
755 632 858 666 Nem.

42 681 85 723 6,
111 683 196 716 71.“
221 681 268 714 H.

88 728 167 762 572.
202 727 286 760 urbs
308 726 432 769 Sicyon
457 725 602 759 reducta
623 737 643 758 a
661 723 756 764 mari,
779 723 857 756 olim

42 779 165 818 potens
190 778 225 806 et
248 772 319 806 suis
344 773 486 817 regibus
510 783 594 812 usa,
620 777 741 815 postea
768 769 855 802 libe-

41 831 92 860 ra,
118 819 243 852 deinde
262 819 353 853 inter
365 818 550 852 certamina
570 817 748 851 civitatum
764 827 855 848 nunc

42 864 306 899 Atheniensibus
329 865 514 908 adjuncta,
539 874 627 896 nunc
657 874 678 896 a
707 864 855 906 Sparta-

42 912 95 945 nis
117 922 284 957 oppressa
302 911 381 944 fuit.
430 910 543 943 Thuc.
565 910 600 952 5,
627 910 706 950 81„
729 909 854 943 Justin.

42 959 99 1000 13,
117 959 150 992 5.
169 957 322 1002 quamvis
336 956 403 989 sita
421 961 497 989 erat
513 955 548 989 in
561 956 713 998 Achajae
726 959 854 995 tractu,

41 1008 155 1037 tamen
174 1002 357 1046 aliquando
377 1007 472 1035 certa
499 1002 660 1047 pactione
684 1002 719 1034 in
740 1002 855 1044 Argo-

38 1049 110 1083 lide
132 1050 350 1083 censebatur.
387 1048 490 1082 Paus.
509 1050 544 1089 8,
571 1052 622 1083 1.=
647 1045 854 1082 Σικυώνιοι

39 1094 183 1140 ἔσχατοι
212 1093 330 1141 ταύτῃ
370 1095 505 1137 μοίρας
545 1096 611 1138 τῆς
636 1093 853 1138 Ἀργολίδος.

39 1142 107 1176 alio
131 1146 287 1186 tempore
314 1141 531 1174 Achaeorum
563 1141 643 1174 fuit.
692 1140 769 1176 Liv.
795 1141 853 1180 32,

40 1190 96 1224 19.
120 1192 272 1222 ceterum
292 1187 379 1221 haec
405 1187 530 1221 civitas
558 1186 728 1221 artificum
754 1186 853 1231 inge-

37 1234 94 1268 nio
119 1234 203 1267 nihil
227 1233 417 1267 Corinthiis
437 1234 621 1268 concessit.
671 1233 750 1266 hinc
772 1233 854 1266 ada—

37 1280 87 1325 gii
112 1281 185 1314 loco
210 1276 436 1323 ὑποδήματα
459 1277 674 1321 Σικυώνια,
704 1279 854 1322 Sicyonii

38 1327 165 1366 calcei,
200 1326 432 1371 elegantiores
466 1338 568 1371 quam
593 1332 631 1360 ut
655 1325 755 1369 gravi
778 1324 853 1358 viro

38 1372 279 1414 convenirent3
299 1372 389 1417 quod
401 1372 558 1406 Socratis
576 1372 732 1415 exemplo
752 1382 854 1415 egre-

38 1419 96 1463 gie
121 1419 368 1453 demonstravit
387 1418 461 1452 Cic.
481 1421 511 1452 1.
538 1420 582 1452 de
593 1419 692 1452 Orat.
709 1428 784 1462 cap.
798 1416 854 1453 54.

38 1466 73 1498 E
93 1466 217 1500 Gellar.
242 1467 270 1500 1.
293 1477 324 1509 p.
347 1464 447 1500 1174.
467 1476 564 1508 sequ.
598 1476 689 1509 quae
716 1464 854 1507 adjecta

37 1517 118 1545 sunt
141 1511 186 1544 de
210 1512 382 1551 Adrasto,
408 1510 457 1544 ita
475 1512 575 1544 habe.
622 1511 657 1542 in
681 1509 853 1543 seditione

37 1558 204 1591 adversus
225 1557 370 1590 Talaum
395 1556 446 1600 (v,
463 1556 577 1600 564.)‚
604 1561 695 1589 mota
711 1556 755 1588 ab
773 1556 853 1587 Am-

37 1603 204 1649 phiarao,
228 1603 420 1645 Adrastus,
444 1603 549 1647 Argis
571 1601 722 1645 fugiens,
749 1601 852 1645 Sicy-

36 1661 137 1685 onem
162 1649 207 1683 ad
226 1650 405 1694 polybum,
430 1660 529 1683 avum
551 1653 760 1688 maternum,
789 1659 852 1680 ve-

37 1701 160 1738 nerat,
195 1695 251 1729 cui
288 1700 422 1730 mortuo
456 1695 491 1728 in
525 1706 634 1739 regno
673 1693 852 1727 successit.

36 1741 138 1776 Pind.
166 1742 266 1775 Nem.
288 1743 334 1784 9,
360 1744 428 1784 25,
454 1743 537 1782 33.,
562 1740 692 1774 Herod.
723 1741 768 1780 5,
794 1741 851 1781 67,

35 1788 117 1829 68.,
142 1787 299 1833 Apollod.
321 1791 353 1829 1,
377 1790 412 1829 9,
438 1789 481 1823 13
507 1799 582 1821 cum
608 1792 709 1828 nota,
749 1786 852 1821 Paus.

36 1836 80 1876 2,
105 1834 138 1870 6.
162 1839 284 1879 postea
307 1840 421 1868 tamen
439 1834 677 1878 redintegrata
702 1832 853 1867 amicitia

36 1881 206 1915 Adrastus
225 1884 337 1924 Argos
363 1880 482 1915 rediit.
520 1899 563 1905 —
596 1879 763 1925 πρώτα
789 1890 852 1924 pro

33 1924 228 1971 πρότερον.
285 1926 495 1970 (quondam.
522 1927 604 1960 W.:
651 1926 850 1969 „vormals,

37 1973 136 2008 nicht
160 1973 343 2017 zuerst.“)
369 1973 425 2006 Ex
443 1972 488 2006 H.

83 2020 163 2055 573.
205 2016 297 2054 ‘Ym
328 2024 406 2063 post
429 2019 603 2061 Αἴγειραν
628 2017 767 2059 dictam,
793 2028 852 2050 ur-

38 2067 112 2100 bem
137 2065 275 2110 templis
308 2070 344 2098 et
377 2066 571 2099 simulacris
604 2064 743 2097 deorum
777 2074 852 2096 cum

36 2112 115 2147 aliis
131 2137 142 2156 ,
167 2118 238 2145 turn
269 2110 473 2156 Iphigeniae
501 2116 538 2144 et
563 2109 730 2155 Apollinis
760 2110 853 2143 anti-

35 2158 135 2203 quis,
162 2157 313 2198 claram,
339 2169 413 2191 cum
437 2157 553 2192 navali
578 2157 621 2191 ad
646 2156 755 2189 sinum
781 2156 851 2189 Co-

34 2204 250 2239 rinthiacum.
299 2203 422 2248 Polyb.
441 2205 476 2247 4,
503 2205 573 2241 57..
602 2204 704 2237 Paus.
727 2203 761 2243 7,
777 2204 824 2237 26
839 2227 850 2244 ,

38 2250 167 2285 Cellar.
193 2253 224 2285 1.
250 2262 283 2294 p.
305 2253 406 2286 1177.
425 2257 491 2284 etc.
519 2252 562 2284 de
583 2264 596 2285 ι
620 2249 790 2294 producto
815 2261 849 2283 v.

38 2308 115 2331 ann.
140 2297 184 2330 ad
204 2297 284 2332 518.
333 2297 526 2341 hujusmodi
559 2295 714 2341 inprimis
744 2295 851 2328 nomi-

37 2355 81 2377 na
97 2342 257 2377 feminina
274 2344 466 2388 producere
484 2343 596 2377 solent
620 2341 851 2388 penultimam,

37 2401 128 2435 quae
161 2402 193 2425 ει
227 2389 337 2423 fuisse
372 2389 450 2424 olim
479 2390 630 2423 videtur.
670 2400 704 2421 ν.
731 2388 851 2422 Valck-

37 2436 82 2470 ad
106 2435 229 2480 Eurip.
255 2435 386 2470 Phoen.
409 2437 512 2473 1475.
530 2433 770 2480 “Τπερησείην
788 2435 852 2468 ha-

37 2482 122 2516 bent
145 2481 243 2516 codd.
268 2482 412 2516 Barocc.
439 2483 541 2517 Eton.
566 2482 663 2526 Lips.
678 2502 724 2508 -
747 2481 851 2515 Sch.:

38 2527 336 2563 Γονόεσσαν.
363 2531 572 2565 Γονοῦσαν.
594 2526 719 2563 ἔστιδὲ
734 2525 851 2572 ἄκρω-

36 2572 166 2621 τήριον
190 2575 391 2620 Πελλήνης.
423 2576 475 2610 sic
496 2575 598 2609 etiam
619 2575 664 2610 E.
690 2575 795 2608 Paus.
815 2575 851 2617 2,

37 2620 81 2661 4,
105 2620 162 2657 4.:
195 2621 234 2657 ἐκ
259 2620 452 2668 Γονούσης
475 2623 540 2668 τῆς
569 2619 665 2666 ὑπὲρ
700 2621 852 2655 Σικυῶ-

37 2679 113 2706 νος.
162 2668 206 2702 ad
229 2668 411 2713 Sicyonis,
435 2681 502 2703 non
526 2669 704 2710 Pellenes,
729 2678 852 2712 agrum

39 2713 246 2758 pertinuisse
269 2714 447 2750 annotavit
467 2716 639 2751 Mannert.
659 2717 691 2750 8.
716 2725 750 2759 p.
768 2711 849 2749 394.

0 2790 1 2793 ,
39 2759 221 2793 secundum
242 2761 346 2794 Paus.
364 2763 407 2803 7,
431 2764 497 2803 26,
523 2763 557 2797 6.

85 2803 165 2840 574.
213 2806 342 2841 Strabo
371 2809 412 2849 8,
444 2810 502 2844 7.=
543 2805 636 2850 μετοὶ
674 2805 851 2840 Σικυῶνα

39 2848 261 2897 Πελλήνη
284 2856 414 2889 κεῖται.
448 2874 494 2880 -
541 2853 616 2889 ἔστι
641 2849 679 2887 δ’
708 2848 731 2896 ἡ
759 2852 850 2886 Πελ-

38 2896 132 2943 λήνη
157 2897 289 2933 στάδια
313 2899 493 2945 ἑξήκοντα
516 2903 582 2944 τῆς
598 2898 788 2943 θαλάττης
806 2894 851 2932 ὑ-

36 2944 273 2990 περκειμένη,
298 2946 481 2992 φρούριον
506 2946 675 2993 ἐρυμνόν.
718 2944 794 2981 ἔστι
809 2942 850 2979 δὲ

37 2991 101 3027 καὶ
123 2991 229 3037 κώμη
256 2993 440 3040 Πελλήνη,
473 2992 569 3031 ὅθεν
591 2993 654 3030 καὶ
685 2992 726 3028 αὶ
752 2993 849 3028 Πελ-

902 536 1048 583 ληνικαὶ
1071 539 1241 580 χλαῖναι,
1265 531 1310 576 ἃς
1333 535 1394 570 καὶ
1420 526 1522 568 ἆθλα
1547 530 1720 566 ἐτίθεσαν

903 585 942 621 ἐν
963 587 1042 625 τοῖς
1064 583 1178 628 ἀγῶσι
1203 582 1323 626 (Pind.
1349 581 1407 615 Ol.
1426 581 1461 621 9,
1488 578 1567 613 146.
1587 579 1718 622 sequ.).

902 636 1019 667 κεῖται
1046 629 1085 665 δὲ
1110 628 1248 673 μεταξύ
1276 630 1404 673 Αἰγίου
1432 625 1494 661 καὶ
1520 624 1718 668 Πελλήνης.

905 681 951 712 cf.
979 678 1107 711 Herod.
1136 680 1176 717 l,
1204 676 1302 715 145,
1329 676 1430 708 Paus.
1454 674 1497 713 7,
1521 673 1578 707 26.
1605 677 1639 703 et
1671 671 1716 703 H.

905 726 1074 770 Aegium,
1107 723 1164 757 ubi
1194 729 1315 766 postea
1332 721 1543 753 Achaeorum
1569 728 1719 750 conven-

902 779 958 805 tus
979 769 1099 804 habiti.
1149 767 1220 802 noti
1238 766 1371 800 incolae
1390 767 1526 809 Αἰγιεῖς
1545 775 1587 796 ex
1608 763 1718 796 histo-

901 818 1001 851 ricis:
1027 829 1060 850 v.
1084 816 1186 849 Paus.
1209 815 1250 855 7,
1275 814 1332 848 23.
1365 813 1400 845 in
1426 812 1585 856 templum
1619 806 1717 853 ὁμα-

900 864 1032 910 γυρίου
1058 862 1151 902 Διὸς
1176 871 1284 905 prope
1314 859 1458 903 Aegium
1488 863 1718 901 Agamemnon

900 910 1106 946 convocavit
1139 907 1314 953 principes
1347 904 1522 938 Graeciae
1555 903 1598 935 ad
1629 902 1719 936 deli-

902 957 1084 992 berandum
1117 954 1161 989 de
1194 952 1284 987 bello
1318 952 1487 995 Trojano.
1532 949 1638 982 Paus.
1668 947 1717 982 ib.

901 1016 932 1038 c.
956 1004 1013 1037 24.

946 1050 1029 1085 575.
1078 1047 1174 1091 Azy.
1199 1042 1319 1084 οὕτως
1347 1040 1510 1077 ἐκαλεῖτο
1538 1041 1713 1085 παραθα-

900 1095 1034 1131 λασσία
1057 1092 1179 1138 χώρα,
1216 1089 1299 1136 ἤτοι
1333 1086 1474 1132 πλευρὰ
1509 1088 1576 1133 τῆς
1600 1089 1718 1122 Πελο-

900 1140 1091 1186 ποννήσου
1116 1138 1139 1185 ἡ
1162 1137 1443 1181 παρατείνουσα
1467 1131 1542 1169 ἀπὸ
1569 1135 1719 1169 Σικυῶ-

900 1201 965 1228 νος
994 1188 1117 1232 μέχρις
1139 1183 1306 1224 Ἤλιδος.
1340 1183 1423 1216 Sch.
1458 1182 1552 1223 „hoc
1584 1181 1719 1214 nomine

901 1236 1053 1280 reliquas
1070 1232 1221 1276 Achajae
1243 1231 1345 1264 urbes
1373 1228 1426 1273 (in
1449 1228 1501 1261 his
1521 1229 1647 1271 Aegas,
1674 1226 1719 1260 de

901 1282 1026 1327 quibus
1050 1292 1084 1315 v.
1102 1279 1157 1322 θ’,
1181 1278 1293 1321 203.)
1328 1274 1529 1319 complexus
1558 1285 1635 1307 esse
1663 1272 1718 1306 vi-

901 1329 1004 1362 detur
1029 1329 1134 1372 poeta
1153 1322 1320 1358 Straboni
1346 1334 1379 1367 p.
1399 1322 1478 1356 593.
1504 1339 1550 1344 —
1582 1320 1717 1361 Helice,

900 1376 944 1409 ab
981 1374 1065 1408 Ione
1095 1371 1254 1410 condita,
1286 1372 1326 1402 ut
1360 1368 1454 1401 fama
1486 1365 1573 1406 fuit,
1615 1369 1719 1400 vetus

900 1421 1054 1464 Achaiae
1080 1415 1278 1462 metropolis
1303 1413 1433 1458 (Paus.
1458 1413 1492 1453 7,
1521 1413 1568 1456 1.)
1583 1437 1593 1453 ,
1617 1412 1718 1446 bien-

902 1467 957 1499 nio
976 1471 1056 1499 ante
1073 1463 1291 1499 Leuctricam
1313 1470 1462 1506 pugnam
1491 1469 1511 1491 a
1541 1459 1627 1491 mari
1655 1459 1718 1492 ab-

901 1516 1022 1558 sorpta
1040 1516 1114 1550 est3
1137 1510 1180 1542 de
1199 1519 1268 1553 qua
1290 1518 1323 1541 v.
1345 1506 1531 1549 Spanhem.
1558 1505 1601 1538 ad
1635 1504 1718 1538 Cal-

899 1558 967 1593 lim.
990 1559 1023 1591 h.
1043 1558 1078 1590 in
1098 1555 1177 1590 Del.
1200 1556 1303 1589 101.“
1328 1553 1383 1584 Ex
1401 1552 1450 1585 H.
1477 1551 1522 1584 cs.
1543 1552 1717 1587 Mannert.

899 1605 934 1638 8.
961 1615 994 1648 p.
1015 1603 1094 1638 397.
1121 1602 1165 1635 de
1191 1600 1267 1634 aliis
1294 1598 1456 1638 urbibus,
1482 1608 1573 1640 quae
1600 1597 1634 1630 in
1660 1597 1716 1631 di-

899 1650 995 1685 tione
1023 1646 1284 1695 Agamemnonis
1322 1645 1442 1685 suere,
1489 1643 1521 1676 H
1565 1643 1717 1677 conferri

896 1697 1002 1741 jussit
1031 1694 1066 1738 ι’,
1092 1691 1307 1731 149-154,
1338 1690 1427 1724 idem
1449 1700 1568 1735 parum
1594 1689 1661 1723 sibi
1681 1690 1716 1723 in

899 1743 952 1777 his
978 1744 1101 1777 famam
1130 1740 1308 1784 antiquam
1335 1741 1496 1771 constare
1515 1735 1627 1769 videri
1652 1736 1716 1779 ait,

899 1801 975 1822 cum
997 1789 1183 1832 Achajam‚
1210 1796 1300 1830 quae
1326 1784 1361 1817 h.
1389 1783 1411 1818 l.
1439 1781 1652 1816 Achaeorum
1680 1782 1716 1816 in

900 1841 1075 1881 potestate
1099 1835 1167 1873 sit,
1191 1832 1249 1865 illo
1271 1836 1427 1874 tempore
1443 1829 1543 1862 Iones
1565 1828 1716 1863 tenuisse

900 1882 1081 1921 dicantur,
1118 1891 1160 1914 ex
1191 1878 1309 1912 Attica
1340 1876 1374 1909 in
1400 1875 1599 1919 Aegialeam
1632 1886 1716 1920 pro-

899 1927 1006 1969 fecti,
1039 1938 1140 1972 quam
1170 1924 1284 1958 adhuc
1314 1922 1456 1965 Pelasgi
1491 1922 1716 1965 Aegialenses

900 1974 1146 2007 habitaverant
1163 1969 1311 2015 (Herod.
1329 1970 1363 2009 7,
1381 1970 1453 2008 94„
1476 1967 1580 2001 Paus.
1596 1969 1628 2008 7,
1649 1969 1715 2011 1.).

899 2031 974 2053 eam
1013 2019 1189 2064 regionem
1225 2016 1307 2050 inde
1341 2014 1471 2048 Ioniam
1506 2014 1714 2060 appellatam

899 2078 976 2100 esse
1001 2067 1117 2110 ajunt,
1143 2069 1179 2098 et
1198 2061 1420 2107 Aegialenses
1438 2060 1557 2103 Iones,
1583 2059 1642 2105 qui
1664 2060 1714 2094 ibi

898 2111 1122 2156 regnaverint
1151 2120 1261 2153 usque
1289 2108 1334 2142 ad
1364 2106 1582 2141 Doriensium
1610 2112 1714 2151 atque

899 2158 1159 2194 Heraclidarum
1187 2154 1436 2194 incursionem3
1469 2164 1535 2197 quo
1558 2159 1714 2198 tempore

898 2206 1029 2239 Achaei
1049 2216 1068 2238 e
1086 2202 1227 2237 sedibus
1243 2201 1314 2235 suis
1334 2198 1508 2233 exturbati
1527 2199 1561 2233 in
1583 2199 1713 2243 Aegia-

897 2251 985 2285 leam
1015 2252 1256 2289 secesserunt,
1288 2257 1378 2292 quae
1406 2246 1450 2279 ab
1484 2245 1552 2278 illis
1582 2247 1713 2289 AchaJa

899 2297 993 2331 dicta
1028 2302 1092 2330 est.
1151 2294 1276 2340 quibus
1301 2294 1353 2326 ita
1383 2293 1570 2336 respondet
1601 2292 1658 2333 H,
1682 2291 1712 2325 si

898 2344 999 2378 Iones
1023 2342 1236 2386 immigrasse
1254 2339 1414 2373 dicantur
1438 2338 1473 2371 in
1500 2338 1711 2382 Aegialeam,

898 2396 1013 2424 tamen
1039 2401 1109 2423 non
1143 2386 1314 2433 putandos
1349 2396 1426 2418 esse
1453 2395 1642 2429 occupasse
1673 2397 1711 2418 o-

898 2448 1006 2471 mnem
1032 2441 1179 2475 terram,
1213 2433 1275 2466 sed
1302 2431 1395 2466 inter
1420 2430 1550 2476 priscos
1581 2430 1711 2465 incolas

897 2483 1063 2526 Pelasgos
1084 2479 1299 2521 consedisse,
1325 2483 1363 2511 ut
1385 2489 1462 2511 mox
1482 2477 1636 2511 Achaeos
1657 2477 1711 2510 iu-

897 2533 954 2564 ter
986 2529 1099 2562 lones.
1154 2526 1185 2560 si
1216 2537 1300 2560 vero
1336 2523 1432 2558 Ionia
1457 2523 1504 2557 sit
1535 2523 1712 2569 appellata

896 2574 1085 2619 Aegialea,
1108 2573 1219 2608 serius
1241 2573 1308 2605 hoc
1338 2581 1458 2604 nomen
1487 2570 1523 2603 in
1550 2569 1711 2603 carmini-

897 2621 963 2655 bus
983 2627 1018 2655 et
1043 2619 1195 2654 historiis
1211 2622 1413 2663 usurpatum
1441 2616 1577 2657 videri,
1602 2615 1708 2650 nihil-

898 2679 965 2711 que
1001 2667 1188 2711 impedire,
1227 2665 1405 2709 quominus
1439 2667 1595 2707 tempore
1628 2662 1709 2698 belli

898 2714 998 2758 Troj.
1024 2713 1127 2747 Iones
1151 2723 1218 2745 uua
1247 2722 1322 2744 cum
1350 2709 1505 2754 Pelasgis
1535 2709 1708 2743 inhabita-

897 2759 968 2794 rint
995 2759 1210 2803 Aegialeam,
1244 2762 1444 2800 tractusque
1470 2756 1536 2789 iste
1561 2756 1709 2798 Agame-

896 2806 1011 2840 mnoni
1031 2805 1198 2850 paruerit.
1229 2802 1348 2848 „quod
1363 2813 1431 2836 non
1449 2801 1580 2836 diserte
1590 2802 1707 2835 Ionum

896 2852 938 2887 fit
959 2852 1137 2892 mentio‚“
1163 2849 1296 2894 inquit,
1320 2860 1454 2890 „causa
1474 2859 1550 2883 esse
1575 2852 1706 2892 potest,

897 2899 989 2944 quod
1014 2910 1129 2933 eorum
1157 2897 1272 2931 nullae
1300 2901 1400 2928 erant
1422 2894 1518 2941 yires
1544 2904 1706 2928 memora-

896 2945 1006 2986 biles,
1038 2948 1079 2978 ut
1105 2942 1239 2978 omniuo
1264 2942 1389 2987 πολλῷ
1411 2941 1457 2984 ἠν
1485 2938 1707 2976 ἀσθενέστα-

896 3004 964 3028 τον
981 2992 1056 3026 ταῖν
1074 2988 1215 3027 ἐθνέων
1237 2987 1282 3024 τὸ
1306 2986 1486 3029 Ἰωνικὸν,
1510 2986 1572 3022 καὶ
1595 2986 1705 3033 λόγου
