1811 3269
94 138 177 178 154

736 141 1136 186 ΟΜΗΡΟΥ

262 248 326 298 τίς
354 246 435 303 τᾶρ
466 252 556 293 τῶν
583 248 650 305 ὄχ’
684 249 862 304 ἄριστος
890 252 989 326 ἔην,
1019 254 1075 299 σύ
1105 273 1180 310 μοι
1209 257 1381 309 ἔννεπε,
1416 260 1592 311 Μοῦσα,

262 302 438 357 αὐτῶν,
467 304 540 362 ἠδ’
574 307 742 357 ἵππων,
775 313 818 353 οἰ
848 309 923 366 ἅμ’

947 310 1216 368 Ἀτρείδῃσιν
1245 313 1418 358 ἕποντο.

335 362 486 405 Ἵπποι.
517 362 598 417 μὲν
622 363 732 432 μέγ’
764 365 939 421 ἄρισται
972 369 1076 411 ἔσαν
1109 371 1405 441 Φηρητιαδαο,

259 417 337 469 τὰς
365 417 573 491 Εὔμηλος
606 419 759 466 ἔλαυνε
788 423 1017 475 ποδώκεας
1046 424 1232 479 ὄρνιθας
1261 426 1334 479 ὡς,

147 477 231 520 765
262 474 457 543 ὄτριχας,
489 476 676 529 οἰέτεας,
708 480 910 552 σταφύλῃ
941 481 1009 524 ἐπὶ
1038 486 1180 526 νῶτον
1208 484 1340 536 ἐίσας,

261 530 337 582 τὰς
367 533 414 574 ἐν
449 534 607 591 Πιερίῃ
637 535 773 588 θρέψ’
807 536 1105 608 ἀργυρότοξος
1131 538 1365 593 Ἀπόλλων,

260 587 395 656 ἄμφω
425 592 626 648 θηλείας,
643 593 806 663 φόβου
835 594 973 667 ἄρηος
1003 597 1266 650 φορεούσας.

261 643 439 700 ἀνδρῶν
469 649 527 691 αὐ
556 646 654 704 μέγ’
686 649 865 706 ἄριστος
895 652 972 707 ἔην
1006 653 1283 709 Τελαμώνιος
1314 655 1436 709 Αἴας,

134 770 213 806 761.
261 771 341 812 τίς
362 769 472 817 τᾶρ,
495 774 552 815 τίς
576 788 635 810 τοι
658 775 756 821 ἄρα,
791 781 830 810 ut
856 776 902 819 α’,

88 817 121 851 8.
156 817 262 850 V.:en
287 821 343 859 τίς
366 834 446 863 ταρ.
473 821 568 855 Vrat.
594 823 627 856 b.
652 829 687 856 et
711 823 811 859 codd.
836 824 897 858 Ju-

86 862 169 896 liani
195 864 257 897 Or.
282 867 315 900 2.
340 877 373 911 p.
401 867 479 923 155,
506 869 555 900 A:
580 869 635 909 τίς
658 867 739 913 γάρ.

134 910 216 950 763,
240 908 273 945 4.
321 911 422 957 μέγ’
449 909 514 956 ἄρ.
547 912 682 958 ἐξόχως
705 915 767 950 καὶ
785 913 900 972 μεγά-

85 958 158 996 Zeus
183 954 342 999 αριστοι,
369 958 419 1000 ὣς
436 961 662 996 Θεσσαλικοί.
687 962 749 997 καὶ
775 959 795 997 ὁ
812 975 900 1007 χρη-

87 1002 179 1046 σμός
202 1002 392 1046 (ἐκδοθεὶς
417 1007 600 1049 Αἰγιεῦσιν
626 1009 730 1042 Strab
765 1011 899 1049 10,1.,

84 1050 119 1083 2.
145 1060 178 1094 Ρ.
203 1052 283 1085 327.
311 1052 365 1085 ed.
393 1053 569 1097 Tauchn.)
595 1066 726 1099 φησιν·
754 1056 899 1090 ἵππον

87 1096 271 1130 Oenea?
285 1097 406 1140 ικὸν,
433 1100 828 1145 Λακεδαιμονίαν
854 1114 898 1136 τε

83 1148 321 1198 γυναῖκα,
337 1143 614 1202 ”Ανδραςθ’
638 1147 684 1182 οἰ
708 1146 899 1183 πίνουσ’

84 1186 400 1245 ἱεράνπηγήν
419 1189 723 1239 Ἀρεθούσης.
742 1200 825 1228 —et
843 1194 899 1228 hic

83 1239 121 1268 et
144 1234 199 1278 ψ’,
224 1238 303 1272 376.
339 1237 426 1271 dixit
465 1239 704 1284 Φηρητιάδαο
739 1253 772 1285 p.
800 1244 898 1284 ffiso„

84 1292 163 1314 cum
196 1287 310 1316 tamen
347 1284 489 1327 Φέρητα
521 1287 661 1329 legatur
693 1288 821 1332 Odyss.
855 1286 896 1329 λ’,

81 1328 190 1368 259.,
220 1330 499 1382 quemadmodum
527 1332 728 1378 ΙΡῙηθιόνην
762 1345 795 1377 Ρ.
820 1337 900 1368 Με-

81 1372 215 1418 θώνην
248 1376 413 1420 scriptum
446 1382 522 1418 est,
555 1379 674 1413 itidem
706 1379 824 1421 metri,
862 1383 900 1413 ut

81 1419 232 1461 videtur,
257 1423 372 1473 gratia
397 1425 477 1458 716.
521 1425 590 1458 suit
613 1426 743 1459 Pheres
769 1425 900 1459 Phera-

80 1477 178 1507 rum,
222 1469 318 1510 cujus
354 1469 448 1502 urbis
481 1471 606 1505 navale
640 1473 710 1505 fuit
740 1472 898 1515 Pagasae

81 1512 217 1555 (strab.
250 1515 284 1548 9.
319 1526 353 1559 p.
378 1517 491 1572 300.)
526 1529 559 1551 v.
595 1519 674 1553 711.
709 1522 744 1551 et
770 1518 896 1551 Cellar.

82 1563 117 1593 1.
155 1569 190 1603 p.
219 1561 320 1594 1065.
361 1560 630 1607 ,,Εῧμηλος.
668 1564 801 1598 Admeti
834 1564 896 1605 fil.,

79 1604 242 1638 Pheretis
266 1617 387 1651 nepos,
412 1609 556 1643 Crethei
585 1617 620 1644 et
644 1611 697 1654 T)
696 1621 764 1643 ·1us
788 1610 892 1643 abne-

80 1661 157 1695 pos,
183 1651 338 1696 adeoque
363 1665 405 1686 ex
430 1655 595 1689 Aeolidis,
621 1656 776 1701 Apollod.
804 1658 835 1696 1,
857 1658 891 1696 9,

82 1695 138 1731 14.
173 1696 217 1730 de
250 1699 389 1753 Admeti
419 1702 514 1744 equis
546 1707 581 1735 et
612 1703 758 1736 Eumelo
793 1713 893 1735 cursu

80 1743 209 1777 victore
232 1756 266 1778 v.
291 1745 328 1789 ψ’
335 1748 449 1786 ,287
457 1750 600 1800 seqqf‘
623 1749 669 1782 H.

128 1791 209 1824 765.
258 1758 353 1835 ὅτρ.
394 1791 603 1837 ὁμότριχας.
639 1795 745 1837 (Ven.
781 1793 822 1827 Β.
858 1797 893 1826 et

80 1834 199 1880 Lips:
225 1833 440 1883 ὁμόχροας.)
475 1840 590 1876 οἰὲτ.
617 1836 893 1884 ἰσοετεῖςιθμῆ·

79 1884 195 1922 λικας.
222 1883 295 1926 (est
318 1885 425 1940 igitur
444 1885 486 1921 τὸ
510 1901 529 1922 o
549 1898 583 1932 p.
609 1885 719 1930 ὁμοῦ,
744 1885 893 1930 ομοίως,

79 1933 121 1962 ut
149 1926 311 1984 ὄπατρος
348 1929 390 1973 λ,
415 1933 516 1976 257.,
551 1933 780 1989 videaturque
814 1937 894 1973 οιος

78 1973 188 2008 fuisse
213 1977 358 2022 primum
383 1974 467 2020 ὅος,
507 1977 629 2014 unde
616 1977 706 2024 όμος
691 2003 728 2019 ς,
753 1978 892 2023 ὅμοιος.

78 2021 201 2054 EsH
229 2025 274 2057 cf.
295 2025 365 2057 Th.
392 2035 414 2069 p
451 2004 550 2069 227.)
599 2038 737 2069 σταφ.
763 2024 893 2060 -ἐΐ-

79 2077 173 2108 σας.
212 2067 331 2110 οἷ’τως
365 2071 449 2111 ἴσας
483 2073 546 2106 καὶ
586 2071 791 2115 αναλόγοις
814 2075 894 2112 τοῖς

76 2112 210 2155 νώτοις
234 2115 321 2159 [ἐπὶ
344 2130 506 2160 νωτον,
528 2117 588 2154 ἐπὶ
606 2120 748 2161 vaira-L
773 2117 893 2162 ὥσπερ

78 2159 242 2206 στάθμη.
269 2164 358 2218 [imo
376 2163 549 2222 στάθμῃ,
577 2166 609 2198 11.
635 2178 664 2198 e.
689 2164 782 2207 πρὸς
806 2164 892 2199 στά-

76 2209 194 2252 θμην.
244 2210 296 2243 E:
332 2207 382 2249 (ὃς
415 2210 480 2266 ἐὰν
517 2211 683 2267 σταφύλῃ
710 2210 892 2255 ἐξισωθη-

78 2256 175 2298 σαν.]
212 2254 381 2314 σταφύλη
416 2257 485 2312 γὰρ
521 2256 540 2293 ὁ
577 2258 785 2298 τεκτονικὸς
809 2260 891 2293 δια-

75 2300 212 2357 βήτης
257 2303 292 2338 οὶ
329 2301 367 2337 δὲ
402 2302 469 2349 τὴν
503 2302 675 2350 στάθμην
709 2305 888 2359 λε’)ουσιν.

75 2346 153 2382 ἔστι
173 2346 213 2382 δὲ
238 2346 260 2392 ἡ
286 2349 437 2407 στάθμη
459 2353 620 2398 σχοινίον
637 2351 772 2387 λεπτὸν
791 2350 891 2395 χριό-

75 2406 188 2439 μενον
211 2398 325 2442 μίλτω
351 2394 373 2441 ἢ
397 2396 548 2441 μέλανι,
575 2399 602 2444 ᾠ
629 2397 890 2444 σημειούμενοι

76 2440 290 2483 απορθοῦσι
314 2456 361 2477 τοι
392 2442 494 2486 ξύλα.
532 2425 612 2479 Sc‘h.

122 2489 201 2523 766.
251 2491 371 2533 Πιερ
352 2492 446 2536 ρίῃ.
488 2490 537 2524 5ἰο
573 2496 658 2524 vett.
691 2490 792 2533 edd„
823 2502 886 2523 nec

76 2533 178 2568 aliter
203 2534 318 2569 Schol.
350 2537 434 2571 Ven.
460 2536 502 2570 ad
527 2534 579 2579 ψ’,
605 2539 684 2572 383.
712 2549 767 2581 ap.
794 2537 887 2570 Bek-

76 2581 196 2613 kerum
233 2581 616 2629 (Ῡ1110151Πηεριῃ.)
659 2588 694 2616 et
729 2583 885 2616 Macrob.

75 2626 151 2659 Sat.
179 2627 320 2669 1,17.;
355 2633 475 2674 estque
507 2631 592 2663 haec
622 2630 764 2673 vulgata
798 2628 886 2662 scri-

76 2675 192 2718 ptura,
209 2684 310 2717 quam
332 2675 437 2708 habet
457 2675 557 2710 etiam
577 2676 620 2709 H.
653 2676 774 2720 Steph
786 2675 886 2719 Βμ

292 2721 494 2762 Θεσσαλίας
533 2723 679 2767 χωρίον.
732 2722 886 2764 Hesych.

77 2720 242 2763 Πηρεία·

670 2769 715 2801 W
718 2768 777 2803 olf.
798 2767 886 2800 Pro-

77 2767 222 2810 Πηρία·
247 2765 355 2807 πόλις
379 2765 418 2801 ἐν
442 2769 638 2813 Θεσσαλίᾳ.

78 2813 170 2856 legg.
202 2812 245 2845 ad
278 2814 376 2846 Hom.
410 2826 443 2859 p.
469 2817 547 2849 28..
586 2814 773 2858 „Plerique
807 2812 887 2846 boni

79 2859 215 2900 codd.,‘
205 2861 229 2877 “
251 2859 384 2904 inquit,
411 2872 510 2902 „cum
538 2861 721 2894 Eustathio
746 2864 888 2893 servant

77 2916 198 2939 nomen
233 2916 342 2950 paene
374 2906 561 2940 inauditum
595 2907 630 2939 in
664 2906 885 2951 geographia,

80 2951 141 2986 sed
172 2952 237 2986 1100
267 2952 342 2996 ipso
376 2953 419 2986 ad
452 2952 707 2995 corruptionem
733 2962 884 2998 pronum,

83 3000 219 3045 Φηρείῃ
253 2999 392 3044 (Φηρίῃ
426 2998 502 3032 0011.
537 2999 636 3032 Voss.
671 3010 727 3043 ap.
764 2999 882 3032 Valck.

949 777 993 811 ad
1017 777 1325 822 Α11101011.3,12.)
1348 790 1406 812 500
1426 779 1566 825 Πηρείῃ
1590 778 1667 823 (1110
1690 779 1754 824 Ε),

948 824 1054 868 idque
1093 825 1186 858 110011
1228 824 1329 859 dubie
1372 837 1415 857 ex
1451 826 1486 860 11.
1525 825 1547 859 1.
1589 826 1756 870 praebent

947 870 1070 914 Steph.
1105 872 1190 916 By.z
1230 877 1266 904 et
1296 871 1451 915 Hesych.
1510 882 1572 916 pro
1613 871 1756 915 regione

949 916 1155 950 Thessaliae
1167 917 1287 950 Pheris
1303 916 1442 950 vicina!
1447 917 1622 961 ‘recepit
1641 922 1754 951 tamen

947 962 994 994 W
1015 964 1156 1008 Πηρείῃ
1179 963 1213 996 in
1231 962 1448 997 novissimam
1467 963 1521 996 ed.
1547 974 1653 1007 suam,
1679 974 1754 997 cum

947 1014 1028 1042 aute
1063 1011 1242 1053 probasset
1278 1011 1430 1055 Πιεριῃ,
1473 1008 1552 1054 quia
1591 1021 1634 1042 ne
1667 1008 1754 1043 hanc

945 1055 1081 1099 quidem
1105 1056 1309 1100 scripturam
1341 1055 1529 1089 defendere
1562 1055 1629 1089 sibi
1654 1066 1755 1100 posse

945 1101 1139 1135 videbatur.
1188 1113 1304 1135 verum
1338 1113 1405 1134 non
1438 1101 1526 1135 male
1550 1102 1584 1135 H
1609 1107 1753 1135 annota-

944 1148 1016 1190 vit,
1041 1148 1180 1188 Pieres,
1205 1148 1391 1181 Thraciam
1413 1153 1570 1192 gentem,
1596 1148 1752 1192 pluribus

944 1194 1022 1228 olim
1033 1174 1235 1227 Thessaliae
1255 1195 1422 1227 tractibus
1438 1194 1625 1235 habitasse,
1651 1205 1752 1237 prae-

944 1240 1064 1273 sertim
1084 1240 1126 1273 ad
1150 1241 1352 1284 Olympum3
1379 1245 1415 1273 et
1428 1251 1484 1284 ap.
1505 1240 1601 1283 Virg.
1616 1220 1749 1292 ’Georg

943 1287 979 1326 3,
1015 1287 1048 1319 2.
1083 1286 1271 1329 Apollinem
1312 1286 1355 1318 ad
1389 1277 1614 1330 Amplssysum
1647 1284 1684 1318 fl.
1716 1286 1751 1318 in

945 1331 1146 1365 Phthiotide
1166 1332 1281 1376 paviss
1265 1344 1301 1364 50
1325 1331 1393 1365 11.ίοί
1418 1331 1553 1365 Admeti
1585 1335 1752 1365 armenta.

945 1389 1009 1410 nec
1032 1377 1082 1410 ita
1105 1378 1223 1422 inepte
1243 1378 1276 1411 K
1298 1378 1377 1411 huic
1391 1377 1465 1411 loco
1491 1376 1648 1411 adhibuit
1671 1388 1751 1410 ver-

945 1423 990 1456 ba
1013 1422 1073 1456 illa
1097 1423 1212 1480 hymni
1236 1424 1334 1457 Hom.
1370 1423 1406 1457 in
1441 1422 1751 1459 Merc.69.=a13-

944 1468 1012 1512 τὰρ
1057 1467 1121 1513 ἄρ’
1159 1467 1298 1514 Ἑρμῆς
1338 1471 1549 1527 Πιερίης
1590 1466 1752 1512 αφίκανε

944 1516 1070 1550 θεῶν
1095 1514 1210 1558 ὄρεα
1235 1517 1425 1558 σκιόεντα,
1449 1515 1601 1551 ”Evam
1623 1517 1751 1551 θεῶν

943 1560 1176 1621 μακάρων
1200 1562 1310 1607 βόες
1336 1562 1585 1608 αμβροτοι
1609 1557 1752 1598 αὖλιν

940 1609 1164 1652 ε’,χεσκον
1208 1615 1247 1642 ut
1285 1621 1328 1642 ex
1361 1610 1486 1654 quibus
1521 1609 1750 1653 intelligatur,

938 1654 1180 1689 fertilissimam
1213 1656 1320 1688 fuisse
1342 1655 1512 1696 Pieriam,
1546 1660 1581 1689 et
1604 1667 1750 1700 pascen-

939 1702 993 1734 dis
1019 1701 1180 1735 armentis
1210 1708 1337 1746 aptam.
1386 1702 1547 1736 habuisse
1570 1701 1678 1745 igitur
1700 1701 1750 1735 ibi
1810 1734 1811 1744 ¹

940 1747 1090 1781 creditus
1137 1748 1243 1781 fuerit
1276 1748 1396 1792 Apollo
1441 1748 1543 1781 etiam
1587 1758 1749 1801 equorum

941 1805 1090 1838 greges,
1126 1805 1272 1838 cumque
1295 1794 1439 1827 Admeto
1463 1793 1610 1827 serviret
1633 1794 1668 1827 in
1692 1793 1749 1827 vi-

941 1840 1054 1879 cinia,
1080 1851 1145 1883 par
1166 1851 1280 1873 0010111
1306 1840 1382 1884 regi
1402 1839 1604 1873 amicissimo
1625 1839 1750 1873 1101105-

940 1864 1092 1919 50.Ρ1111
1128 1885 1162 1926 4,
1182 1887 1236 1919 8.:
1263 1887 1303 1918 ln
1325 1887 1509 1919 'Ihessalia
1531 1905 1578 1910 —-
1601 1887 1750 1929 oppida.-

942 1932 1076 1965 Pherae
1101 1911 1279 1974 (Pheretis
1304 1938 1340 1965 et
1359 1932 1492 1966 Admeti
1509 1932 1637 1975 regia),
1662 1943 1748 1975 qua-

940 1990 1016 2011 vum
1045 1989 1068 2010 α
1096 1983 1196 2022 tergo
1226 1978 1338 2011 Pieris
1364 1980 1414 2021 (h.
1435 1990 1466 2012 0.
1493 1977 1610 2011 Pieria
1628 1978 1748 2022 regio)

940 2025 989 2057 ad
1011 2024 1251 2057 Macedoniam
1266 2025 1494 2068 protenditur.
1521 2025 1658 2069 Φηρείῃ
1675 2025 1751 2068 qui·

941 2071 1015 2104 dem
1049 2070 1079 2102 si
1111 2071 1293 2114 genuinum
1329 2077 1442 2111 esset,
1478 2069 1603 2103 dictum
1637 2069 1751 2103 videri

940 2121 1058 2161 posset
1075 2127 1136 2160 pro
1161 2118 1275 2161 Φηρῇ,
1300 2117 1406 2161 idque
1427 2127 1489 2160 pro
1512 2118 1653 2159 Φηραῖς
1675 2116 1750 2150 sive

942 2165 1087 2206 Φεραῖς,
1107 2163 1384 2207 quemadmodum
1399 2162 1638 2207 Φηρητιάδαο
1659 2161 1749 2195 idem

939 2220 980 2242 00
1007 2211 1135 2252 Φερητ.
1174 2220 1250 2242 0550
1275 2208 1423 2242 vidimus
1447 2209 1526 2244 763.
1560 2215 1596 2242 et
1623 2207 1749 2252 Φηρήν

938 2255 1038 2289 Hom.
1065 2254 1103 2295 ε’,
1126 2253 1206 2289 543.
1240 2255 1429 2299 appellavit
1455 2254 1649 2288 Messeniae
1680 2266 1748 2300 op-

937 2301 1073 2345 pidum,
1103 2301 1193 2345 quod
1223 2301 1341 2345 Φηραὶ
1360 2300 1524 2334 Straboni
1549 2306 1622 2342 est,
1656 2300 1747 2335 Pto-

937 2348 1065 2381 lemaeo
1102 2348 1235 2390 Φεραίι
1282 2347 1342 2380 5011
1381 2347 1547 2380 incertior
1587 2351 1641 2380 est
1672 2346 1746 2390 ejus

936 2394 1133 2439 scripturae
1158 2394 1347 2428 auctoritas
1373 2404 1473 2437 quam
1504 2392 1558 2426 cui
1591 2398 1745 2426 veterum

938 2440 1016 2475 edd.
1052 2439 1187 2474 minime
1221 2439 1499 2473 contemnendam
1535 2440 1744 2483 posthabea-

934 2497 1018 2522 mus.
1029 2491 1236 2519 —ceterum
1254 2486 1390 2530 quidvis
1407 2485 1461 2519 sui
1480 2485 1618 2529 generis
1641 2496 1743 2530 prae-

935 2532 1178 2568 stantissimum
1203 2533 1246 2566 ad
1271 2532 1355 2565 deos
1387 2531 1512 2565 referri
1546 2531 1660 2576 prisco
1685 2531 1742 2564 illo

933 2578 1062 2619 seculo,
1086 2589 1182 2611 nemo
1207 2579 1367 2622 ignorat,
1392 2588 1460 2622 qua
1483 2577 1526 2610 de
1551 2588 1590 2610 re
1608 2577 1642 2610 K
1660 2588 1743 2612 con-

934 2625 1018 2661 ferri
1039 2625 1154 2678 jussit·
1170 2635 1276 2669 supra
1308 2626 1384 2658 101.
1410 2634 1507 2667 seqq.
1541 2628 1576 2656 et
1600 2621 1640 2664 ε’,
1672 2624 1742 2659 265

932 2683 1028 2717 seqq.
1052 2682 1085 2705 V.
1110 2670 1212 2704 etiam
1237 2681 1313 2704 ann.
1339 2670 1384 2703 ad
1408 2671 1487 2704 770.

979 2719 1058 2753 767.
1105 2719 1209 2761 θηλ.
1248 2716 1291 2748 011
1327 2715 1588 2760 propagandum
1632 2725 1741 2758 genus

933 2764 1098 2800 eximium.
1147 2765 1331 2817 praeterea
1360 2773 1470 2806 equae
1501 2765 1582 2794 sunt
1613 2760 1739 2805 agilio-

932 2824 1002 2846 ras.
1027 2812 1060 2844 E
1077 2811 1120 2843 K.
1171 2822 1200 2853 φ
1215 2822 1233 2842 0
1227 2807 1333 2853 ’βον
1358 2807 1392 2842 ἅ.
1418 2820 1458 2852 φ.
1485 2812 1650 2842 terrorem
1671 2807 1741 2840 bel-

934 2861 1035 2892 licum
1062 2857 1248 2899 inferentes
1273 2855 1428 2888 hostibus
1451 2852 1669 2887 incursando.
1693 2870 1738 2877 —

933 2904 1082 2949 ἄρηος
1105 2902 1228 2946 scripsi
1252 2912 1314 2946 pro
1329 2897 1481 2945 Ἄρηος,
1505 2911 1581 2934 cum
1602 2909 1660 2933 res
1685 2897 1739 2932 di-

933 2959 1050 2992 catur,
1074 2961 1142 2983 non
1166 2951 1261 2982 deus.

979 2999 1056 3033 768.
1107 2996 1234 3040 011)55.
1252 2992 1294 3035 λ’,
1311 2994 1411 3029 550..
1435 2988 1591 3033 Αἴανθ’,
1616 3002 1657 3031 ος
1676 2988 1735 3025 πέ-

1779 2727 1791 3063 f

1776 3173 1780 3269 j
