1811 3269
484 135 840 186 XPONOI,
894 134 1308 176 ΒιοΣκ.τ.λ.
1703 139 1733 178 5

69 246 165 289 ticos,
190 250 281 282 Δια
293 256 402 282 σκευ
416 257 440 280 α
452 245 573 287 στὰς,
592 244 683 279 haud
704 245 877 289 gravabor

67 293 267 327 adscribere
290 292 390 327 Rich.
416 292 550 337 Paynei
574 291 735 335 Knightii
760 291 876 332 (Car-

67 339 164 373 mina
187 339 374 372 Homerica
398 339 484 371 Ilias
503 343 538 372 et
555 338 726 380 Odyssea,
752 348 775 369 a
793 337 877 370 rha-

65 385 249 430 psodorum
267 385 590 428 interpolationibus
606 388 802 428 repurgata
812 386 877 418 etc.

66 442 172 475 opera
196 435 231 465 et
253 431 367 464 studio
392 431 559 464 Richardi
586 430 704 474 Payne
728 430 876 474 Knigtzt,

65 475 236 518 Londini‚
259 477 372 510 Paris.
397 480 433 510 et
457 478 600 520 Argent.
628 477 742 516 1820„
765 475 877 509 forma

65 523 233 566 majore.)
267 523 560 567 disputationem,
602 522 704 567 paulo
741 522 876 566 quidem

65 568 240 603 rudiorem
271 568 363 601 illam
395 573 453 611 et,
487 568 578 614 quod
611 568 727 612 ajunt,
759 578 877 601 crassa

63 614 228 648 Minerva
258 614 389 656 fusam,
424 614 485 648 sed
519 619 631 648 tamen
668 613 771 647 valde
795 624 876 657 pro-

64 660 224 694 babilem.
266 659 317 694 sic
357 660 465 705 igitur
508 671 615 694 senex
660 659 876 693 doctissimus

63 705 352 752 Προλεγομὲνων
371 719 404 751 Ρ.
416 709 471 742 7..
496 707 586 748 „IX.
603 705 750 740 Feracia
768 705 875 739 maxi-

63 764 191 787 morum
214 753 427 796 ingeniorum
453 758 594 797 praeter
618 763 748 785 omnem
773 757 873 784 natu-

63 810 125 834 rae
149 799 316 833 rationem
341 800 543 843 modumque
567 798 676 832 fuisse
694 809 735 831 ea
758 797 874 831 secula

64 849 226 890 oportet,
251 857 339 890 quae
363 849 416 878 tot
439 856 568 889 greges
586 847 765 890 poetarum
792 855 875 877 enu-

63 892 210 932 trirent,
250 902 393 935 quorum
428 891 574 935 quilibet
607 890 758 924 carmina
782 890 876 934 ejus-

62 937 154 972 modi
177 937 361 978 effuderit,
386 948 477 982 quae
501 948 598 970 nemo
623 936 766 970 omnium
791 947 877 980 gen-

63 985 148 1018 tium
173 989 294 1029 postea
318 995 380 1029 per
404 983 474 1017 tria
497 983 602 1017 millia
626 994 790 1016 annorum
816 994 876 1016 ae-

61 1030 181 1064 mulari
206 1035 343 1074 posset,
367 1041 479 1074 neque
502 1029 568 1062 nisi
593 1040 679 1062 unus
705 1034 765 1062 aut
789 1029 876 1063 alter

55 1072 289 1122 'probabiliter
313 1075 458 1109 imitari!
482 1087 592 1121 neque
616 1076 725 1108 minus
749 1075 875 1108 miran-

62 1123 142 1156 dum
177 1127 251 1164 est,
289 1126 342 1156 tot
372 1124 514 1166 poetaS,
551 1121 703 1155 consiliis
727 1121 818 1155 inter
837 1132 875 1154 se

62 1168 155 1202 haud
180 1169 449 1210 communicatis,
475 1169 539 1209 ita,
564 1168 710 1201 fortuito
734 1173 769 1202 et
791 1178 872 1201 casu

61 1215 208 1259 quodam
245 1214 361 1256 felici,
396 1214 534 1259 ingenia
559 1213 592 1247 in
619 1215 739 1248 eadem
764 1217 872 1247 mate-

60 1260 115 1294 ria
141 1260 348 1302 exercuisse,
374 1265 413 1294 ut
437 1272 557 1306 sparsa
582 1272 697 1294 eorum
725 1260 874 1294 carmina

61 1318 124 1341 sua
148 1307 248 1351 quasi
270 1313 393 1351 sponte
417 1307 452 1340 in
478 1318 626 1352 corpora
645 1307 781 1350 singula
804 1311 872 1340 tam

62 1356 144 1396 apte
171 1354 323 1394 coirent,
358 1358 399 1385 ut
424 1364 466 1385 ea
502 1364 649 1397 corpora
672 1365 734 1397 pro
760 1364 872 1386 exem—

62 1397 215 1443 plaribus
240 1398 504 1433 absolutissimis
529 1410 591 1443 per
615 1398 726 1432 omnia
751 1399 871 1431 subse-

61 1448 142 1478 cuta
173 1445 288 1478 secula
322 1445 550 1485 haberentur,
589 1449 624 1478 et
658 1448 781 1489 poetae
816 1456 871 1489 ap.

60 1495 220 1535 posteros
239 1493 336 1523 tanto
356 1490 431 1534 plus
450 1491 560 1523 laudis
577 1491 729 1529 tulerint,
742 1496 871 1533 quanto

58 1536 137 1581 plus
168 1535 203 1568 in
243 1536 286 1569 iis
317 1535 492 1569 imitandis
534 1536 652 1569 valere
685 1535 750 1568 visi
790 1535 870 1568 sint.

57 1583 138 1615 dum
162 1593 279 1615 eorum
303 1582 433 1627 itaque,
460 1593 549 1627 quae
565 1583 691 1626 justam
716 1581 871 1615 miratio-

59 1640 134 1662 nem
157 1628 308 1662 fortasse
332 1629 476 1668 saciant,
501 1628 567 1661 viri
589 1629 682 1661 docti
705 1628 869 1662 rationem

58 1674 208 1709 reddere
245 1675 358 1708 conati
390 1680 490 1715 sunt,
527 1675 595 1708 alia
619 1674 782 1708 videntur
806 1675 870 1708 im-

59 1721 250 1766 prudenter
281 1721 517 1754 introduxisse
552 1732 693 1765 prorsus
718 1721 869 1754 incredi-

59 1766 152 1808 bilia,
179 1778 220 1800 ac
237 1778 349 1800 rerum
370 1773 405 1800 et
422 1767 642 1801 historiarum
664 1767 745 1800 fidei
767 1768 868 1811 plane

58 1813 242 1847 contraria.
285 1814 328 1847 X.
354 1814 512 1847 Audaces
537 1813 623 1848 satis
651 1825 691 1847 ac
719 1819 868 1847 temera-

56 1859 103 1893 rii
121 1860 240 1893 merito
259 1859 326 1893 visi
343 1864 433 1901 sunt,
448 1860 505 1904 qui
525 1872 637 1893 rerum
655 1864 811 1893 naturam
825 1872 868 1893 ex

56 1909 244 1940 atomorum
270 1917 439 1939 concursu
465 1906 611 1940 fortuito
649 1912 757 1940 ortam
790 1918 866 1940 esse

57 1952 317 1985 contenderunt.
337 1964 395 1985 eos
408 1958 521 1986 tamen
531 1952 663 1986 veniam
678 1953 866 1986 temeritati

56 1997 244 2042 impetrare
265 2009 408 2042 aequum
433 1999 577 2032 forsitan
597 1998 703 2032 fuerit
719 2011 759 2032 eo
776 1999 865 2044 quod

55 2054 169 2077 rerum
189 2069 200 2086 ‚
251 2055 340 2088 quae
382 2045 538 2078 omnibus
582 2045 715 2090 pariter
752 2051 867 2079 essent

55 2089 219 2134 ignotae,
251 2101 348 2124 nemo
380 2091 560 2124 certiorem
596 2092 762 2124 rationem
788 2092 867 2125 red-

54 2136 138 2170 dere
163 2140 302 2180 posset;
337 2140 443 2181 atque
466 2137 501 2170 in
527 2138 628 2171 meris
653 2137 867 2171 ariolationi-

55 2183 119 2216 bus
166 2187 201 2215 et
243 2183 448 2226 conjecturis
486 2184 542 2227 jus
578 2184 731 2218 omnibus
765 2184 865 2220 idem.

55 2228 240 2262 carminum
273 2235 406 2270 autem,
440 2230 567 2274 quibus
593 2230 669 2274 quis
693 2243 807 2264 omnes
832 2236 866 2264 et

54 2275 93 2308 in
117 2276 210 2308 omni
231 2286 362 2320 genere
387 2276 603 2320 eloquentiae
623 2279 744 2320 procul
763 2278 806 2310 ab
829 2289 865 2311 se

53 2322 255 2365 reliquisse,
280 2327 385 2366 atque
409 2323 487 2366 ipsa
513 2324 733 2366 dispositione
760 2325 865 2357 totius

53 2368 165 2411 operis
188 2369 332 2402 humani
355 2370 491 2412 ingenii
521 2371 659 2402 modum
686 2371 866 2403 excessisse

53 2414 220 2457 [Quintil.
257 2414 370 2450 Instit.
395 2415 453 2448 lib.
480 2415 524 2451 X.
557 2427 588 2449 c.
615 2416 662 2459 1.)
695 2416 790 2450 visus
818 2416 865 2450 sit

51 2459 256 2494 doctissimis
290 2461 392 2494 etiam
420 2461 614 2505 judicibus,
653 2463 704 2497 ita
737 2463 863 2496 fortui-

52 2509 120 2540 tam
163 2506 273 2540 fuisse
313 2508 591 2552 compositionem
611 2534 621 2550 ,
665 2520 730 2542 non
774 2509 862 2542 ratio

51 2551 232 2594 duntaxat,
255 2553 317 2586 sed
341 2554 416 2598 ipse
440 2554 609 2588 hominum
633 2565 752 2588 sensus
771 2567 862 2588 corn-

50 2599 160 2632 munis
203 2603 239 2632 et
270 2601 486 2644 experientia
519 2601 718 2645 quotidiana
752 2602 863 2635 recla-

49 2651 154 2678 mant.
179 2645 328 2679 diversis
359 2647 431 2690 jam
455 2645 536 2680 inde
567 2648 692 2681 seculis
717 2649 863 2681 maxima

50 2694 86 2724 et
117 2691 315 2726 felicissima
352 2692 493 2736 ingenia
526 2693 560 2726 in
598 2694 716 2727 eodem
742 2706 861 2738 campo

49 2747 127 2771 sese
159 2745 409 2779 exercuerunt3
444 2739 506 2772 sed
540 2751 637 2773 nemo
661 2740 773 2773 adhuc
797 2752 862 2785 pa-

48 2793 120 2816 rem
143 2782 278 2818 laudem
312 2786 519 2819 honoremve
552 2792 612 2819 aut
634 2787 777 2820 meritus
802 2792 863 2820 aut

47 2835 250 2864 consecutus
281 2836 352 2866 est:
386 2831 420 2864 in
452 2831 596 2865 sublime
628 2832 715 2865 enim
741 2833 861 2877 Virgi-

48 2874 135 2917 lius,
160 2875 271 2910 aliena
301 2877 453 2922 vestigia
477 2889 657 2932 premens,
684 2883 760 2912 arte
787 2890 859 2912 ma-

48 2921 103 2964 gis
137 2933 235 2966 quam
267 2929 392 2958 natura
426 2925 602 2968 assurgit3
636 2924 857 2960 lascivientes

47 2967 187 3014 ingenio
220 2969 370 3004 Ovidius
412 2973 448 3005 et
488 2971 622 3005 Tassus
654 2971 857 3017 aliquoties3

924 245 1053 290 impetu
1079 244 1260 285 Lucanus;
1297 245 1414 280 labore
1439 258 1480 280 ac
1503 247 1628 281 sudore
1651 246 1732 280 Mil-

923 296 1043 335 tonus,
1078 289 1365 335 σκηριπτόμενος
1397 294 1521 337 χερσίν
1552 305 1590 328 τε
1621 293 1733 328 ποσίν

923 350 962 372 τε
981 357 1028 361 -
1050 338 1187 372 laborat
1208 350 1346 392 quoque
1369 339 1499 380 lector,
1522 339 1604 373 licet
1627 351 1734 385 saepe

924 384 1140 424 delectatus,
1183 385 1322 430 saepius
1362 384 1599 419 mirabundus:
1642 387 1732 419 solus

925 434 1039 463 autem
1075 430 1200 464 Iliacus
1233 433 1356 475 poeta,
1389 430 1507 464 indole
1531 432 1675 476 propria
1699 438 1734 465 et

924 476 960 509 vi
1001 475 1103 509 animi
1144 476 1301 521 ingenita
1346 477 1480 519 elatus,
1524 477 1567 509 ad
1605 488 1733 511 summa

924 533 1081 566 quaeque
1103 528 1226 566 sponte
1251 534 1292 556 ac
1316 528 1460 564 natura,
1485 534 1551 556 non
1576 523 1650 556 nisu
1676 523 1731 557 vel

921 567 1130 611 intentione,
1167 568 1346 613 pervenit3
1373 580 1556 614 omnesque
1579 569 1731 613 omnige-

923 626 989 647 nae
1023 614 1239 658 eloquentiae
1273 615 1408 659 gratias
1440 620 1478 649 et
1509 615 1659 649 virtutes
1691 627 1731 649 ea

922 660 1106 694 facundiae
1129 660 1299 694 felicitate
1323 661 1489 701 condivit,
1512 665 1552 695 ut
1575 661 1732 695 versibus

920 706 1078 748 innatae,
1111 718 1177 740 non
1210 706 1386 750 intextae,
1423 707 1625 748 videantur3
1661 707 1732 741 cul—

920 757 1045 797 tusque
1076 753 1203 798 ubique
1229 753 1382 796 eniteat,
1417 765 1585 798 nusquam
1615 760 1732 787 osten-

921 799 1046 840 datur,
1078 799 1139 832 sed
1166 799 1361 843 quotidiani
1394 800 1559 833 sermonis
1582 799 1732 833 facilitas

921 845 1085 878 heroicae
1094 845 1414 889 grandiloquentiae
1424 847 1635 890 majestatem
1646 851 1731 879 tem-

921 896 1040 936 peret,
1065 902 1132 924 non
1155 891 1299 931 minuat,
1323 892 1465 932 molliat,
1489 904 1554 926 non
1579 896 1730 926 enervet.

921 948 1162 978 successores,
1198 936 1325 982 pluviis
1356 942 1392 972 et
1421 938 1607 972 stillicidiis
1631 938 1730 971 undi-

922 995 989 1028 que
1021 984 1197 1025 collectis,
1230 983 1358 1017 rivulos
1383 983 1520 1018 auxisse
1549 984 1730 1018 videntur:

921 1030 998 1075 ipse
1021 1030 1160 1074 gurgite
1184 1030 1266 1063 vivo
1292 1030 1464 1073 exundat,
1499 1031 1598 1074 cujus
1621 1031 1730 1064 vorti-

923 1076 1020 1109 cibus
1045 1076 1176 1120 abripi,
1204 1076 1336 1110 hauriri
1362 1077 1408 1120 (.
1418 1077 1435 1120 )
1461 1081 1565 1121 atque
1588 1076 1730 1110 invitum

922 1122 1006 1156 ferri
1031 1122 1142 1156 lector
1166 1122 1311 1167 quilibet
1335 1134 1373 1156 se
1406 1124 1564 1167 protinus
1588 1123 1704 1156 sentit.
1709 1125 1732 1142 “

920 1179 984 1202 nec
1018 1172 1131 1202 tamen
1166 1168 1242 1212 ipse
1274 1169 1434 1214 Payneus
1466 1168 1651 1213 Knightius
1672 1169 1730 1202 uni

920 1217 1047 1260 poetae
1084 1215 1283 1248 adscribere
1316 1217 1422 1249 audet
1448 1220 1630 1257 utrumque
1652 1227 1731 1249 car-

921 1273 996 1295 men
1043 1261 1286 1295 nobilissimum
1313 1262 1413 1306 (vide
1453 1262 1526 1306 ejus
1567 1261 1729 1305 Prolegg.

920 1310 953 1349 ἓ.
980 1307 1036 1343 43
1072 1308 1208 1352 seqq),
1245 1308 1311 1341 etsi
1344 1309 1491 1349 fatetur,
1523 1308 1664 1341 eandem
1696 1308 1729 1342 in

919 1359 1064 1398 utroque
1089 1365 1164 1388 esse
1188 1353 1442 1401 simplicitatem
1465 1365 1614 1396 morum,
1648 1366 1731 1388 eun-

919 1399 994 1433 dem
1013 1401 1127 1444 χνοῦν
1144 1397 1403 1445 ἀρχαιοπρεπῆ
1421 1401 1483 1435 καὶ
1501 1399 1609 1445 χάριν
1623 1399 1730 1446 ἀβία-

919 1457 1016 1480 στον.
1041 1445 1149 1490 igitur
1185 1446 1251 1480 duo
1283 1447 1449 1491 ejusmodi
1482 1447 1633 1480 carmina
1656 1448 1730 1481 lon-

917 1493 1017 1535 giora
1052 1504 1276 1545 componere,
1310 1495 1468 1538 quamvis
1501 1493 1633 1538 impari
1653 1505 1730 1527 suc-

918 1549 1017 1571 cessu
1033 1563 1043 1578 ,
1076 1538 1188 1580 potuit
1211 1538 1318 1572 Italus
1350 1540 1465 1572 Tasso
1480 1565 1489 1581 ,
1515 1539 1627 1584 potuit
1651 1539 1730 1573 Bri-

916 1590 1043 1617 tannus
1068 1584 1254 1622 MHtonus,
1291 1586 1450 1619 Graecus
1472 1586 1641 1620 Homerus
1665 1597 1730 1619 non

918 1630 1034 1674 potuit
1052 1655 1062 1671 ‚
1105 1642 1181 1664 cum
1226 1631 1370 1675 juventa
1413 1632 1550 1675 generis
1594 1632 1731 1666 humani

917 1676 1029 1710 omnia
1061 1677 1250 1718 florerent,
1282 1689 1346 1711 nec
1379 1678 1563 1723 quidquam
1588 1690 1730 1724 praere-

915 1728 1010 1767 ptum
1043 1729 1159 1766 esset,
1194 1723 1254 1756 sed
1290 1728 1458 1758 meterent
1496 1727 1638 1770 poetae,
1662 1736 1730 1758 ιιοιι

915 1769 1029 1814 spicas
1055 1769 1223 1812 legerent,
1250 1774 1287 1803 ut
1304 1782 1390 1804 aevo
1415 1771 1555 1805 seriore.
1582 1777 1620 1806 at
1643 1771 1730 1805 scri-

913 1819 1058 1861 pserunt
1092 1816 1153 1848 illi.
1194 1815 1293 1861 quasi
1336 1817 1523 1862 quidquam
1567 1817 1728 1860 intersit,

914 1862 1046 1906 scripta
1070 1861 1179 1895 fuisse
1202 1863 1353 1897 calmina
1375 1864 1517 1897 Homeri
1541 1864 1617 1897 istis
1641 1869 1727 1898 tem-

914 1909 1068 1953 poribuS,
1092 1908 1215 1953 quibus
1240 1909 1326 1943 adeo
1343 1910 1482 1955 vigeret
1503 1912 1675 1951 memoria,
1691 1915 1729 1944 ut

913 1955 1017 1988 millia
1041 1955 1146 1988 multa
1177 1966 1337 1990 versuum
1369 1957 1533 2001 rhapsodi
1564 1957 1728 1991 decanta—

915 2007 992 2034 rent
1027 2000 1240 2043 memoriter,
1288 2003 1565 2047 quemadmodum
1608 2011 1729 2048 postea

913 2046 1079 2081 Druidum
1105 2047 1289 2092 discipuli,
1322 2052 1414 2082 teste
1437 2050 1592 2084 Caesare
1616 2050 1659 2084 de
1684 2051 1725 2083 B.

915 2094 962 2128 G.
988 2095 1021 2133 6,
1052 2091 1105 2127 14.
1143 2105 1207 2127 nec
1231 2099 1300 2127 tam
1325 2094 1427 2139 longe
1452 2097 1645 2142 repetenda
1670 2108 1727 2130 res

914 2144 985 2173 est:
1012 2139 1194 2183 hodieque,
1216 2151 1258 2174 ne
1282 2140 1326 2174 de
1338 2141 1509 2176 Arabibus
1533 2143 1662 2185 (Notes
1684 2154 1727 2176 ou

913 2187 972 2220 the
1009 2187 1184 2219 Bedouins
1220 2187 1291 2220 and
1328 2188 1504 2232 lVahribys
1538 2190 1579 2233 by
1615 2191 1648 2223 J.
1683 2190 1723 2222 L.

912 2233 1095 2266 Burckhav
1099 2234 1153 2272 dt
1178 2232 1324 2266 London
1355 2235 1476 2278 1830.)
1502 2239 1537 2268 et
1564 2235 1724 2279 Calmyc-

914 2290 1030 2312 corum
1066 2278 1204 2312 vatibus
1237 2279 1347 2312 dicam
1371 2280 1479 2323 (vide
1505 2282 1603 2315 Guil.
1638 2282 1726 2316 Mal-

913 2325 977 2359 leri
1021 2325 1246 2359 llomerische
1294 2327 1477 2360 Vorschule
1510 2339 1544 2372 p.
1576 2328 1631 2363 49.
1677 2332 1724 2369 et,

911 2383 1014 2426 quem
1047 2376 1221 2405 auctorem
1255 2372 1428 2414 laudavit,
1473 2353 1724 2419 Bergmannuni

910 2418 945 2450 in
960 2418 1192 2451 Nomadische
1207 2419 1431 2462 Mrezferezen
1442 2420 1507 2454 vol
1523 2422 1555 2454 2.
1573 2433 1606 2466 p.
1598 2422 1687 2456 ..213
1694 2421 1724 2464 )‚

912 2464 1105 2508 hodieque,
1153 2464 1310 2508 inquam,
1358 2466 1578 2500 inveniuntur
1612 2466 1723 2510 Secti,

912 2510 969 2553 qui
990 2510 1081 2554 jussi
1119 2511 1266 2544 recitant
1299 2511 1441 2545 Ossiani
1481 2512 1653 2553 carmina3
1690 2518 1725 2547 et

909 2556 1053 2598 Judaei,
1089 2557 1146 2600 qui
1182 2557 1217 2590 in
1254 2558 1429 2592 num'erato
1462 2559 1591 2593 habent
1616 2558 1724 2593 libros

910 2602 1023 2646 legum
1047 2614 1132 2636 suae
1156 2603 1305 2637 nationis
1324 2616 1391 2637 una
1415 2616 1487 2638 cum
1514 2610 1722 2639 commenta-

909 2648 971 2682 riis
996 2649 1159 2693 prolixis,
1194 2661 1364 2694 prosaque
1393 2651 1618 2695 conscriptis,
1654 2663 1721 2695 quo

908 2695 1110 2728 ediscuntur
1145 2695 1341 2737 diflicilius3
1375 2697 1455 2741 quin
1488 2697 1592 2731 simili
1616 2697 1721 2731 mira-

908 2741 984 2775 culo
1009 2741 1170 2775 Italorum
1196 2742 1230 2774 in
1255 2743 1395 2776 urbibus
1415 2743 1506 2776 obvii
1531 2747 1613 2777 sunt
1638 2746 1720 2788 poe-

907 2791 965 2821 tae
989 2786 1314 2831 αὐτοσχεδιασταὶ,
1340 2789 1400 2833 qui
1430 2789 1474 2823 de
1499 2790 1623 2834 quavis
1648 2801 1719 2823 nia-

905 2834 994 2867 teria
1029 2834 1210 2879 proposita
1253 2846 1373 2868 versus
1408 2835 1542 2880 ingenti
1577 2847 1718 2869 numero

904 2880 1142 2934 ‘pr-osundunt
1132 2904 1142 2921 ,
1185 2880 1372 2926 eodemque
1417 2894 1509 2916 nunc
1550 2882 1649 2915 modo
1680 2881 1714 2915 in

903 2926 981 2971 ipsa
1015 2927 1203 2961 Germania
1235 2928 1291 2961 vir
1325 2927 1463 2972 quidam
1496 2928 1711 2972 ingeniosus,

902 2972 1062 3018 idemque
1083 2985 1424 3019 μνημονικωτατος,
1452 2976 1536 3008 duas
1562 2975 1615 3008 vel
1639 2978 1711 3008 tres
