1811 3269
652 141 1077 182 ΙΛΙΑΔΟΣ
1134 144 1183 181 Λ.

1671 144 1753 183 103

259 253 333 295 καὶ
363 251 517 318 βάλεν,
547 249 649 293 οὐδ’
681 249 771 304 ἄρα
801 266 879 303 μιν
909 249 1038 292 αλιον
1068 250 1192 318 βέλος
1222 249 1384 304 ἔκφυγε
1413 252 1567 305 χειρὸς,

258 308 421 362 ταρσὸν
451 309 685 361 δεξιτεροῖο
716 306 870 358 ποδός,
908 305 981 349 ὁιά
1014 305 1056 349 6’
1088 305 1272 360 ἀμπερὲς
1303 307 1368 358 ἰὸς

258 365 305 408 ἐν
334 366 435 420 γαίη
467 363 721 418 κατέπηκτο.

779 363 803 407 ὁ
836 362 882 406 δὲ
913 361 1031 416 μάλα
1060 361 1146 416 ἡδύ
1161 361 1390 432 γελάσσας

256 421 303 464 ἐκ
334 420 468 474 λόχου
498 419 748 493 αμπηδησε,
778 419 851 462 καὶ
880 417 1115 474 εὐχόμενος
1145 419 1247 470 ἔπος
1275 417 1414 489 ηὔδα·

142 482 225 522 380

344 479 590 548 ,,Βε’βληαι,
622 477 729 521 066²
759 477 885 521 ἅλιον
916 477 1043 530 βέλος
1075 475 1288 545 ἔκφυγεν]
1320 475 1379 527 ὥς
1408 472 1575 532 ὄφελόν
1605 491 1672 518 τοι

255 535 430 577 νείατον
460 534 502 585 ἐς
532 538 723 577 κενεῶνα
751 532 900 604 βαλών
929 532 977 575 ἐκ
1006 530 1157 585 θυμὸν
1187 532 1394 576 ἑλέσθαι]

254 589 372 634 οὕτω
403 607 478 634 κεν
507 592 582 635 καὶ
617 596 762 646 Τρῶες
793 589 1067 634 ἀνέπνευσαν
1096 588 1392 669 κακότητος,“

255 649 343 691 οἵτε
372 659 417 691 σε
446 650 706 718 πεφρίκασι,
735 645 889 691 λέονθ’
923 644 983 697 ὥς
1006 645 1196 700 μηκάδες
1229 649 1392 699 αἰγες.“

336 705 423 746 Τόν
455 703 497 747 6’
528 703 583 748 οὐ
615 703 836 761 ταρβήσας
865 703 1069 756 προσέφη
1099 702 1311 755 κρατερὸς
1342 699 1592 759 Διομηδης·

139 766 222 805 385
253 761 438 813 ,,τοξότα
467 762 692 818 λωβητὴρ,
723 762 829 819 κέρα
865 760 996 816 ἀγλαὲ
1025 763 1351 813 παρθενοπῖπα,

83 863 194 897 media
218 875 300 907 pars
325 875 445 902 arcus
472 875 561 908 quae
585 865 749 924 11111110,Ρο
772 876 898 899 curva-

82 915 151 942 tur.
201 912 272 942 Od.
298 910 348 953 φ’,
384 891 484 944 419.ε
518 909 586 944 τόν
618 911 638 953 ῤ
692 911 752 947 ἐπὶ
787 910 895 954 πήχει

83 954 174 990 ἔλων
199 954 313 991 εἷλκεν
338 953 474 999 νευρήν
505 960 689 1000 γλυφίδας
718 971 768 993 τε.
817 969 895 990 cor-

82 1013 148 1035 nua
172 1001 240 1035 ista
276 1002 418 1046 proprie
442 1004 617 1048 appellata
637 1005 767 1038 fuerint
790 1002 893 1046 τόξα,

81 1048 173 1102 quod
198 1051 302 1093 po'eta
326 1049 537 1092 frequentat.
569 1051 622 1084 Ex
649 1052 696 1083 Il.
737 1069 775 1074 —
814 1049 893 1085 καὶ

82 1092 229 1150 βάλεν
250 1114 294 1118 ——
317 1093 454 1136 ταρσὸν
480 1100 546 1128 etc.
595 1097 822 1141 hyperbaton.
847 1114 892 1120 -

82 1139 244 1181 ἅλιον,
268 1141 417 1174 irritum.
443 1139 489 1181 6',
515 1142 591 1185 26.)
635 1143 824 1186 ταρσόν.
849 1141 891 1177 τὸ

79 1186 197 1221 πλατύ
224 1188 292 1222 τοῦ
315 1186 445 1242 πρδός.
473 1187 589 1232 (Ap.:
622 1190 764 1232 ταρσοί.
799 1190 893 1232 [Ο(1.

81 1233 118 1273 ι’,
141 1234 236 1288 219.]
259 1230 304 1267 τοὶ
311 1231 456 1291 ,ἀγγεῖα
476 1247 551 1269 των
573 1238 706 1278 τυρῶν.
755 1235 894 1280 λέγεται

81 1278 123 1315 δὲ
146 1281 209 1315 καὶ
233 1278 274 1315 τὸ
303 1279 419 1324 ἄκρον
441 1282 510 1315 τοῦ
538 1281 668 1323 ποδός
705 1282 756 1316 E:
781 1296 895 1338 ταρ-

81 1325 162 1383 669
198 1326 317 1367 ποδὸς
350 1326 391 1362 τὸ
417 1326 517 1362 κάτω
542 1328 684 1370 πλατύ,
719 1325 792 1363 απὸ
824 1330 895 1386 206

79 1373 194 1416 τέρσω
233 1373 276 1408 τό
315 1375 494 1430 ξηραίνω·
533 1377 710 1411 τοιοῦτον
745 1390 817 1420 γαρ
850 1373 892 1411 τὸ

79 1421 211 1464 μέρος,
237 1420 396 1460 ὀστῶδες
429 1418 483 1456 όν.
534 1422 656 1456 Voss.:
692 1423 740 1455 da
766 1435 835 1467 zog
858 1435 895 1456 er

81 1469 147 1501 den
167 1468 271 1511 baigel
294 1468 354 1501 des
374 1469 510 1508 hernes,
531 1469 695 1502 Schnellt’
716 1470 787 1502 und
806 1472 893 1512 tr,as

79 1514 175 1547 nicht
195 1515 291 1546 eitles
317 1515 477 1557 gcschoss
502 1526 568 1547 von
596 1516 658 1548 der
686 1527 790 1549 nerve
817 1527 894 1549 vcr-

79 1559 253 1600 sendend,
293 1561 357 1593 llm
395 1561 431 1593 in
461 1560 527 1593 den
559 1562 727 1605 plattfuss
759 1563 894 1601 rechts‚·

78 1606 150 1641 und
169 1606 233 1639 das
256 1617 333 1647 erz,
360 1606 468 1639 durch
494 1607 550 1640 die
574 1609 643 1641 sole
673 1608 893 1653 gedruntren,

79 1651 201 1686 Bohrt’
225 1652 261 1685 in
283 1653 350 1685 den
372 1653 480 1685 boden
501 1653 620 1686 Ιιὶηιιὺ.
668 1659 704 1687 et
735 1655 892 1688 similiter

78 1700 231 1733 Hessus:
254 1711 334 1731 nam
364 1700 526 1742 plantam
550 1700 665 1732 dextri
686 1701 786 1743 pedis
804 1702 891 1734 irre-

77 1745 231 1779 vocabile
248 1746 355 1778 telum
376 1746 622 1790 Ttansadigit,
638 1748 817 1790 fixumque
835 1759 890 1780 so·-

77 1794 109 1826 lo
140 1792 247 1824 stetit.
310 1802 443 1836 pronus
476 1791 661 1826 Diomedes
693 1793 727 1826 in
762 1804 890 1838 corpus

77 1836 290 1881 Agastrophi
312 1837 458 1870 nudavit
476 1838 649 1882 plantam3
673 1839 801 1882 alioqui
822 1840 892 1873 dif-

76 1884 168 1918 ficile
192 1883 288 1916 dictu
312 1888 426 1924 esset,
463 1884 632 1928 quomodo
657 1885 864 1918 vulnerari'
856 1897 891 1918 ιῐι

78 1942 120 1964 ea
154 1928 345 1973 potuisset,
386 1930 659 1985 assentiremque
691 1931 890 1968 Eustathio

78 1988 118 2031 p.
139 1977 240 2011 1625.
265 1987 297 2009 v.
321 1978 376 2010 11.
400 1974 464 2010 τὸν
488 1976 625 2019 ταρσὸν
641 1977 889 2022 interpretanti

76 2020 120 2058 τὸ
145 2020 224 2056 ἄνω
256 2023 325 2055 τοῦ
357 2021 496 2063 ποδὸς,
532 2031 568 2057 et
598 2023 797 2067 Hesychio,
830 2024 889 2068 qui

76 2069 325 2110 510·ταρσοί.
361 2068 552 2113 [ταρσός.]
585 2068 627 2105 τὸ
665 2069 792 2105 ἐπάνω
820 2071 889 2104 τοῦ

75 2115 273 2159 πέλματος.
309 2114 354 2148 cf.
382 2115 476 2149 Toll.
494 2117 539 2149 ad
559 2116 623 2161 Ap.
646 2116 667 2150 l.
685 2128 714 2151 c.
735 2122 768 2149 et
782 2117 889 2151 Schn.

76 2174 111 2195 v.
141 2160 288 2204 ταρσός.
347 2161 513 2195 Leontius
553 2162 791 2196 Scholasticus
830 2175 888 2208 ap.

75 2208 263 2261 Planudem
281 2208 417 2242 Anthol.
434 2209 514 2243 283.
535 2207 578 2241 (10
596 2208 775 2243 saltatrice
792 2209 888 2244 Rho-

77 2251 391 2297 (1001011..ὅμματά
416 2266 475 2289 σοι
498 2254 561 2289 καὶ
584 2252 703 2312 ταρσοὶ
727 2254 888 2310 ποδήνε-

77 2313 140 2344 μα.
166 2320 211 2326 --
244 2299 387 2335 6t6c6'
424 2299 646 2344 οἷμπερές.
681 2301 809 2335 tmesis.
842 2322 887 2327 ——

77 2347 304 2382 κενεῶνα.
338 2346 377 2389 ε’,
401 2348 492 2388 284,
519 2348 587 2384 857
617 2353 682 2382 etc.
720 2368 762 2373 -—-
799 2362 886 2383 κα-

76 2392 298 2448 κότητος,
321 2373 548 2435 cal'amitatis‚
574 2393 888 2439 Ροτη1οἰοἰ.μ)μ-η

76 2438 221 2480 κάδες
246 2439 317 2483 (ψ’,
343 2441 400 2482 31,
427 2440 495 2473 Ο(1.
521 2440 556 2481 ι’,
582 2439 659 2481 124,
685 2440 765 2481 244,
786 2441 888 2485 341.)

76 2488 288 2531 μηκητικαί.
313 2489 417 2531 (Ap.-
430 2499 526 2542 μηκ.
555 2499 590 2520 α.
614 2485 688 2522 ἀπὸ
717 2489 787 2522 τοῦ
815 2489 888 2523 ἰδι-

77 2532 223 2578 ώματος
243 2534 310 2576 τῆς
335 2534 474 2577 φωνῆς.
510 2533 561 2567 510
585 2533 686 2567 etiam
712 2534 887 2590 Hesych.;

76 2580 138 2614 sed
161 2581 246 2614 haec
276 2579 392 2613 addit:
428 2578 520 2614 ἔνιοι
552 2577 592 2614 δὲ
627 2593 695 2619 τας
726 2579 887 2622 mommi-

78 2627 173 2667 δεις·
197 2627 297 2670 μῆκα
319 2625 392 2670 γὰρ
417 2626 463 2661 τοὶ
489 2625 637 2669 κέρατα.
664 2626 720 2671 (⁴3)
755 2625 886 2662 Ἀπίων

78 2670 119 2708 δὲ
142 2672 314 2713 τοκάδας.
340 2673 394 2715 (2)

124 2720 204 2754 385.
250 2719 344 2760 τοξ.
357 2716 604 2778 λωβσητήρ.
659 2717 725 2753 διὰ
737 2718 885 2766 τόξων

78 2764 270 2810 λωβώμενε
305 2764 368 2800 καὶ
401 2764 594 2810 βλάπτων·
629 2762 667 2806 ἐξ
705 2759 751 2800 οὗ
779 2765 884 2800 δειλέ.

78 2812 314 2854 (contemnere
355 2812 512 2845 solebant
559 2811 715 2865 graviter
754 2811 888 2852 armati,

79 2857 190 2902 qualis
214 2857 283 2890 fuit
299 2857 505 2900 Diomedes,
528 2856 751 2901 sagittarios,
776 2869 795 2891 e
814 2857 888 2890 lon-

79 2903 208 2947 ginquo
233 2903 411 2945 ferientes,
437 2915 500 2938 nec
518 2903 698 2937 statariam
717 2902 890 2936 sustinen-

79 2957 132 2983 tes
161 2960 321 2993 pugnam.
369 2949 420 2983 sic
452 2950 632 2984 Menelaus
666 2960 723 2993 ap.
751 2949 890 3003 Sopho-

79 2994 163 3029 clem
194 2995 300 3040 Ajace
326 2996 628 3032 1046.'1eucrum
661 2994 890 3037 conviciatur,

945 863 1004 906 qui
1029 861 1128 918 paria
1154 861 1295 915 paribus
1321 860 1527 905 respondet:
1553 856 1573 892 6
1603 856 1756 901 τοξότης

943 908 1062 944 ἔοικεν
1079 906 1125 942 ov'
1145 921 1278 952 σμικρα
1299 910 1465 950 φρονεῖν.
1486 908 1589 939 ΊΕΤ.
1617 903 1672 940 Ου’
1685 918 1755 948 γαρ

942 955 1135 1013 βοὶναυσον
1166 953 1234 999 τήν
1261 952 1391 998 τέχνην
1419 950 1639 994 ἐκτησάμην.
1665 954 1754 988 ME.

941 1001 1041 1045 Ms'y’
1069 1000 1114 1034 ἄν
1139 1014 1171 1034 τι
1195 1000 1445 1042 κομπάσειας,
1478 995 1611 1033 οὶσπίδ
1640 998 1674 1032 εἰ
1689 996 1756 1032 λοξ-

940 1050 1034 1106 βοις.
1069 1050 1181 1083 ΤΕΤ.
1217 1043 1300 1082 Κοὶν
1332 1045 1444 1091 ’ψιλὸς
1469 1042 1662 1088 α”ρκέσαιμι
1698 1046 1759 1078 σοί

938 1093 976 1151 y:
1010 1092 1238 1139 ωπλισμένῳ.
1285 1094 1332 1126 cf.
1358 1091 1539 1137 sequentia
1564 1091 1599 1125 εἰ
1625 1089 1692 1134 μὲν
1717 1090 1754 1125 6’

941 1139 1112 1194 ἀντίβιον
1135 1148 1200 1174 etc.
1225 1159 1270 1164 —
1296 1141 1398 1194 λωβ.
1409 1164 1419 1180 ,
1445 1138 1550 1177 labes,
1575 1138 1753 1180 pernicies.

940 1187 986 1221 cf
1010 1201 1061 1229 ω,
1086 1188 1168 1226 239,
1193 1184 1240 1231 β’,
1262 1186 1344 1226 275,
1368 1183 1409 1230 γ’,
1436 1183 1637 1225 42.,801111.
1655 1183 1687 1216 11.
1703 1184 1756 1226 ν.)

939 1232 1054 1278 κέρᾳ
1081 1230 1240 1287 οἷγλαέ.
1274 1230 1564 1272 καλλωπιζόμενε
1589 1230 1634 1275 τῇ
1655 1230 1752 1272 τοξι-

939 1280 997 1325 κῇ,
1025 1280 1048 1325 ἢ
1065 1293 1109 1334 τη
1128 1276 1316 1323 τριχώσει”
1335 1277 1443 1336 κέρας
1460 1290 1531 1320 γαρ
1553 1275 1588 1310 οἱ
1601 1266 1755 1311 παλαιοὶ

939 1327 1002 1362 καὶ
1034 1324 1103 1371 τήν
1135 1328 1316 1380 τρίχωσιν
1331 1323 1503 1360 ἐκάλουν.
1537 1322 1652 1375 (Ap.:
1675 1320 1754 1380 πέρ’

940 1369 1062 1416 οἷγλαέ.
1093 1372 1184 1416 [sic.]
1211 1371 1245 1405 οἱ
1277 1368 1344 1415 μὲν
1370 1366 1654 1425 γλωσσογράφοι
1673 1373 1756 1409 ταῖς

939 1420 1068 1475 θριξὶν
1095 1417 1342 1462 ἄγαλλόμενε·
1377 1417 1468 1457 κέρα
1499 1415 1648 1470 [κέρας]
1681 1429 1754 1460 γαρ

941 1465 1009 1510 τήν
1035 1468 1142 1509 τρίχα
1172 1464 1355 1509 λέγεσθαι.
1414 1462 1433 1499 ὁ
1463 1417 1511 1498 δὲ[
1528 1459 1754 1507 Ἀρίσταρχος

939 1513 1092 1569 κυρίως
1100 1511 1230 1547 ἀκούει
1248 1510 1290 1545 τὸ
1318 1511 1388 1545 τοῦ
1412 1509 1500 1566 βοὸς
1518 1508 1647 1553 κέρας,
1672 1514 1754 1544 οἱον

939 1559 981 1594 τὸ
1002 1559 1188 1615 κεράτιον,
1210 1555 1485 1612 συρίγγιον.τὸ
1499 1554 1568 1600 γὰρ
1581 1555 1753 1598 παλαιὸν,

939 1603 1032 1648 πρὸς
1061 1606 1103 1642 τὸ
1132 1605 1182 1650 μή
1208 1603 1423 1647 ἄποτρῶξαι
1447 1600 1514 1638 τὸν
1539 1600 1676 1646 ἰχθύν,
1699 1616 1750 1647 τῳ

940 1651 1122 1698 οἷγκιστρῳ
1155 1652 1422 1694 περιτίθεσθαι
1452 1648 1586 1684 τοῦτο·
1621 1648 1687 1683 τὸν
1711 1648 1752 1684 δὲ

927 1687 1108 1756 ’Όμηρον
1122 1697 1309 1742 μηδέποτε
1338 1696 1524 1753 εἰρηκέναι
1549 1694 1657 1738 κέρας
1683 1696 1753 1740 τήν

937 1748 1055 1788 τρί.χα
1080 1743 1170 1780 ὅθεν
1191 1743 1250 1779 ἐπὶ
1270 1744 1339 1779 τοῦ
1361 1740 1458 1785 πέρ’
1480 1740 1627 1786 ἀγλαὲ
1646 1743 1721 1785 [sic.
1724 1744 1751 1786 ],

936 1794 1031 1836 τόξῳ
1060 1789 1291 1845 ἀγαλλόμενε.
1327 1796 1457 1823 temere
1479 1789 1751 1844 glossographo-

937 1851 1011 1872 rum
1037 1837 1358 1882 interpretationem
1391 1836 1490 1869 verbi
1523 1833 1626 1877 ἅπαξ
1654 1836 1752 1879 εἰρη-

937 1885 1051 1939 μένου
1080 1885 1204 1928 rejecit
1225 1882 1470 1922 Aristarchus,
1502 1880 1611 1924 κέρας
1635 1892 1751 1916 arcum

937 1943 972 1964 11
975 1930 1155 1975 telllgens
1180 1930 1301 1974 itaque
1328 1929 1573 1971 ταυτολογίαν
1597 1928 1750 1962 inferens

936 1980 1074 2022 poiitae.
1123 1987 1200 2009 nam
1225 1974 1316 2025 quod
1341 1974 1384 2008 de
1409 1986 1515 2008 cornu
1538 1974 1750 2018 piscatorum

935 2021 1117 2057 immiscuit
1141 2023 1230 2066 Ap,
1256 2019 1339 2055 οἷον
1356 2040 1403 2045 —-
1423 2021 1550 2062 τοῦτο,
1574 2020 1643 2054 alio
1669 2032 1750 2064 per—

935 2070 1037 2103 tinet.
1085 2068 1146 2102 sed
1170 2068 1255 2101 illud
1280 2068 1417 2112 ipsum,
1440 2078 1567 2101 comam
1595 2065 1750 2111 antiqui-

934 2121 991 2149 tus
1016 2116 1143 2148 dictam
1176 2125 1252 2147 esse
1283 2113 1413 2156 κέρας,
1447 2117 1575 2147 temere
1606 2113 1750 2157 negavit

936 2161 1079 2196 criticus
1102 2159 1367 2194 Alexandrinus.
1416 2159 1538 2193 Pollux
1559 2160 1603 2199 2,
1622 2160 1679 2194 31.
1705 2159 1748 2193 de

935 2220 1052 2242 comae
1085 2207 1298 2240 artificibus·
1337 2205 1374 2241 οὶ
1417 2204 1456 2241 δὲ
1496 2203 1748 2248 κξροπλάστας

938 2256 1115 2309 [cornuum
1132 2253 1284 2296 fictores]
1306 2250 1447 2292 αὐτούς
1469 2250 1701 2293 ἐκαλεσαν,’“
1687 2249 1747 2287 ότι

934 2301 1042 2357 κέρας
1063 2297 1084 2344 ἡ
1108 2298 1216 2343 κόμη.
1242 2299 1306 2342 [510
1332 2305 1368 2333 et
1385 2299 1454 2332 alii.
1480 2310 1513 2332 v.
1533 2298 1638 2331 Schn.
1651 2299 1683 2332 11.
1697 2300 1746 2342 v.]

936 2344 956 2382 6
977 2347 1039 2382 καὶ
1051 2345 1229 2400 Όμηρον
1242 2346 1382 2390 δηλοῦν
1404 2357 1501 2385 τινες
1519 2343 1676 2399 ἔφασαν,
1696 2346 1745 2380 εἰ·

934 2393 1055 2429 πόντοι
1076 2392 1142 2428 τὸν
1170 2391 1294 2435 Παριν
1311 2405 1389 2448 κερ
1433 2388 1621 2448 ἀγλαόν.
1651 2391 1743 2435 [sic.]

934 2440 1051 2474 schol.
1077 2441 1124 2473 A:
1155 2438 1263 2498 κέρ
1250 2452 1274 2472 α
1298 2436 1394 2484 οἷγλ.
1433 2436 1480 2473 ον’
1499 2439 1545 2485 τῆ
1564 2438 1658 2481 τριχὶ
1681 2445 1745 2480 ψι-

934 2488 1025 2528 λῶς,
1048 2483 1127 2521 ἀλλ’
1150 2475 1333 2530 ἐμπλοκῆς
1349 2499 1384 2520 τι
1405 2484 1510 2543 γένος
1523 2475 1582 2525 εἰς
1594 2484 1746 2527 κέρατος

932 2534 1076 2576 τρόπον
1098 2530 1342 2567 ἀνεπλέκοντο
1364 2545 1400 2567 οι
1422 2530 1586 2576 ἀρχαῖοι.
1621 2531 1744 2565 lauda-

932 2581 984 2615 vit
1007 2580 1105 2612 homo
1138 2579 1332 2623 Sophronis
1366 2578 1492 2612 dictum
1522 2576 1744 2620 κορώνας

933 2624 1292 2669 ἀναδούμενοι,
1327 2636 1412 2669 quas
1436 2626 1471 2658 H
1495 2623 1664 2667 κορώνας
1686 2635 1742 2657 ar-

932 2671 1090 2713 0115,τὰ
1118 2685 1155 2706 u
1143 2672 1253 2715 ’ρατα
1293 2673 1361 2705 τοῦ
1393 2669 1743 2752 τόξου..11110111ςίῑιΞ

931 2718 1088 2753 laudavit
1120 2719 1201 2752 item
1233 2716 1276 2772 ρ’,
1300 2719 1379 2753 52.
1411 2717 1571 2761 πλοχμοί
1603 2714 1674 2756 θ’,

931 2766 1055 2809 χρυσῷ
1076 2777 1113 2799 τε
1133 2764 1197 2799 καὶ
1221 2761 1369 2808 αργύρῳ
1390 2762 1616 2808 ἐσφήκωντο.
1640 2775 1741 2808 prae-

935 2816 1031 2845 terea
1055 2811 1209 2845 novimus
1233 2810 1372 2844 cicadas
1394 2821 1540 2850 aureas,
1565 2821 1649 2853 quas
1673 2809 1741 2843 cri-

934 2857 1036 2891 nibus
1059 2856 1137 2890 olim
1156 2857 1355 2890 inserebant
1368 2856 1603 2890 Athenienses,
1627 2856 1741 2889 Thuc.

937 2906 981 2944 1,
1007 2905 1061 2937 6.:
1093 2901 1156 2937 καὶ
1189 2902 1225 2937 οὶ
1249 2902 1490 2958 πρεσβύτεροι
1515 2900 1646 2942 αὐτοῖς
1666 2902 1740 2936 τοῖν

936 2947 1190 2992 εὐδαιμόνων,
1225 2948 1292 2983 διὰ
1322 2947 1365 2982 τὸ
1398 2946 1662 3004 ἁβροδίαιτον,
1693 2944 1740 2983 ου’

935 2995 1053 3037 πολύς
1075 2995 1206 3041 χρόνος
1230 2993 1357 3039 ἐπειδὴ
1380 2994 1536 3041 χιτῶνας
1561 3007 1598 3030 τε
1616 2996 1741 3037 λινοῦς
