1811 3269
645 139 1072 181 ΙΛΙΑΔΟΣ
1127 144 1179 182 Α.

1685 151 1742 191 55

247 248 476 316 ἀντιβίην,
511 247 606 290 ἐπεὶ
636 246 802 292 οὔποθ’
820 246 1001 321 ὁμοίης
1038 251 1197 308 ε’μμορε
1225 256 1351 309 τιμῆς

247 308 531 375 σκηπτοῦχος
547 304 774 359 βασιλεύς,
802 307 885 364 ᾠτε
914 306 1026 358 Ζεύς
1055 310 1193 360 κῦδος
1230 309 1404 354 §.da-num)

136 370 219 410 280
249 364 286 406 εἰ
316 362 362 405 δὲ
384 361 447 433 611
476 360 691 416 καρτερός
716 351 835 414 ἐσσι,
875 362 960 407 θεοὶ
993 363 1041 408 δέ
1073 376 1119 409 σε
1145 367 1322 421 γείνατο
1335 365 1509 437 μήτηρ,

248 418 346 462 ἀλλ’
379 417 454 474 ὅγε
481 418 695 474 φέρτερός
725 418 863 473 ἐστιν,
900 420 995 463 ἐπεὶ

1032 421 1289 494 πλεόνεσσιν
1318 420 1514 470 ανάσσει

189 477 211 504 *
237 474 468 548 Ἀτρείδη,
492 475 547 519 σύ
580 476 631 519 δὲ
659 480 775 520 παῦε
802 476 904 521 τεὸν
930 476 1084 531 μένος
1099 478 1266 548 αὐτὰρ
1297 479 1431 536 ἔγωγε

241 532 430 587 λίσσομ’,
456 531 647 589 Ἀχιλλῆϊ
672 534 863 589 μεθέμεν
894 534 1050 590 χόλον,
1083 534 1130 587 ὃς
1159 537 1270 592 μέγα
1299 541 1433 581 πᾶσιν

242 589 370 645 ἕρκος
396 589 630 662 Ἀχαιοῖσιν
659 591 831 634 πέλεται
870 591 1082 647 πολέμοιο
1113 599 1282 637 κακοῖο.
1287 598 1315 619 “

130 651 212 694 285

330 647 424 718 Τὸν
454 646 493 691 δ’
526 646 878 718 ἀπαμειβόμενος
907 648 1110 720 προσέφη
1139 652 1300 704 κρείων
1324 651 1621 708 Ἀγαμέμνων

241 704 344 758 ,,ναὶ
374 705 428 758 δή
458 704 596 748 ταῦτά
626 721 674 760 γε
702 704 868 755 πάντα,
902 706 1065 775 γέρον,
1106 706 1216 749 κατὰ
1243 713 1405 763 μοῖραν
1435 709 1592 762 ἔειπες·

241 760 337 805 αλλ’
370 760 442 806 ὅδ’
475 761 586 832 ἀνὴρ
629 762 769 806 ἐθέλει
796 763 896 815 περὶ
933 762 1113 807 πάντων
1144 763 1324 819 ἔμμεναι
1351 764 1514 818 ἄλλων,

239 818 420 863 πάντων
448 835 527 874 μεν
555 818 754 891 κρατέειν
784 820 940 873 ἐθέλει,
983 819 1195 864 πάντεσσι
1233 820 1280 864 6'
1310 820 1532 874 ἀνασσειν,

174 874 180 883 “
209 880 346 919 πᾶσι
384 875 431 919 δὲ
466 877 719 931 σημαίνειν,
761 875 790 919 ἅ
818 875 904 920 τιν’
937 875 990 921 οὐ
1020 879 1250 921 πείσεσθαι
1279 875 1374 922 ὀΐω.

122 937 205 978 290
237 934 273 977 εἰ
303 932 349 975 δέ
378 949 455 988 μιν
480 933 697 1004 αἰχμητήν
727 934 889 978 ἔθεσαν
926 934 1026 977 θεοὶ
1055 934 1150 978 αἰὲν
1177 934 1337 988 ἐόντες,

233 987 420 1034 τοῦνεκά
460 991 507 1034 οἱ
535 990 812 1046 προθέουσιν
842 991 1016 1037 ὀνείδεα
1053 991 1395 1049 μυθήσασθαι;“

107 1095 188 1130 278.
215 1092 313 1129 ἀντ.
338 1093 464 1138 (intell.
486 1091 608 1138 ὁδόν.)
632 1093 706 1138 «ᾆξ’
689 1097 873 1138 εναντίοις,

59 1140 142 1174 Sch.
213 1139 403 1186 ἔμμορε.
450 1152 485 1175 v.
536 1141 664 1175 Matth.
720 1145 753 1185 ἓ.
795 1144 874 1179 165.

61 1198 141 1222 ann.
173 1188 196 1222 3

108 1245 188 1280 279.
202 1257 371 1302 σκηπτ.
403 1243 675 1289 σκηπτοφόρος.
711 1266 756 1272 -
793 1246 874 1280 Sch.

64 1288 150 1338 ᾧτε
153 1317 160 1324 .
188 1287 243 1339 ᾧ,
271 1289 387 1338 ᾧτινι.
413 1292 457 1324 cf.
491 1302 567 1324 ann.
589 1292 633 1325 ad
659 1294 734 1327 176.

110 1351 190 1384 282.
221 1350 303 1384 nuni
328 1349 379 1383 rei
406 1352 459 1382 est
485 1347 626 1389 αὗτοὶρ,
660 1349 735 1382 sive
756 1349 794 1383 id
819 1349 873 1382 in-

63 1397 267 1440 terpreteris
301 1394 341 1431 δε
372 1395 428 1428 vel
460 1407 544 1435 και,
588 1402 626 1429 ut
657 1395 788 1440 Odyss.
822 1393 868 1439 η’,

63 1444 141 1478 121.
171 1442 408 1486 explicandum
435 1446 536 1485 putat
554 1442 585 1475 H
610 1447 642 1475 et
672 1447 870 1485 praeterea,

55 1499 128 1543 quo
154 1499 255 1521 sensu
281 1489 409 1522 dictum
434 1498 509 1520 esse
535 1488 712 1520 contendit
733 1488 867 1531 Odyss.

61 1532 104 1573 o'‚
128 1536 228 1570 159.
218 1559 228 1576 ‚
254 1546 341 1579 quae
365 1544 462 1567 nemo
483 1533 586 1566 facile
602 1533 772 1577 {argietur
792 1534 868 1567 viro

57 1560 267 1614 do'ctissimo.
293 1581 390 1614 mitto
409 1579 503 1612 alios.
531 1585 694 1623 corrupta
712 1591 781 1612 vox
802 1585 868 1621 est,

57 1628 119 1660 sed
163 1626 345 1661 remedium
378 1626 412 1659 in
446 1631 619 1683 promptu.
680 1625 867 1659 scribamus

57 1684 160 1707 sensu
186 1673 386 1718 praeclaro:
412 1671 462 1706 αὖ
486 1685 555 1716 γαρ
583 1671 691 1716 ἔγωγε
715 1670 862 1716 λισσομ’

54 1716 212 1764 Ἀχιλλῆϊ
237 1726 327 1760 εἴα,
360 1720 486 1753 iterum
518 1719 607 1752 enim
642 1730 783 1762 precor,
824 1724 864 1752 ut

56 1767 186 1800 Achilli
210 1766 368 1800 remittas
399 1766 491 1798 iram
521 1771 630 1799 tuam.
679 1764 806 1798 similes
832 1769 867 1800 Γ

57 1817 92 1846 et
120 1815 154 1848 T
174 1812 321 1853 litterae,
347 1823 521 1857 saepeque
540 1811 667 1845 mixtae
687 1811 721 1844 in
740 1811 862 1852 codd.;

55 1859 150 1915 quod
170 1865 206 1892 et
230 1859 262 1892 h.
285 1859 305 1891 l.
331 1859 469 1892 factum.
496 1877 540 1882 —
562 1856 784 1901 Ατρείδη,
812 1858 861 1892 σύ

55 1903 103 1939 63²
128 1923 172 1930 —-
199 1916 234 1949 p.
260 1903 303 1938 σύ
334 1902 395 1943 δὲ,
420 1902 529 1948 ’.,Ατρ
560 1903 676 1957 ιιι.β’,
701 1905 782 1946 344,
808 1904 860 1949 φ’,

53 1950 145 1994 448,
191 1951 335 1994 aiiisque
375 1951 480 1991 locis,
523 1950 624 1984 etiam
659 1951 859 1992 Atticorum,

53 2009 142 2042 quae
160 1996 302 2042 protulit
320 1997 387 2030 Th.
416 2009 448 2042 p.
466 1976 545 2032 396.
581 1998 625 2030 cf.
647 1997 790 2030 Porson
817 1998 859 2031 ad

50 2043 173 2088 Ειιιὶρ.
200 2043 263 2077 Or.
288 2042 367 2086 614,
394 2054 455 2077 nos
480 2044 523 2077 ad
549 2043 654 2088 Sopmh
682 2043 737 2075 El.
760 2042 836 2078 143.

96 2099 177 2136 284.
199 2098 341 2142 ἕρκος.
364 2101 614 2157 περίφραγμα,
631 2103 758 2144 τεῖχος.
777 2101 858 2137 Sch

49 2167 95 2173 --
120 2147 183 2182 ἵνα
207 2149 341 2192 νοῆται
369 2144 388 2182 ὁ
411 2146 475 2190 Ἀχ.
508 2146 570 2182 οἱοὶ
597 2160 631 2181 τι
660 2146 755 2182 κατά
784 2148 859 2181 τῶν

47 2195 234 2250 πολεμίων
261 2194 479 2238 πυργοειδὲς
513 2193 630 2237 ἔρυμα
666 2194 855 2235 ι’στασθαι,

49 2236 181 2282 ὁποῖος
196 2240 256 2276 καὶ
278 2239 298 2276 ὁ
322 2241 411 2281 Αἴας
430 2241 469 2276 ἐν
497 2245 575 2281 τοῖς
594 2240 677 2332 ἑηξῆς
695 2253 768 2275 που
789 2240 854 2285 ῥη-

46 2285 216 2332 θήσεται.
255 2288 391 2331 (dicere
427 2288 525 2322 vide..
529 2300 568 2321 ur
677 2289 756 2323 219-
805 2288 851 2322 cf.

47 2334 156 2379 Soph.
192 2334 284 2368 Oed.
319 2334 352 2367 R
398 2336 502 2370 1137.
535 2338 573 2369 et
606 2334 732 2368 Canini
764 2334 852 2380 eleg.

45 2391 145 2414 versu
171 2380 387 2426 penultimo.)

91 2439 171 2472 285.
195 2437 287 2472 ridet
308 2439 507 2483 hujusmodi
531 2438 759 2492 repemiones
779 2438 854 2472 Ho-

44 2484 189 2518 mericus
224 2485 423 2527 Martialis,
472 2497 547 2518 cum
581 2484 667 2518 dicit
700 2486 741 2525 1,
776 2483 852 2520 46.:

43 2530 154 2564 Edita
185 2542 228 2563 ne
267 2531 424 2567 brevibus
453 2536 575 2575 pereat
613 2531 699 2564 mihi
728 2531 853 2565 charta

44 2576 188 2618 libellis,
214 2577 360 2611 Dicatur
374 2579 512 2621 potius:
539 2577 606 2613 τὸν
626 2574 668 2612 6'
695 2575 853 2620 ἀπαμει-

41 2622 211 2668 βόμενος.
258 2624 319 2657 sed
342 2624 426 2658 talia
450 2636 575 2658 ornare
601 2623 768 2658 vadando
793 2625 851 2658 vix

42 2669 158 2713 potuit
180 2681 326 2713 magnus
349 2675 470 2711 vates,
506 2676 601 2704 certe
635 2670 764 2711 noluit,
797 2670 851 2704 in-

41 2715 174 2750 finitum
198 2715 411 2760 eundemque
445 2717 598 2760 putidum
630 2716 769 2760 fugiens
795 2717 851 2750 la-

39 2761 169 2795 borean.
215 2761 374 2806 pluribus
394 2774 472 2796 eum
499 2762 674 2804 defendit,
710 2761 850 2797 similia-

40 2818 109 2851 que
142 2806 243 2843 etiam
277 2808 469 2850 artificum,
509 2809 618 2843 minus
651 2808 849 2843 necessaria

40 2853 296 2897 negligentium,
319 2855 477 2899 exempla
495 2854 676 2900 proposuit
687 2855 847 2889 Klotzius

39 2898 151 2944 Epist.
187 2899 326 2936 Homer.
360 2912 394 2946 p.
420 2900 488 2936 144
511 2912 550 2936 se
551 2913 609 2946 qq
645 2902 734 2935 bene
767 2901 843 2936 Cic.

37 2945 191 2980 Oratore
214 2958 243 2980 c.
261 2947 339 2982 23.ε
360 2948 512 2983 solutum
532 2948 698 2992 quiddam
719 2947 779 2989 sit,
798 2967 843 2974 -

35 2997 68 3026 et
85 2992 176 3037 quod
199 2993 329 3027 indicet
340 3005 412 3030 mm
432 2995 637 3040 ignoratam
656 2994 838 3039 neglt‘geu

921 1096 1008 1129 tiam
1048 1096 1091 1129 de
1136 1107 1175 1129 re
1215 1095 1363 1129 hominis
1394 1097 1512 1141 magis
1545 1107 1651 1141 quam
1688 1098 1732 1132 de

918 1142 1033 1176 verbis
1067 1141 1268 1176 laborantis.

967 1189 1047 1224 286.
1076 1186 1196 1223 κατα
1219 1189 1413 1232 μοῖραν.
1445 1184 1540 1224 κατα
1558 1187 1599 1224 τὸ
1616 1201 1728 1233 προσ-

922 1234 1032 1280 ῆκον,
1069 1233 1164 1270 κατά
1187 1234 1229 1270 τὸ
1254 1233 1406 1279 πρέπον.
1431 1235 1514 1269 Sch.
1561 1236 1727 1281 proprie:

920 1281 1107 1315 secundum
1127 1286 1287 1326 partem,
1312 1293 1402 1326 quae
1426 1281 1552 1327 cuique
1574 1282 1729 1316 tribuen—

922 1327 968 1361 da
992 1332 1054 1361 est.
1104 1333 1200 1361 recte
1225 1327 1346 1372 partiri
1373 1339 1413 1361 ac
1433 1328 1643 1362 distribuere
1663 1329 1728 1363 a1i-
1767 1366 1786 1377 ·.

918 1371 1013 1426 qqid,
1038 1373 1113 1407 sive
1136 1373 1172 1407 in
1192 1373 1351 1417 judicio,
1368 1373 1443 1408 sive
1468 1374 1560 1420 apud
1580 1386 1727 1409 mensam

917 1418 1086 1474 aliasque,
1111 1424 1164 1453 est
1184 1419 1250 1453 viri
1266 1419 1354 1464 justi
1372 1426 1408 1454 et
1426 1420 1615 1475 prudentis.
1647 1421 1728 1456 hinc

915 1464 1011 1499 κατὰ
1033 1469 1170 1509 μοῖραν
1196 1465 1312 1500 facere
1335 1472 1394 1500 aut
1418 1465 1514 1511 loqui
1533 1466 1660 1501 dicitur
1683 1467 1726 1510 is,

917 1512 976 1555 qui
1001 1518 1091 1545 recte
1123 1518 1231 1566 atque
1267 1513 1387 1545 ordine
1419 1513 1505 1546 facit
1529 1518 1590 1546 aut
1613 1513 1726 1564 loqui-

1043 1558 1133 1591 idem
1171 1556 1216 1601 ρ’,
1249 1559 1329 1593 716.
1365 1558 1453 1592 dixit
1485 1557 1574 1593 κατ’
1614 1558 1725 1595 αἶσαν

1562 1604 1608 1650 η’,
1645 1608 1723 1642 121.

915 1562 983 1591 tur.

917 1601 1033 1644 ἔειπες
1067 1604 1119 1648 (ν.
1155 1605 1222 1650 Ap.
1256 1615 1290 1637 v.
1325 1602 1453 1648 αἶσα),
1489 1610 1525 1639 et

916 1650 1047 1694 αἴσιμα
1065 1652 1269 1693 παρειπεῖν.
1307 1650 1353 1684 cf.
1379 1651 1421 1689 Κ,
1446 1651 1492 1683 W
1516 1655 1552 1685 et
1577 1663 1653 1686 ann.
1680 1653 1724 1686 ad

910 1697 990 1750 306.
1039 1697 1071 1730 Ε
1105 1694 1299 1741 οἶτμήτωςε
1342 1676 1438 1732 ἀλλ’
1476 1694 1558 1754 δ’δ’,
1585 1696 1620 1733 ἀ.
1654 1697 1721 1735 ἔθ’.

909 1756 1106 1778 παντων
1153 1741 1489 1787 περιέμμεναι
1542 1740 1721 1788 αλλων,

910 1789 1192 1834 quemadmodum
1224 1791 1383 1833 περίειμι
1418 1790 1545 1834 legitur
1589 1791 1646 1825 Od
1649 1804 1720 1837 yss.

909 1835 953 1877 τ’,
976 1837 1078 1878 326,
1103 1837 1265 1881 περίεσσι
1280 1836 1420 1890 OdJSS.
1445 1836 1489 1874 6¹.
1511 1837 1591 1872 248.
1616 1839 1719 1883 paulo

908 1883 1048 1927 saepius
1085 1882 1140 1916 bic
1175 1881 1398 1928 reperiuntur
1431 1882 1604 1927 disjuncta
1636 1885 1720 1928 περὶ

904 1947 953 1952 -
982 1928 1076 1972 εἰμὶ,
1113 1929 1198 1971 περὶ
1222 1949 1264 1953 -
1294 1929 1361 1972 ἠεν
1386 1934 1421 1963 et
1445 1930 1514 1963 alia
1537 1930 1572 1964 id
1597 1943 1718 1976 genus.

909 1980 1030 2008 contra
1057 1982 1223 2015 oratores,
1249 1986 1304 2032 ap.
1330 1987 1417 2021 quos
1440 1980 1552 2010 tamen
1576 1988 1644 2011 non
1669 1977 1717 2012 ita

906 2021 1072 2065 frequens
1092 2026 1146 2054 est
1165 2025 1348 2065 περιεῖναι
1366 2034 1427 2055 seu
1445 2024 1720 2067 περιγίγνεσθαί

905 2079 1017 2120 τινος.
1074 2067 1150 2101 sine
1188 2067 1344 2112 genitivo
1390 2067 1581 2115 Xenophon
1624 2070 1714 2128 Exp.

906 2113 955 2158 Cy
954 2113 991 2146 ri
1015 2115 1051 2158 3,
1078 2112 1112 2153 4,
1137 2114 1216 2149 33.:
1242 2113 1337 2149 πολν
1364 2116 1544 2160 περιῆσαν
1571 2116 1608 2150 οἱ
1629 2115 1715 2152 ’Έλ-

903 2162 1019 2204 ληνες.
1062 2160 1163 2193 seha
1189 2160 1391 2204 τουτέστιν,
1409 2161 1536 2207 inquit,
1562 2162 1715 2199 πάντων

903 2207 1005 2241 θέλει
1024 2202 1223 2250 ὑπερέχειν.

946 2253 1027 2288 289.
1052 2263 1153 2307 σημ.
1177 2250 1452 2311 προστάσσειν.
1467 2253 1550 2291 sch.
1598 2260 1712 2290 tauto-

901 2298 1026 2343 logiam
1059 2298 1141 2332 irati
1175 2306 1273 2334 notat
1303 2299 1343 2333 E.
1378 2297 1452 2334 τιν’
1457 2326 1467 2341 ,
1501 2300 1608 2343 τινὰ,
1649 2302 1711 2336 ali-

901 2356 1014 2389 quem,
1039 2357 1104 2379 me.
1128 2357 1161 2378 v.
1188 2346 1314 2381 Matth.
1347 2348 1380 2388 §.
1406 2345 1488 2389 487,
1513 2349 1569 2389 3.,
1602 2348 1709 2394 Soph.

900 2393 978 2424 Ant.
1004 2393 1083 2427 707.
1122 2396 1157 2424 et
1188 2393 1233 2426 cf.
1257 2393 1338 2428 296.
1378 2393 1465 2427 male
1497 2373 1711 2440 scri’pserunt

900 2433 1010 2472 ἅτινα
1029 2449 1098 2494 pro
1123 2433 1161 2478 οὶ,
1187 2442 1310 2473 contra
1334 2449 1429 2472 usum
1454 2439 1616 2483 Homeri,
1651 2452 1707 2487 ap.

899 2495 998 2528 quem
1025 2483 1126 2524 ὅστις
1160 2483 1254 2517 valet
1278 2485 1441 2539 quisquis.

944 2531 1026 2566 290.
1047 2531 1174 2576 αἰχμ
1197 2529 1406 2573 πολεμικόν.
1421 2531 1561 2589 (1152.)
1606 2531 1706 2568 ἕθε-

899 2586 995 2611 σαν.
1033 2573 1228 2633 ἐποίησαν.
1273 2575 1380 2612 αἰὲν
1412 2577 1588 2620 ἐόντες
1624 2580 1706 2614 δια-

898 2621 1038 2663 παντός
1057 2621 1180 2663 ὄντες,
1206 2620 1406 2659 ἀθάνατοι.
1438 2624 1521 2659 Sch.

943 2671 1024 2705 291.
1058 2683 1105 2705 το
1121 2681 1275 2705 υνεκα
1316 2671 1384 2705 τοῦ
1407 2669 1535 2714 ἕνεκα,
1565 2669 1704 2707 τούτου

896 2714 1018 2759 χάριν.
1049 2736 1096 2741 -—
1132 2715 1449 2759 προθέουσιν
1485 2730 1505 2752 a
1537 2717 1702 2761 προθέω,

895 2763 1113 2807 προτίθημι.
1170 2762 1444 2806 προθέουσι
1475 2763 1612 2808 μυθή
1627 2776 1700 2799 σα-

896 2811 1015 2844 σθαι
1051 2808 1273 2849 ὀνείδεα,
1311 2777 1612 2855 ςιιειιιειόιιιοόιιιιιη
1614 2810 1699 2844 dici-

893 2859 951 2888 tur
970 2854 1191 2898 προτιθέναι
1210 2854 1332 2900 λόγον,
1349 2859 1474 2900 facore
1491 2861 1700 2901 potestatem

892 2901 1041 2936 dicendi.
1063 2936 1066 2937 ⁷
1090 2914 1124 2936 v.
1156 2901 1348 2948 Xenophon
1395 2902 1498 2937 Mem.
1530 2902 1631 2938 Socr.
1662 2902 1698 2944 4,

889 2948 925 2989 2,
950 2949 984 2984 3.
1017 2959 1098 2982 uum
1119 2953 1307 3003 propterea
1327 2949 1532 2992 permittunt
1563 2948 1596 2983 ei
1618 2960 1695 2982 ccm-

890 2994 1040 3028 viciari?
1064 2991 1165 3038 απαξ
1188 2992 1395 3040 λεγόμενον.
