1811 3269
82 175 138 218 88

714 180 1114 222 ΟΜΗΡΟΥ

1478 257 1500 286 0

253 284 362 329 ἀλλὰ
392 286 447 329 σύ
477 285 556 342 μὲν
583 290 670 331 νῦν
699 287 828 344 τήνδε
857 294 948 347 θεῷ
976 290 1129 346 πρόες·
1164 291 1303 346 αὐτὰρ
1331 291 1493 349 Ἀχαιοὶ

253 346 413 399 τριπλῇ
442 348 658 400 τετραπλῇ
687 343 729 388 τ’
769 343 1056 404 ἄποτίσομεν,
1094 342 1354 405 α’ώκένποθι
1385 351 1495 403 Ζεύς

253 400 363 457 δῷσι
390 398 522 443 πόλιν
558 402 724 458 Τροίην
752 401 966 460 εὐτείχεον
995 405 1299 458 ἐξαλαπάξαι.“

297 489 348 524 ita
372 490 527 524 irritatus
553 492 783 535 Agamemnon
808 495 941 528 atrocia
960 495 1077 540 jurgia
1102 496 1210 530 nectit
1241 508 1313 531 cum
1340 498 1492 539 Achille3
1527 502 1564 532 et
1586 498 1744 543 Chrysae

220 535 359 581 quidem
383 536 486 570 filiam
509 535 676 579 reddere,
713 541 875 585 populum
899 541 1069 582 lustrare,
1104 543 1271 586 deumque
1295 544 1462 577 sacrificio
1488 545 1646 588 placare,
1677 556 1743 578 non

221 589 379 622 recusat,
404 581 465 614 sed
490 582 635 625 Achilli,
661 585 752 628 quod
777 587 961 631 praemium
985 587 1124 621 virtutis
1147 587 1327 630 retulerat,
1358 590 1563 631 Briseidem,
1589 592 1744 635 quamvis

220 628 397 662 obnitente
428 628 601 671 Nestore,
635 630 750 676 eripit.

145 701 222 740 130

342 693 430 737 Τόν
461 692 504 737 δ’
538 694 885 766 άπαμειβᾴμενος
912 700 1115 756 προσέφη
1144 702 1305 753 κρείων
1334 701 1628 758 Ἀγαμέμνων·

252 749 387 807 ,,μηδ’
417 750 575 805 οὕτως,
607 753 780 809 ἀγαθος
807 772 886 810 περ
917 756 1027 809 ἐών,
1071 756 1282 801 θεοείκελ’
1311 757 1513 814 Ἀχιλλεῦ,

253 807 405 852 κλέπτε
433 808 548 866 νόῳ,
580 811 670 854 ἐπεὶ
701 810 755 854 οὐ
785 813 1092 866 παρελεύσεαι.
1131 813 1234 858 ου’δέ
1262 831 1314 869 με
1344 818 1515 866 πείσεις.

253 864 282 922 ἢ
311 864 499 919 ἐθέλεις,
540 865 648 923 ὄφρ’
681 868 814 920 αὐτὸς
845 870 942 926 ἔχῃς
970 871 1119 926 γέρας,
1162 870 1302 926 αὐτὰρ
1335 872 1401 929 ἔμ’
1434 873 1577 923 αὔτως

134 990 209 1025 127.
234 990 341 1037 θεῷ.
365 992 417 1037 τῷ
438 988 644 1028 Ἀπόλλωνι,
671 1014 713 1019 -
737 994 894 1039 πρόες.

83 1034 320 1082 πρόπεμψον.
353 1037 436 1071 Sch.

133 1084 210 1119 128.
244 1082 382 1118 ἀποτ.
414 1084 619 1127 reddemus,
645 1090 804 1132 tanquam
832 1087 893 1121 de-

83 1127 204 1165 bitum.
238 1128 280 1165 τὸ
304 1126 396 1173 ὑπὲρ
419 1131 483 1172 τῆς
506 1130 720 1175 Χρυσήϊδος
750 1135 892 1180 ὸηλαὸἡ

86 1173 331 1220 άντισηκοῦν,
366 1176 480 1222 inquit
510 1173 554 1210 E.
589 1179 637 1212 cf.
653 1180 734 1215 214.

133 1223 211 1258 129.
259 1223 388 1269 δῷσι.
427 1234 461 1268 p.
502 1224 570 1267 δῷ.
616 1224 716 1258 Sch.:
761 1227 892 1273 δῷσι.

85 1267 269 1314 παράσχῃ.
304 1268 346 1304 τὸ
378 1280 412 1303 σι
445 1267 644 1311 ἐπέκτασις.
677 1272 807 1317 Odyss.
839 1272 890 1315 θ’,

85 1316 186 1351 318.=
222 1315 344 1361 πατήρ
389 1312 569 1361 άποδῷσι.
608 1318 654 1350 cf.
683 1318 728 1361 Ε,
763 1320 890 1353 Matth.

86 1363 119 1403 §.
147 1362 226 1402 195,
255 1362 289 1397 7.
327 1366 363 1396 et
391 1362 642 1406 grammaticos.
675 1383 720 1389 —
750 1365 893 1400 πόλιν

90 1408 294 1452 Τροίην,
340 1409 460 1441 urbem
493 1410 652 1451 Trojam,
694 1413 731 1442 ut
760 1411 892 1455 odyss,

85 1450 127 1495 λ’,
153 1455 234 1493 509,
262 1455 344 1489 512.
384 1455 520 1499 Τροίης
552 1458 776 1498 πτολίεθρον
807 1457 895 1492 dixit

86 1499 170 1534 ibid.
188 1496 234 1541 α’,
257 1502 293 1534 2.
319 1519 363 1524 -
397 1498 663 1545 εὐτείχεον,
698 1503 781 1537 bene
803 1515 895 1537 moe—

85 1546 210 1586 nitum,
236 1552 276 1579 ut
291 1546 451 1581 Plautino
473 1548 578 1582 verbo
596 1554 685 1582 utar.
708 1547 894 1594 εὔπυργον

86 1591 176 1625 dixit
194 1589 241 1636 η’,
257 1592 314 1626 71.
348 1593 393 1625 cf.
412 1591 457 1634 ν’,
479 1594 564 1633 145,
592 1593 643 1636 φ’,
665 1593 764 1637 446,
790 1608 894 1639 gene-

86 1638 257 1683 ratimque
285 1638 458 1682 praesidio
485 1650 656 1673 murorum
686 1642 820 1675 minime
837 1654 894 1675 ca·-

88 1685 210 1718 rebant
250 1684 433 1729 opulentae
471 1685 557 1718 urbe
606 1686 719 1721 Asiae.
760 1689 804 1721 cf.
835 1689 895 1723 W.

87 1735 123 1763 et
150 1729 198 1763 U.
222 1750 267 1754 -
302 1728 422 1772 ἐξαλ.
447 1729 555 1775 ἐκπορ
592 1733 688 1776 ῆσαι.
721 1734 803 1767 Seli.
834 1745 895 1767 au-

88 1779 149 1819 get
167 1776 399 1819 significatum
422 1778 649 1824 praepositio,
675 1785 712 1813 ut
730 1780 765 1813 in
789 1781 895 1814 verbo

88 1821 343 1866 ἐξεπράθομεν
371 1825 448 1859 125.
481 1822 672 1869 α’λαπάξαι
702 1825 762 1867 δὲ,
787 1826 898 1871 inquit

89 1867 142 1910 Ε,
167 1870 302 1912 κυρίως
325 1870 367 1903 τὸ
392 1869 608 1914 ἐκκενώσαι,
633 1869 726 1907 ὅθεν
748 1874 810 1908 καὶ
833 1876 896 1907 λα-

87 1914 188 1958 πάρα
219 1911 240 1959 ἡ
261 1913 347 1960 κενὴ
368 1913 507 1958 ὀστῶν,
532 1918 593 1952 καὶ
616 1916 805 1963 λαφύσσω.
840 1920 898 1964 γί-

88 1973 191 2052 Ξεῖτῗι
211 1959 251 1996 δὲ
278 1961 316 1997 ἐκ
346 1964 416 1998 τοῦ
434 1962 585 2006 λαπάζω
603 1965 780 2010 (Aeschyl.
796 1966 896 2011 Sept.

137 2034 144 2040 .
190 2013 256 2042 etc.

140 2055 217 2090 130.
241 2055 425 2098 κρείων.
462 2056 654 2099 βασιλεῦς,
678 2053 784 2101 ἅναξ.
815 2057 896 2094 Sch.

90 2110 123 2133 v.
141 2100 248 2134 Schn.
264 2101 299 2135 h.
318 2113 352 2135 v,
380 2107 415 2136 et
435 2103 478 2136 cf.
500 2105 577 2139 102.

138 2148 216 2182 131.
240 2146 373 2193 μηδὲ,
397 2147 447 2193 μὴ
468 2148 527 2192 δή.
552 2162 587 2183 v.
606 2149 651 2191 E,
676 2151 735 2192 W,
762 2154 803 2183 et.
816 2161 894 2183 ann.

90 2191 133 2225 ad
154 2194 232 2228 119.
261 2214 304 2218 -
338 2193 404 2239 dy.
429 2209 510 2239 περ
537 2193 636 2231 ἐών.
667 2197 791 2230 καίτοι
817 2209 896 2241 γεν-

90 2241 197 2280 ναῖος
217 2238 408 2282 ὑπάρχων.
433 2242 513 2275 Sch.
562 2240 650 2286 (ἐμ,
677 2242 809 2283 bonus,
833 2253 895 2274 πο-

90 2285 180 2319 bilis.
218 2287 263 2319 cf.
290 2288 370 2323 275.
410 2306 449 2311 —
495 2289 764 2330 θεοείκελε,
799 2290 895 2329 θεῖε,

90 2332 158 2366 δῖε.
192 2343 225 2365 ν.
247 2334 281 2367 7.
306 2337 422 2377 potest
451 2337 564 2368 tamen
593 2339 628 2368 et
656 2335 799 2379 proprie
829 2346 894 2368 vox

89 2377 258 2427 intelligi3
296 2379 573 2423 quemadmodum
621 2381 756 2414 Senot:
787 2384 895 2421 θεοῖς

89 2422 132 2458 τὸ
151 2425 249 2464 εἰδος
273 2423 397 2467 ὅμοιε,
424 2423 444 2461 ὅ
470 2426 544 2462 ἐστι
562 2426 604 2461 τι)
619 2425 767 2467 κάλλος·
804 2426 894 2462 εὐει-

90 2468 160 2514 δής
178 2470 249 2514 γάρ
265 2470 369 2516 παρὰ
386 2471 527 2515 πάντας
543 2472 633 2514 τούς
650 2471 777 2517 ἥρωας
789 2472 894 2518 Ἀχιλ-

90 2515 174 2556 λεύς
193 2522 260 2552 etc.
295 2529 327 2551 v.
346 2515 392 2564 β’,
420 2520 496 2554 673.
517 2531 611 2565 sequ.
628 2546 636 2562 ‚
663 2531 760 2565 quem
784 2520 894 2553 locum

90 2562 122 2596 Ε
151 2561 349 2606 significans
380 2565 425 2598 ad
454 2567 554 2600 121.:
580 2564 653 2609 ἀφ’
681 2561 747 2608 οὗ,
772 2566 894 2611 inquit,

92 2609 124 2643 h.
142 2620 173 2642 e.
191 2607 264 2644 ἀπὸ
288 2611 358 2645 τοῦ
375 2608 532 2653 κάλλους
549 2637 559 2653 ,
580 2613 643 2647 καὶ
670 2615 757 2647 θεο
770 2614 894 2647 εἰκε-

91 2656 167 2694 λος
190 2654 342 2700 λέγεται,
366 2654 416 2697 ὡς
434 2659 496 2693 καὶ
520 2655 538 2694 ὁ
560 2657 683 2701 Πάρις
698 2656 895 2701 Ἀλέξαν-

91 2701 209 2744 δρος
239 2702 470 2746 θεοειδής
510 2703 579 2748 (γ’,
607 2706 673 2745 16,
699 2706 746 2741 30
774 2705 894 2749 etc.):

90 2746 284 2792 similiaque
309 2750 453 2794 protulit
470 2751 504 2784 K
521 2748 714 2788 ἐπιείκελοι
737 2752 792 2785 vel
813 2750 893 2786 ἐνα-

91 2793 223 2838 λίγκιοι
245 2792 483 2839 ἀθανάτοισι,
510 2796 623 2841 δέμας
645 2795 896 2832 ἀθανάτοισιν

91 2837 273 2883 ἐοικότες,
314 2845 350 2874 et
379 2842 466 2876 illud
497 2842 680 2878 Theocriti
715 2845 782 2885 25,
811 2843 894 2881 40.=

92 2884 176 2921 οἷόν
195 2898 254 2922 τοι
273 2885 367 2931 μέγα
390 2885 489 2928 εἶδος
510 2887 713 2934 ἐπιπρέπει.
737 2884 762 2935 ἦ
783 2891 831 2935 ρά
849 2902 895 2925 νυ

91 2933 222 2974 παῖδες
249 2929 464 2968 Ἀθανάτων
496 2938 635 2972 τοιοίδε
673 2935 764 2978 μετά
801 2939 896 2982 θνη-

91 2979 211 3013 τοῖσιν
247 2977 340 3015 ἕασι.
383 2981 602 3016 Camerarius
634 2980 896 3026 (Commentarii

93 3025 127 3058 in
148 3025 224 3060 libr.
246 3027 276 3063 1,
294 3025 432 3068 Iliados,
457 3027 616 3063 Francof.
638 3027 738 3064 1584.
755 3029 897 3075 p.46.):

942 1000 1098 1035 veteres,
1140 996 1271 1042 inquit,
1313 998 1478 1043 epithetis
1501 996 1613 1031 laudis
1645 998 1745 1043 quasi

941 1042 1092 1088 propriis
1125 1044 1178 1076 usi
1213 1049 1320 1086 sunt3
1361 1045 1480 1090 itaque
1520 1056 1562 1078 ne
1590 1043 1744 1078 inimicos

940 1089 1075 1132 quidem
1095 1095 1199 1135 atque
1219 1090 1304 1124 adeo
1331 1091 1448 1125 hostes
1467 1101 1549 1124 suos
1564 1089 1630 1123 illis
1647 1091 1745 1124 frau—

940 1136 1077 1169 darunt.

989 1182 1063 1216 132.
1088 1183 1150 1216 κλ.
1170 1180 1277 1226 νόῳ.
1305 1179 1388 1217 άντὶ
1411 1183 1478 1217 τοῦ
1494 1182 1743 1226 παραλογίζου

939 1227 1001 1262 καὶ
1019 1228 1105 1264 θέλε
1125 1225 1282 1273 άπατᾷν.
1305 1229 1348 1263 Ε.
1391 1228 1548 1263 similiter
1567 1228 1742 1272 Sch.Ap.:

939 1273 1083 1317 κλέψαι.
1118 1273 1191 1309 ἔστι
1217 1275 1278 1309 καὶ
1310 1275 1367 1310 ἐπὶ
1389 1277 1457 1310 τοῦ
1477 1277 1613 1317 κυρίως
1631 1286 1743 1309 νοου-

939 1320 1071 1364 μένου,
1099 1321 1204 1366 [ἕστι]
1224 1322 1285 1356 καὶ
1315 1321 1373 1357 ε’πὶ
1404 1321 1473 1356 τοῦ
1502 1320 1743 1364 παραλογίζε-

939 1370 1042 1402 σθαι.
1092 1368 1209 1401 eodem
1235 1378 1338 1401 sensu
1360 1368 1485 1401 dicitur
1512 1366 1743 1408 παρελεύ-

940 1425 1057 1460 σεακι.
1103 1412 1206 1455 „ciazo
1239 1416 1454 1458 μεταφορᾶς
1488 1414 1558 1447 τοῦ
1589 1411 1743 1456 δρόμου,

941 1458 980 1494 ἐν
1004 1460 1030 1505 ᾠ
1051 1457 1247 1503 παρελθών
1274 1463 1399 1505 mugi-‘⁶
1423 1458 1506 1493 Sch.
1554 1458 1742 1498 Hesiodus,

941 1511 1128 1539 annotante
1143 1506 1195 1548 K,
1224 1507 1361 1551 Theog.
1379 1508 1478 1542 613.:
1505 1503 1555 1544 ὥς
1580 1503 1649 1540 οὐκ
1669 1504 1744 1539 ἔστι

942 1551 1033 1591 Διὸς
1053 1552 1186 1595 κλέψαι
1212 1552 1301 1587 νόον
1331 1551 1418 1588 οὐδὲ
1439 1553 1651 1594 παρελθεῖν.

990 1600 1067 1633 133.
1091 1599 1142 1632 sic
1161 1599 1288 1643 primus
1311 1600 1411 1633 Barn.
1431 1598 1513 1632 libri
1535 1603 1609 1631 vett
1641 1608 1744 1642 prae—

941 1647 995 1677 ter
1019 1644 1095 1677 MS.
1120 1645 1203 1677 Ven.
1232 1651 1266 1678 et
1296 1645 1350 1678 ed.
1376 1645 1493 1678 Rom:
1536 1641 1577 1688 ἠὲ
1609 1645 1743 1683 θέλεις.

941 1689 1127 1732 „Scilicet‚
1153 1695 1191 1723 ut
1209 1692 1312 1724 semel
1339 1703 1490 1724 moneam
1504 1693 1541 1732 ‚“
1564 1690 1677 1735 inquit
1701 1691 1743 1733 H,

942 1737 1198 1778 „observarunt
1237 1737 1470 1781 grammatici,
1511 1734 1628 1771 ἐθέλω
1670 1747 1747 1771 esse

941 1782 1093 1816 Ionicum
1124 1788 1160 1816 et
1187 1783 1336 1817 Homero
1367 1784 1644 1828 frequentatum,
1680 1793 1746 1816 non

943 1833 1056 1862 autem
1087 1828 1276 1864 θέλω.ὀὶ“.
1306 1829 1361 1863 vel
1392 1830 1580 1863 Eustatli.“
1627 1827 1746 1863 mirum

944 1886 1050 1916 vero,
1076 1887 1142 1908 non
1161 1875 1289 1909 dixisse
1318 1877 1501 1909 Homerum
1520 1874 1663 1916 θέλειν,
1688 1874 1748 1920 qui

944 1921 1074 1955 dixerit
1101 1921 1174 1955 sine
1203 1921 1420 1962 discrimine,
1456 1933 1517 1966 pro
1539 1921 1748 1955 necessitate

943 1967 1056 2010 metri,
1077 1971 1210 2008 κεῖνος,
1234 1971 1379 2009 κεῖθεν,
1401 1970 1522 2008 κεῖθι,
1545 1972 1660 2008 κεῖσε,
1684 1965 1750 2012 ῥύ-

944 2016 1067 2056 εσθαι,
1091 2025 1153 2058 pro
1174 2013 1313 2055 ἐκεῖνος
1329 2040 1336 2054 ,
1367 2014 1522 2056 ἐκεῖθεν,
1546 2013 1688 2054 ἐκεῖθι,
1712 2012 1749 2050 ἕ-

942 2063 1062 2099 κεῖσε,
1089 2059 1285 2104 ἐρύεσθαι,
1312 2073 1402 2106 quae
1421 2060 1576 2104 exempla
1602 2060 1748 2106 protulit

943 2108 1014 2140 Th.
1044 2119 1079 2152 p.
1101 2109 1181 2142 223.
1215 2112 1251 2140 et
1277 2108 1342 2141 hoc
1370 2107 1504 2151 quidem
1528 2106 1624 2147 loco,
1650 2107 1749 2150 cujus

943 2153 1044 2198 plura
1079 2158 1159 2186 sunt
1190 2153 1333 2192 similia,
1367 2154 1473 2187 Barn.
1505 2152 1579 2187 sine
1608 2153 1747 2196 negotio

942 2198 1083 2243 scripsit
1123 2197 1144 2244 ἢ
1180 2199 1337 2239 ἐθέλειςε
1379 2208 1416 2233 at
1446 2199 1539 2232 infra
1568 2200 1647 2234 277.
1681 2209 1747 2233 non

943 2257 1053 2289 aeque
1078 2257 1134 2279 res
1162 2246 1338 2290 procedit,
1364 2245 1428 2279 nisi
1456 2245 1512 2279 vel
1531 2265 1570 2270 —
1597 2246 1644 2289 δη
1661 2256 1677 2278 ε
1700 2264 1747 2269 —-

941 2291 1227 2339 μονοσυλλάβως
1254 2292 1453 2337 pronunties
1486 2302 1549 2336 per
1574 2289 1748 2336 synizesin
1810 2290 1811 2335 ζ

940 2337 1151 2379 inauditam,
1191 2339 1248 2372 vel
1288 2349 1395 2383 ponas
1423 2334 1535 2378 '‘fied-³,
1575 2337 1634 2382 qui
1664 2348 1747 2371 usus
1810 2341 1811 2352 ¹

941 2385 1143 2428 apostrophi
1169 2384 1317 2429 pertinet
1345 2385 1387 2418 ad
1410 2383 1542 2418 Atticos
1570 2389 1606 2417 et
1621 2383 1746 2425 Dores,

942 2430 985 2463 ad
1004 2430 1208 2472 Homerum,
1242 2430 1308 2463 nisi
1333 2431 1453 2471 fallor,
1486 2441 1553 2463 non
1581 2429 1746 2474 pertinet.

941 2489 975 2508 v.
1002 2477 1127 2510 Matth.
1163 2479 1195 2518 ἓ.
1220 2475 1276 2511 44.
1312 2477 1372 2521 qui
1395 2487 1463 2510 non
1487 2476 1636 2509 debebat
1658 2474 1747 2509 scri-

941 2522 1024 2556 bere
1049 2534 1122 2555 cum
1147 2523 1223 2556 aliis
1261 2523 1306 2567 δὴ
1333 2520 1458 2556 ”πειτα
1483 2519 1525 2563 ο’,
1551 2523 1651 2562 163.,
1687 2522 1747 2555 ubi

942 2574 1038 2602 recte
1061 2568 1097 2601 in
1122 2569 1221 2604 codd.
1244 2569 1372 2613 legitur
1392 2567 1438 2613 δή
1466 2567 1600 2603 ἔπειτα.
1640 2578 1746 2612 quare

942 2617 1065 2659 poetae
1095 2615 1236 2649 formam
1270 2621 1398 2649 temere
1431 2614 1666 2649 addubitatam
1690 2624 1747 2646 re-

941 2659 1123 2694 stituimus.
1148 2681 1193 2686 —
1229 2660 1386 2704 αὐτὰρ
1412 2666 1477 2695 etc.
1512 2659 1657 2704 subjecit
1679 2658 1746 2693 hoc

942 2717 1006 2751 per
1024 2703 1316 2750 άνακολουθίαν,
1340 2707 1440 2752 quasi
1457 2706 1603 2740 dixisset
1621 2701 1647 2749 ἢ
1665 2703 1747 2740 ἐθέ-

943 2757 1015 2792 λεις
1045 2751 1158 2795 αὐτὸς
1188 2752 1281 2798 ἔχειν
1306 2753 1435 2799 γέραςε
1457 2764 1532 2786 nam
1560 2751 1652 2796 quod
1671 2751 1745 2785 Eu-

941 2799 1071 2832 stathio
1094 2800 1130 2833 in
1154 2804 1298 2834 mentem
1322 2801 1431 2840 venit,
1456 2799 1525 2832 dici
1543 2809 1646 2844 posse
1661 2796 1746 2833 ἐθέ-

941 2847 992 2880 λω
1032 2845 1095 2880 ἵνα
1127 2845 1206 2890 (vel
1231 2845 1356 2891 ὄφρα)
1392 2844 1525 2891 γράφω
1562 2855 1596 2889 p.
1630 2843 1745 2880 ἐθέλω

940 2889 1121 2935 γράφειν,
1165 2903 1208 2927 ne
1238 2904 1397 2938 graecum
1432 2892 1568 2937 quidem
1601 2895 1665 2925 est.
1699 2911 1744 2916 —

942 2935 1101 2979 αὕτως
1123 2938 1171 2972 W
1193 2939 1377 2972 secundum
1401 2939 1523 2972 multos
1547 2938 1667 2980 libros,
1690 2949 1744 2971 re-

943 2988 1070 3029 cteque
1101 2985 1145 3018 ab
1176 2982 1291 3025 αὐτὸς
1322 2985 1499 3019 derivatur
1524 2982 1667 3029 αὖτοὶῐς,
1701 2986 1745 3020 ab

944 3028 1040 3076 αὕτη
1063 3040 1148 3065 vero
1164 3041 1225 3066 cur
1246 3031 1409 3066 duxerint
1430 3028 1566 3072 αὕτως,
1589 3032 1646 3072 sic,
1669 3041 1744 3066 cum
