1811 3269
47 128 130 168 182

671 123 1079 166 ΟΜΗΡΟΥ

222 233 412 305 δενδρέω
443 234 702 305 ἐφεζόμενοι
723 235 809 278 ὅπα
837 235 1109 293 λειριόεσσαν
1139 236 1285 279 ἵεῖσιν·

217 297 332 335 τοῖοι
362 280 450 346 ὅτ’ρα
484 292 650 351 Τρώων
677 290 886 363 ἡγήτορες
914 291 1012 364 ἧντ’
1045 293 1116 336 ἐπὶ
1119 295 1310 363 πύργῳ.

220 351 265 407 οἱ
294 347 336 392 δ’
369 348 428 417 ὥς
458 352 543 391 οὐν
573 346 743 392 εἴδονθ’
766 346 942 406 Ἑλένην
972 349 1043 393 ἐπὶ
1072 348 1244 419 πύργον
1275 353 1446 403 ἰοῦσαν,

112 408 192 451 155
221 407 306 462 ἠκα
336 406 448 475 πρὸς
470 403 691 475 ἀλλήλους
723 404 825 449 έπεα
853 406 1078 461 πτερόεντ’
1111 405 1351 479 α’γόρευον·

302 459 402 516 „06
434 460 628 517 νέμεσις,
669 465 824 519 Τρῶας
853 464 927 508 καὶ
957 461 1223 520 ἐϋκνήμιδας
1251 462 1448 520 Ἀχαιοὺς

50 572 224 620 μεγάλοις
258 575 293 610 οὶ
328 587 396 618 μεν
422 574 638 622 διῃρημένοι
663 576 733 612 εἰσὶ
757 575 799 613 τὸ
823 573 866 611 ὗ-

50 621 205 665 πόζωμα
234 623 342 678 (quae
364 622 412 654 ad
437 624 671 666 praecinctum
693 629 866 658 secturam

52 668 228 722 habent),
253 669 288 703 οἱ
314 665 492 715 αδοντες·
519 669 554 704 οἱ
579 669 620 705 δὲ
646 667 866 726 ἀδιαίρετοι,

55 714 91 750 οἱ
124 712 191 749 οὐκ
228 705 395 761 ᾅδοντες.
443 716 597 751 καλοῦσι
622 714 661 751 δὲ
686 716 775 758 τούς
799 717 867 759 μὲν

53 751 241 817 μεγάλους
267 762 331 796 καὶ
356 759 520 819 ᾄδοντας
552 761 744 806 ἀχέτας,
777 761 868 802 τοῦς

55 805 96 843 δε
130 808 285 851 μικρούς
315 808 538 852 τεττιγόνια·
574 807 707 855 ἅδουσι
739 807 778 844 δε
802 822 866 865 μι-
914 809 971 856 (ι’,

55 852 147 911 κρὸν
183 855 243 889 καὶ
276 853 418 889 τούτων
456 855 492 891 οὶ
533 843 762 911 διῃρημένοι.
820 853 865 909 06

55 903 246 945 γίγνονται
275 900 315 936 δε
338 901 512 945 τέττιγες,
536 899 632 938 ὅπου
646 902 794 957 δένδρα
816 899 866 946 μή

57 946 152 982 ἐστι·
185 946 245 982 διὸ
272 947 333 982 καὶ
358 946 397 983 ἐν
421 946 591 1003 Κυρήνῃ
608 944 655 983 ου’
678 950 868 992 γίγνονται

58 991 97 1028 ἔν
121 995 173 1040 τῷ
196 995 333 1039 πεδιῳ,
367 997 453 1051 περὶ
483 995 522 1029 δὲ
548 992 617 1038 τὴν
640 994 748 1029 πόλιν
781 997 868 1030 πολ-

58 1040 140 1074 λοί·
176 1028 335 1084 μάλιστα
367 1036 509 1082 δε,οὗ
543 1040 682 1075 ἐλαῖαι·
717 1039 765 1076 ον’
797 1039 867 1086 γὰρ

57 1087 246 1144 γίγνονται
270 1088 488 1122 παλίνσκιοι.
537 1086 576 1122 ἐν
600 1101 668 1132 γαρ
693 1091 772 1129 τοῖς
795 1095 869 1143 ψυ-

58 1136 161 1177 χροῖς
186 1131 231 1168 οὐ
255 1135 443 1178 γίγνονται
453 1132 646 1190 τέττιγες·
682 1133 744 1170 διὸ
782 1131 871 1170 οὐδε

60 1178 101 1213 ἐν
133 1183 213 1220 τοῖς
246 1182 408 1222 συσκίοις
446 1177 601 1215 αλσεσιν.
636 1200 682 1205 -
728 1181 797 1216 εἰσὶ
832 1178 871 1215 δε

60 1224 213 1271 ἄρρενες
236 1239 304 1270 μεν
338 1227 373 1262 oi
406 1225 559 1273 αδοντες
582 1225 621 1262 ἐν
645 1223 873 1272 ἀμφοτέροις

61 1276 140 1312 τοῖς
173 1273 310 1329 γένεσι,
341 1263 470 1318 θήλεις
503 1273 544 1308 δε
583 1273 618 1308 οι
657 1273 773 1328 ἕτεροι
805 1279 873 1306 etc.

61 1318 180 1361 τέττιξ
201 1319 259 1352 ille
284 1318 415 1364 αχέτας
433 1325 486 1353 est
508 1321 629 1353 cicada
650 1322 742 1353 ornis
763 1319 874 1360 Linn„

62 1365 137 1398 sive
160 1366 282 1398 cicada
299 1367 454 1410 plebeja,
488 1366 585 1409 cujus
620 1373 753 1400 cantum
781 1376 874 1399 ama-

63 1411 147 1445 bant
172 1416 278 1454 vett„
305 1412 507 1456 praesertim
527 1411 670 1445 Graeci.
697 1414 875 1447 Anacreon

66 1469 97 1503 p.
112 1458 167 1492 54.
191 1437 330 1491 nost'rae
355 1457 701 1514 ε(1.εμακαρίζομέν
721 1471 778 1499 σε,
799 1457 877 1492 τέτ-

64 1501 161 1546 τιξ,”
160 1502 237 1539 Ότι
263 1505 444 1547 δενδρέων
467 1502 527 1539 ,ἐπ’
554 1503 698 1548 ἄκρων,
728 1503 876 1547 Ὀλίγην

66 1549 203 1593 δρόσον
228 1550 426 1592 πεπωκώς,
452 1551 632 1591 Βασιλεύς
666 1549 767 1591 ὁπως
799 1550 876 1584 ἀεί-

66 1598 154 1637 δεις.
178 1617 222 1621 —-
250 1596 419 1632 Φιλέουσι
444 1596 510 1640 μέν
536 1609 573 1632 σε
599 1598 774 1639 ιἸῙοῦσαι,
812 1599 875 1631 Φι*

66 1642 137 1678 λεέι
162 1641 201 1677 δὲ
228 1645 366 1690 Φοῖβος
391 1642 516 1687 αὐτὸς,
538 1644 701 1689 Λιγυρὴν
726 1643 764 1678 δ’
786 1641 875 1677 ἔδω-

67 1702 129 1725 κεν
147 1690 269 1734 οἴμην.
306 1691 350 1725 cf.
374 1691 408 1724 K
432 1691 463 1723 h.
491 1691 536 1734 l.,
562 1691 666 1724 Schn.
691 1702 765 1724 cum
789 1689 876 1722 lexi-

68 1748 108 1771 co
135 1747 188 1780 gr.
213 1748 245 1770 v.
271 1735 407 1779 τέττιξ,
444 1741 512 1770 tum
545 1749 620 1770 ann.
656 1737 699 1770 ad
735 1735 876 1770 Aristot.

67 1782 91 1816 l.
119 1793 147 1815 c.
160 1808 171 1824 ,
205 1783 272 1816 vol.
302 1785 335 1819 3.
372 1794 404 1827 p.
431 1783 640 1818 381-387.
653 1807 663 1823 ,
698 1782 876 1815 NVilmsen.

69 1829 211 1862 Handb.
233 1829 294 1862 der
314 1829 547 1873 Naturgesch.
571 1830 604 1864 2.
630 1840 663 1873 p.
682 1828 875 1863 603—605.

70 1879 139 1909 etc.
160 1875 194 1908 in
223 1875 325 1908 laude
350 1880 404 1908 est
424 1874 465 1909 τὸ
490 1873 594 1919 λιγύν
625 1880 721 1909 εἰναι
745 1870 783 1916 ἆ)
785 1887 880 1917 ορη-

70 1920 166 1965 τήνε
191 1932 222 1954 v.
249 1919 295 1962 α’,
321 1920 411 1962 248,
437 1920 484 1967 β’,
509 1922 588 1955 246.
620 1927 805 1965 propterea
830 1920 880 1952 ci-

71 1966 168 2000 cadis
203 1975 444 2011 comparantur
486 1972 662 2000 senatores
699 1967 749 1999 illi
787 1967 881 1999 Tro-

68 2014 155 2057 jani.
200 2013 315 2058 inepte
338 2013 444 2046 schol.
473 2013 615 2047 brevia.
639 2013 821 2057 -μακρῷ
842 2008 881 2045 δε

72 2061 141 2105 βίῳ
176 2059 463 2116 δαπανηθέντος
506 2057 625 2095 αυτοῦ
665 2058 882 2114 (Tithoni),

71 2106 268 2161 μετέβαλεν
308 2105 423 2158 a626v
461 2107 514 2147 εἰς
547 2106 689 2149 τέττιγα
723 2103 744 2146 ἦ
782 2103 883 2143 θεός.

74 2151 134 2188 διὸ
163 2152 208 2196 δὴ
235 2153 284 2196 (!)
306 2152 423 2188 αὑτοῦ
447 2152 534 2193 τούς
560 2155 743 2197 συγγενεῖς
767 2152 884 2195 δημο-

73 2198 247 2243 γέροττας
270 2198 424 2242 τέττιξιν
455 2200 588 2241 εἰκάζει
611 2198 629 2234 ὁ
657 2212 695 2233 π.
748 2197 889 2240 ιστορεῖ

69 2244 293 2286 Ἑλλάνικος.

123 2294 199 2328 152.
251 2293 270 2326 δ
285 2290 474 2335 ενδρέῳ.
499 2290 652 2336 δένδρῳ.
678 2290 807 2334 (forma
824 2301 886 2323 ve-

77 2339 162 2372 teris
186 2339 334 2372 Ionismi.
361 2339 417 2370 W.
454 2357 493 2361 -—
533 2337 714 2372 Zenodoto
744 2336 886 2380 placue-

78 2389 134 2418 rat
159 2384 321 2428 δένδρει,
348 2384 443 2429 quod
467 2385 571 2418 habet
596 2383 697 2426 Diog
723 2382 840 2415 Laert.
851 2383 886 2422 3,

77 2430 113 2463 7.
124 2455 135 2471 ,
157 2432 215 2465 ubi
235 2442 321 2464 vers
327 2442 353 2463 ,5
374 2431 586 2466 150—152.
610 2429 888 2473 παρῳδοῦνται.

79 2482 116 2509 at
140 2489 248 2522 neque
263 2477 412 2519 δένδρος
437 2488 477 2509 ne
481 2488 546 2520 que
569 2475 726 2516 δένδρον
746 2485 888 2518 usquam

79 2522 206 2567 legitur
242 2535 297 2568 ap.
331 2524 431 2557 Hom.
468 2522 523 2555 Ex
549 2522 596 2556 H.
661 2519 889 2565 δισυλλάβως

81 2569 367 2627 pronuntiandum
391 2573 443 2602 est
467 2568 532 2601 hoc
550 2568 670 2601 vocab.
690 2567 788 2602 metri
808 2579 890 2612 gra-

81 2614 163 2659 tia.)
211 2619 321 2658 λειρ.
350 2612 612 2671 επιθυμητὴν,
639 2613 780 2658 ἡδεῖαν.
809 2614 888 2646 Sch.

82 2680 129 2686 —-
160 2661 235 2697 ὅπα
260 2659 436 2706 ἀνθηρὰν
463 2662 504 2694 Ε.
529 2660 669 2694 Lucian.
696 2661 802 2694 Herc.
831 2659 888 2693 4..

82 2721 145 2742 και
169 2709 205 2744 οἱ
231 2708 407 2761 ἀγορηταὶ
437 2720 511 2742 των
540 2706 678 2763 Τρώων
709 2703 784 2762 τήν
815 2702 890 2740 ὄπα

84 2753 167 2798 τὴν
201 2752 508 2798 λειριόεσσαν
541 2750 702 2798 (ἐφιᾶσιν
743 2749 891 2795 εὐανθῆ

85 2813 186 2835 vir-cz
211 2804 328 2845 λείρια
350 2814 420 2845 γαρ
446 2804 631 2843 καλεῖται,
659 2799 730 2843 εἷ’γε
757 2797 892 2843 μέμνη-

86 2861 173 2892 μαι,
197 2848 244 2884 τοὶ
269 2847 383 2891 ἄνθη.
426 2847 470 2880 cf.
503 2846 651 2880 Nicand.
676 2846 788 2879 Ther.
812 2843 892 2879 243.

88 2901 119 2928 et
147 2895 259 2929 schol.
285 2860 456 2946 Apollonii
482 2892 595 2927 Rhod.
623 2897 654 2931 1,
671 2894 749 2927 879.
771 2890 892 2924 ExH.

89 2942 171 2982 „die
194 2939 385 2981 bluhende,
417 2938 575 2972 lieblichc
599 2938 759 2979 stimme,
793 2933 891 2971 ἀπα

90 2985 168 3033 λήν.
219 2985 367 3020 Hesiod.
396 2985 531 3030 Tbeog-
565 2984 644 3019 41.:
677 2985 774 3019 θεᾶν
807 2982 896 3027 (der

911 576 1064 620 Musen)
1100 572 1164 612 ὀπὶ
1193 575 1431 622 λειριοέσσῃ.“
1457 577 1501 611 K.
1533 575 1626 620 χρόα
1650 579 1721 610 λει-

912 622 1061 667 ριόεντα
1086 623 1141 656 hic
1167 630 1284 658 noster
1308 623 1394 657 dixit
1417 623 1462 666 ν’,
1483 624 1561 658 830.
1584 622 1720 668 saepius

913 681 967 715 ap.
995 680 1071 703 eum
1095 681 1162 702 vox
1186 679 1254 703 ιιοιι
1278 669 1417 713 legitur.

961 721 1038 755 155.
1088 712 1189 774 ἧκα.
1216 717 1360 775 ἠρέμα,
1388 717 1542 774 ἡσύχως.
1566 719 1647 753 Sch.

962 768 1038 802 156.
1088 763 1145 800 ου’
1178 764 1391 820 νέμεσις.
1436 763 1482 800 ου’
1525 763 1723 822 νεμεσητὸν

993 813 1071 850 519
1098 810 1139 852 τ’,
1153 812 1219 847 182
1239 814 1337 866 etc),
1365 808 1416 852 ὣς
1436 811 1478 847 τὸ
1504 809 1596 867 οὐχ
1613 808 1723 855 ὁσίη

914 859 1064 914 (Οό)·.55
1077 856 1239 902 χ’,412.)
1267 856 1349 893 ἀντὶ
1377 860 1446 893 τοῦ
1467 856 1550 901 οὐχ
1575 854 1725 892 ὅσιον.

914 905 970 960 (et
994 903 1123 944 ἄνυσις
1146 903 1193 950 β’,
1208 906 1287 940 347.
1307 905 1370 948 Κ.)
1392 904 1507 939 Schol.
1535 904 1562 937 B
1581 909 1616 938 et
1628 903 1724 957 Lips.

916 948 960 985 οὐ
987 951 1136 995 μέμψις
1162 951 1244 984 Sch.
1269 976 1294 992 ‚,
1285 951 1341 990 ,.cf
1369 950 1411 993 ξ,
1439 953 1495 991 80,
1522 949 1651 994 Ody.ss
1678 946 1725 990 α’,

915 999 1002 1039 350,
1027 996 1072 1039 v',
1099 998 1178 1032 330.
1215 1002 1468 1030 annotaverunt
1487 977 1728 1030 ’Hemsterhus

916 1049 953 1077 et.
976 1023 1116 1077 Erne'st.
1141 1043 1183 1076 ad
1211 1043 1344 1076 Callim.
1370 1044 1401 1076 h.
1426 1043 1460 1076 in
1487 1042 1631 1076 Dianam
1656 1040 1727 1082 64„

918 1087 964 1125 ου’
1000 1089 1141 1133 νέμεσις
1174 1089 1341 1122 interdum
1377 1089 1475 1122 reddi
1519 1100 1620 1133 posse
1660 1099 1728 1120 non

917 1138 1039 1170 mirum
1067 1140 1141 1170 est.6
1131 1138 1154 1155 “
1182 1136 1236 1168 Ε),-
1260 1136 1433 1168 11.1ocus
1455 1142 1642 1176 venustuS‚
1668 1144 1727 1166 eo-

919 1195 986 1228 que
1010 1182 1208 1225 venustior,
1247 1181 1336 1226 quod
1374 1193 1430 1214 ars
1463 1181 1535 1224 ejus
1559 1181 1668 1213 minus
1692 1179 1729 1212 in

919 1230 1102 1274 propatulo
1126 1234 1189 1262 est.
1223 1227 1368 1266 Quintil.
1393 1229 1436 1267 8,
1461 1227 1509 1266 4.,
1535 1227 1730 1269 cujusver-

920 1276 964 1309 ba
986 1275 1099 1319 posuit
1124 1274 1198 1307 Cl.:
1223 1274 1311 1306 illud
1337 1284 1467 1316 quoque
1487 1275 1570 1305 est‘
1573 1297 1583 1313 ‚
1608 1270 1731 1316 inquit,

922 1346 945 1362 „
937 1333 989 1361 es
1004 1321 1173 1353 velatione
1201 1320 1247 1352 ad
1272 1319 1426 1362 aliquid,
1451 1318 1542 1363 quod
1564 1330 1631 1350 non
1659 1318 1732 1361 ejus

921 1368 973 1401 rei
991 1368 1113 1411 gratia
1133 1367 1259 1399 dictum
1284 1366 1441 1407 videtur,
1478 1363 1732 1409 amplifica-

921 1413 986 1447 tio
1000 1413 1063 1446 nis
1071 1424 1202 1466 genus·
1226 1424 1293 1445 non
1307 1416 1433 1455 putant
1447 1411 1628 1456 indignum
1645 1410 1733 1442 Tro-

914 1460 995 1503 jani
1022 1460 1194 1503 principes
1216 1463 1357 1502 propter
1391 1458 1548 1490 Helenae
1588 1456 1734 1500 speciem

922 1510 973 1540 tot
995 1507 1091 1538 mala
1110 1510 1208 1538 tanto
1224 1504 1386 1547 temporis
1410 1505 1523 1548 spatio
1553 1503 1734 1536 sustinere.

923 1563 1093 1596 quaenam
1114 1552 1224 1595 igitur
1242 1552 1303 1583 illa
1313 1553 1436 1592 forma
1462 1550 1633 1583 credenda
1656 1546 1735 1582 est?

923 1609 991 1630 non
1019 1599 1106 1630 enim
1126 1581 1202 1630 ³³hoc
1238 1597 1320 1629 dicit
1352 1596 1470 1637 Paris,
1507 1596 1566 1639 qui
1592 1595 1736 1639 rapuit‚·

923 1655 991 1676 non
1017 1644 1142 1687 aliquis
1165 1643 1332 1686 juvenis,-
1362 1654 1427 1675 non
1456 1654 1542 1675 unus
1567 1653 1585 1675 e
1608 1642 1736 1685 vulgo.

925 1690 985 1722 sed
1009 1702 1127 1730 sene3‚
1161 1694 1194 1722 et
1217 1689 1500 1733 prudentissimi,
1534 1693 1568 1721 et
1598 1687 1736 1720 Priamo

927 1736 1129 1771 assidentes.
1178 1747 1293 1768 verum
1325 1740 1358 1768 et
1388 1736 1460 1778 ipse
1488 1746 1567 1774 rex,
1595 1733 1737 1766 decenni

928 1783 1013 1815 bello
1036 1782 1239 1822 exhaustus,
1265 1782 1399 1814 amissis
1428 1786 1474 1814 tot
1504 1781 1636 1814 liberis.
1671 1780 1736 1812 irn-

927 1829 1078 1861 minente
1115 1839 1245 1860 summo
1282 1828 1501 1866 discrimine5
1534 1827 1587 1859 cui
1605 1827 1738 1868 faciem

928 1876 1036 1913 iilam,
1052 1886 1091 1907 ex
1113 1886 1180 1918 qua
1200 1879 1247 1907 lot
1265 1874 1487 1907 lacrimarum
1503 1873 1602 1917 origo
1611 1872 1738 1915 fluxis·

927 1926 1000 1961 set,
1042 1921 1188 1953 invisam
1217 1926 1320 1964 atque
1363 1920 1630 1953 abominandam
1667 1929 1739 1951 csse

928 1967 1126 2010 opmtebat5
1151 1972 1184 1999 et
1206 1968 1303 1999 audit
1335 1966 1439 2007 haec,
1467 1971 1499 2000 et
1528 1977 1603 1998 eam
1619 1965 1739 2008 filiam

929 2014 1109 2056 appellans
1120 2013 1223 2054 juxta
1243 2024 1277 2045 se
1297 2014 1400 2052 locat,
1425 2017 1459 2045 et
1478 2017 1617 2045 excusat
1633 2011 1739 2044 etiam

930 2066 1034 2103 atque
1059 2059 1123 2090 sibi
1158 2070 1227 2091 esse
1256 2060 1421 2091 malorum
1452 2069 1593 2090 cansam
1617 2061 1738 2101 negat.

930 2105 1046 2138 Valer-
1076 2104 1170 2137 Max.
1198 2106 1242 2146 3,
1269 2105 1310 2144 7,
1335 2106 1392 2139 3‚:
1419 2105 1544 2137 Zeuxis
1565 2114 1637 2136 cum
1664 2103 1740 2135 He-

931 2152 1044 2184 lenam
1066 2151 1244 2193 pinxisset,
1270 2151 1352 2194 quid
1380 2151 1422 2183 de
1447 2162 1484 2182 eo
1510 2161 1608 2193 opere
1632 2149 1741 2181 homi-

930 2209 991 2229 nes
1014 2197 1149 2229 censuri
1173 2201 1293 2236 essent,
1319 2197 1566 2239 expectandum
1590 2207 1657 2227 non
1674 2207 1741 2238 pu-

930 2243 1040 2283 tavit,
1071 2243 1130 2275 sed
1160 2243 1318 2286 protinus
1350 2243 1410 2275 hos
1445 2254 1561 2275 versus
1593 2242 1742 2283 adjecit.-

932 2287 977 2324 οὐ
1005 2288 1144 2332 νέμεσις
1161 2308 1204 2313 -
1222 2287 1348 2323 ἔοικεν.
1374 2308 1416 2312 -
1442 2288 1500 2321 alii
1525 2299 1660 2332 quoque
1675 2299 1739 2341 po-

933 2339 1010 2369 etae
1035 2341 1139 2379 atque
1168 2335 1321 2368 artifices
1347 2335 1501 2367 Helenae
1540 2331 1743 2378 pulcritudi-
1774 2351 1776 2353 ν

932 2394 1008 2415 nem
1032 2392 1093 2414 suo
1118 2381 1264 2425 quisque
1289 2381 1385 2414 modo
1410 2380 1578 2425 effingere
1602 2379 1742 2413 studue-

934 2433 1033 2468 runt,
1067 2439 1130 2460 nec
1163 2427 1230 2460 fuit
1262 2426 1412 2460 mulieris
1448 2438 1563 2459 nomen
1600 2425 1635 2458 in
1669 2429 1743 2459 tota

935 2472 1140 2518 antiquitate
1173 2473 1393 2506 celebratius
1455 2476 1632 2516 poetarum
1666 2471 1743 2515 qui-

936 2520 1009 2553 dem
1035 2519 1125 2563 apud
1137 2518 1318 2552 Homerum
1344 2529 1428 2551 unus
1453 2519 1662 2562 producatur
1677 2520 1743 2550 Ac-

936 2567 1015 2610 schy
1013 2566 1095 2606 luS‚
1124 2564 1183 2609 qui
1207 2565 1323 2598 itidem
1351 2565 1525 2608 praeclare
1551 2565 1593 2596 de
1616 2563 1744 2596 Mene-

936 2612 1010 2653 lao,
1037 2610 1202 2644 Helenam
1228 2611 1470 2651 desiderante,
1496 2611 1615 2653 Agam.
1640 2609 1743 2644 373*

937 2656 982 2692 ἰώ
1007 2657 1125 2700 λέχος,
1152 2656 1281 2711 inquit
1308 2658 1366 2690 καὶ
1393 2634 1511 2707 στίβοι
1536 2653 1745 2699 φιλανορες,

938 2702 1100 2746 Πάρεστι
1133 2703 1206 2746 σῖγ’
1239 2700 1391 2745 ἄτιμος,
1425 2701 1642 2759 αλοὶδορος,
1677 2701 1747 2743 (ita

937 2762 1028 2785 nunc
1051 2749 1208 2790 scribam,
1234 2762 1301 2788 -ας
1324 2749 1357 2782 in
1385 2760 1453 2803 σιγ
1445 2748 1514 2790 ἆσζ
1537 2747 1625 2793 quod
1645 2746 1745 2781 codd.

938 2796 1142 2835 ostendunt,
1175 2807 1216 2828 ex
1247 2794 1401 2840 sequenti
1438 2792 1500 2829 622-
1528 2801 1636 2828 ortum
1670 2803 1747 2826 esse

938 2851 1046 2877 ratus.
1081 2853 1201 2875 'versus
1215 2843 1283 2886 jam
1309 2846 1361 2874 est
1385 2841 1564 2879 alcaicus.)
1569 2838 1747 2879 ’Ἀδιστοῂ

941 2886 1147 2933 ἀφεμένων,
1174 2887 1288 2923 ἰδεῖν
1315 2888 1361 2930 [h
1387 2899 1415 2920 e.
1430 2886 1564 2920 :adest
1585 2886 1660 2920 sive
1683 2885 1748 2918 ad-

940 2941 1012 2969 stat
1035 2935 1125 2968 lecto
1150 2933 1322 2978 conjugali
1333 2933 1512 2967 Menelaus
1530 2933 1646 2973 silens,
1671 2941 1747 2967 cum

941 2981 986 3015 sit
1011 2981 1174 3015 dedecore
1198 2981 1355 3024 affectus,
1381 2980 1453 3013 sine
1477 2979 1646 3019 convicio,
1668 2977 1749 3021 pla·
