1811 3269
114 179 171 218 34

752 176 1154 218 ΟΜΗΡΟΤι

272 284 395 329 Ἴδεώ
426 283 477 328 θ’
484 319 491 334 ‚
524 284 572 335 ὃς
602 283 836 355 κάρτιστος
866 285 1131 342 ἐπιχθονίων
1162 286 1300 342 γένετ’
1331 286 1508 341 οἷνδρῶν

284 347 373 385 τῶν
402 340 521 390 τότε,
551 343 625 383 καί
657 342 714 395 ῥα
745 341 934 393 ἄνακτος
963 343 1165 386 ἐναντίον
1198 345 1331 387 εἵλετο
1361 343 1493 395 τόξον

172 404 252 443 560
289 400 459 454 Φοίβου
485 396 755 448 ’Λπόλλωνος
772 398 1088 465 καλλισφύρου
1119 401 1262 443 εἵνεκα
1290 401 1482 456 ιύμφης.

284 473 363 507 την
394 456 439 497 ὀὲ
469 453 564 497 τότ’
595 454 640 497 έν
674 454 901 510 μεγάροισι
930 473 1072 512 πατηρ
1105 457 1178 499 καὶ
1208 456 1367 528 πότνια
1397 458 1539 529 μήτηρ

281 510 523 566 Ἀλκυόνην
552 509 785 554 καλέεσκον
815 511 1068 564 ἐπώνυμον,
1101 511 1253 556 οὕνεκ’
1287 512 1362 567 ἄρ’
1395 514 1530 570 αὐτῆς

281 569 444 638 μήτηρ,
477 567 696 618 ἀλκυόνος
725 571 1032 620 πολυπενθέος
1065 567 1187 612 οἶτον
1218 569 1393 624 έχουσα,

282 622 413 673 κλαῖ’,
445 623 516 667 ὅτε
545 641 621 679 μιν
651 623 854 680 ἑκάεργος
885 624 1109 680 ἀνήρπασε
1141 630 1310 696 Φοῖβος
1333 625 1573 669 Ἀπόλλων·

169 684 250 727 565
282 698 334 737 τῃ
366 679 439 735 ὅγε
469 681 808 735 παρκατέλεκτο,
839 683 972 736 χόλον
1000 682 1229 754 θυμαλγέα
1259 682 1446 733 πέσσων,

282 738 323 789 ἐξ
354 736 496 790 άρέων
526 738 687 809 μητρός
716 739 1028 793 κεχολωμένος,
1059 739 1088 795 ἤ
1119 740 1174 794 ῥα
1204 744 1349 783 θεοῖσι

281 792 410 837 πόλλ’
443 792 621 849 α’χέουσ’
652 793 789 850 ἠρᾶτο
820 796 1102 865 κασιγνήτοιο
1135 796 1316 866 φόνοιο,

279 850 420 894 πολλοὶ
450 853 495 895 ὁὲ
526 853 600 895 καὶ
628 857 760 907 γαῖαν
790 851 1084 909 πολυφόρβην
1113 853 1260 908 χερσὶν
1290 851 1433 906 ἀλοία,

101 1007 235 1052 ’Ἄρεως
259 1012 366 1049 παῖς,
398 1006 568 1061 βασιλεὺς
596 1007 800 1050 Αἰτωλίας,
833 1007 926 1053 έχων

109 1054 300 1112 θυγατέρα
335 1052 649 1110 εὐπρεπεστάτην,
694 1055 924 1100 Μάρπισσαν

109 1102 295 1145 τοῦνομα,
328 1101 418 1142 τοὺς
451 1100 771 1145 μνηστευομένους
799 1101 924 1158 αὐτὴν

109 1152 346 1191 προεκαλεῖτο
391 1148 442 1187 εἰς
475 1146 751 1192 ἁρματηλασίας
785 1146 924 1193 α’γῶνα,

109 1195 222 1239 λέγων
255 1193 428 1229 ἐκδώσειν
461 1196 512 1228 τῶ
545 1194 771 1239 διαφυγόντι
807 1194 924 1231 αὐτὸν

110 1241 314 1277 διώκοντα·
338 1240 427 1281 τούς
452 1239 491 1275 δε
516 1241 737 1300 λειφθέντας
760 1255 920 1285 καρατο-

109 1289 189 1332 μῶν
212 1286 375 1322 ἐπετίθει
397 1286 463 1327 τοὶς
489 1286 654 1330 κεφαλὰς
677 1287 735 1323 ἐπὶ
754 1291 821 1323 τοῦ
846 1290 921 1323 τοί-

110 1348 177 1379 χου
217 1336 282 1378 τῆς
317 1335 459 1375 οἰκίας,
499 1335 551 1374 εἰς
586 1333 814 1379 κατάπληξιν
847 1336 921 1369 τῶν

110 1382 262 1416 λοιπῶν.
309 1382 455 1415 πολλῶν
483 1383 611 1415 τοίνυν
638 1381 712 1426 ἤδη
738 1380 922 1427 ἀνῃρημέ-

110 1441 185 1463 νων
199 1425 313 1469 Ἴδας,
339 1426 434 1472 λόγῳ
459 1440 524 1470 μεν
548 1425 731 1471 Ἀφαρέως
756 1428 856 1469 υἱὸς,
878 1430 923 1473 τῇ

110 1473 151 1510 ὁε
193 1472 358 1530 ἀληθείᾳ
400 1475 658 1514 Ποσειδῶνος,
703 1477 923 1516 τελευταῖος,

111 1518 233 1576 λαβών
258 1533 376 1574 παρα
385 1522 454 1555 τοῦ
478 1520 618 1579 πατρὸς
642 1522 781 1562 ἵππους
799 1523 924 1556 ποδω-

110 1566 328 1607 κεστάτους,
361 1563 503 1609 ἥρπασε
528 1569 594 1610 τὴν
626 1567 762 1612 κόρην,
793 1566 924 1611 χορεύ-

111 1626 227 1649 ουσαν
250 1613 287 1648 ἐν
304 1612 518 1656 Ἀρτέμιδος.
556 1611 704 1669 Εὔηνος
724 1614 762 1649 ὸὲ
786 1613 835 1656 ὡς
855 1613 924 1649 ουίι

111 1659 275 1704 ἠδύνατο
298 1662 543 1718 καταλαβεῖν,
579 1658 804 1721 ἀποσφάξας
835 1658 923 1700 τούς

112 1709 270 1746 ἵππους,
296 1719 362 1746 ους
387 1711 502 1750 εἶχεν,
527 1706 661 1742 εαυτὸν
680 1708 770 1763 ε’ρρ·
762 1716 845 1751 ψεν
871 1709 923 1748 εἰς

111 1751 176 1790 τὸν
211 1752 412 1796 Λυκόρμαν
448 1753 642 1796 ποταμὸν,
678 1751 718 1794 ὀς
751 1752 818 1788 ἀπ’
851 1752 922 1788 αύ-

110 1801 180 1835 τοῦ
205 1797 359 1856 Εὔηνος.
375 1798 675 1843 προσηγορεύθη.
722 1801 923 1841 διαπεφευ-

111 1845 190 1892 γότι
216 1844 256 1881 δε
271 1846 330 1900 τῷ
354 1844 435 1880 Ἰὄιι
459 1845 525 1881 τὸν
549 1848 722 1881 κίνδυνον
743 1845 923 1881 Ἀπόλλων

111 1892 329 1930 ἐναντιοῦτο
363 1891 444 1934 περὶ
476 1893 542 1932 τῆς
573 1892 709 1936 κόρης,
747 1893 924 1948 βουλόμε-

110 1953 175 1979 νος
203 1936 437 1982 ἀφαρπάζειν
463 1936 593 1981 α-ὔτήν.
641 1940 850 1996 προιόντων
884 1936 924 1973 δε

112 1985 237 2021 αὐτῶν
271 1987 323 2024 εἰς
360 1983 482 2029 μάχην
521 1984 613 2025 Ζεύς
651 1984 739 2029 [δε]
775 1986 925 2043 πέμψας

106 2032 245 2077 Ἑρμῆν
269 2030 441 2075 ἐπέτρεψε
465 2030 511 2075 τῇ
532 2030 620 2075 κόρῃ
647 2032 795 2066 ἑλέσθαι
818 2031 861 2068 ὃν
881 2029 926 2066 ὂὶν

112 2080 311 2126 βούληται’
340 2076 362 2134 ᾗ
389 2076 428 2113 δε
455 2078 570 2112 είλετο
596 2076 662 2112 τὸν
679 2077 794 2119 Ἴδαν,
821 2077 926 2114 ευλα-

111 2128 272 2182 βηθεῖσα
300 2123 350 2168 μή
374 2122 589 2169 γηράσασαν
614 2123 731 2168 αὐτὴν
765 2123 926 2170 ἀπολίπῃ

108 2171 299 2208 Απόλλων.
348 2182 403 2204 res
428 2171 623 2205 celebratae
648 2172 682 2204 in
707 2172 834 2205 sabulis
856 2183 923 2205 non

111 2220 218 2254 solum
244 2216 457 2254 Aetolorum,
493 2217 552 2250 sed
579 2216 681 2250 etiam
709 2217 743 2250 in
776 2218 925 2251 Laconi-

112 2266 162 2300 cis
191 2268 227 2299 et
251 2263 497 2304 Messeniacis,
531 2275 603 2296 cum
638 2265 791 2307 Apharei
815 2275 925 2308 genus

112 2310 264 2346 nonnulli
289 2310 332 2342 ab
358 2309 497 2353 Amycla
522 2310 697 2343 ducerent.
728 2308 924 2349 Paus.4‚2.

113 2357 156 2392 de
189 2357 273 2389 Idae
304 2356 429 2389 robore
462 2366 494 2387 v
523 2356 678 2399 Apollod.
706 2358 746 2396 1,
771 2357 803 2390 7.
829 2367 923 2400 seqq

113 2408 149 2438 et
172 2405 211 2443 3,
239 2405 304 2441 10,
324 2401 358 2435 3.
400 2401 476 2444 ejus
499 2407 534 2435 et
558 2401 687 2445 Lyncei
711 2401 831 2435 fratris
861 2413 925 2446 pu-

113 2460 215 2494 gnam
256 2459 330 2481 cum
366 2447 515 2480 Castore
547 2452 582 2480 et
616 2448 777 2488 Polluce,
814 2448 926 2492 raptis

114 2493 281 2539 Leucippi
303 2492 460 2533 filiabus,
497 2493 721 2527 nobilitarunt
755 2493 925 2528 Pindarus

114 2546 150 2575 et
173 2539 393 2574 Theocritus.
420 2539 454 2572 in
468 2538 610 2593 Cypseli
629 2551 711 2573 arca
730 2540 832 2573 etiam
844 2540 925 2573 Idas

113 2592 150 2621 et
175 2587 354 2640 Marpessa
379 2586 533 2629 expressi
558 2591 668 2626 erant,
691 2587 756 2619 hoc
777 2586 925 2619 carmine

113 2631 298 2689 inscripto
313 2628 661 2686 ἼδαςΙΡῙάρπησσαν
674 2633 925 2676 καλλίσφυρον

115 2676 162 2713 ἃν
187 2678 224 2712 οἱ
254 2675 431 2711 Ἁπόλλων
441 2674 620 2733 Ἀρπασε,
653 2692 724 2712 ταν
756 2677 794 2713 ἐκ
826 2691 922 2712 ναου

115 2737 193 2770 αγει
217 2722 328 2757 πάλιν
352 2720 419 2758 οὐκ
444 2720 649 2764 άέκουσαν,
674 2730 713 2758 ut
729 2730 851 2759 auctor
871 2729 924 2758 est

114 2771 276 2810 Paus.5‚
304 2770 358 2803 18.
396 2769 441 2802 cf.
466 2770 619 2805 KetH.

161 2817 375 2852 561—572.
423 2814 508 2859 τὴν
533 2816 591 2851 δέ.
618 2816 848 2861 Cleopatram.
868 2817 924 2850 fa-

115 2863 195 2898 bula
219 2861 262 2896 de
287 2862 437 2905 Alcyone
469 2867 503 2895 et
542 2864 648 2905 Ceyce
681 2869 763 2896 nota
798 2868 851 2896 est
881 2874 923 2896 ex

116 2908 246 2944 ovidio
280 2908 366 2942 Met.
395 2910 467 2948 11..
505 2907 712 2953 Apollodoro
741 2911 779 2950 1,
813 2910 854 2950 7,
887 2910 921 2943 4.

116 2955 272 3000 aliisque.
296 2955 389 2988 Sch.:
411 2953 515 2999 Κήυξ
531 2954 633 2998 (mire
648 2955 766 2990 codd.:
785 2953 923 2999 Κύηξ.)

973 1009 992 1045 ὁ
1024 1008 1234 1067 Φωσφόρου
1266 1014 1336 1047 τοῦ
1361 1010 1531 1068 ἀστέρος,
1562 1008 1683 1066 γήμας
1705 1007 1782 1045 Ἀλ-

970 1055 1110 1100 κυόνην
1135 1057 1203 1114 τὴν
1228 1056 1376 1099 Αιόλου,
1401 1058 1491 1102 μέγα
1515 1056 1706 1102 φρονήσας
1723 1054 1781 1101 ἐφ’

971 1116 1103 1159 εαυτῳ,
1129 1102 1221 1144 θεὸς
1245 1103 1416 1150 ἐβούλετο
1438 1106 1667 1159 νομίζεσθαι.
1702 1102 1783 1138 διό-

969 1162 1036 1193 περ
1064 1149 1086 1194 ἥ
1111 1163 1147 1186 τε
1172 1151 1309 1208 γαμετή
1336 1149 1541 1191 διαπαντός
1559 1148 1677 1186 αὐτὸν
1699 1148 1781 1184 ἐκά-

969 1199 1023 1231 λει
1048 1198 1144 1239 Δία,
1180 1197 1350 1238 κάκεῖνος
1374 1195 1496 1241 ’Ἡραν
1520 1197 1588 1241 τήν
1611 1199 1783 1251 γυναῖκα.

971 1242 1062 1299 Ζεύς
1089 1242 1128 1277 δε
1150 1241 1410 1288 α’γανακτήσας
1427 1243 1622 1289 μετέβαλεν
1644 1241 1784 1284 αὐτοῦς

966 1290 1018 1329 εἰς
1043 1288 1153 1332 ὄρνεα
1177 1292 1287 1334 χωρὶς
1323 1289 1489 1334 ἀλλήλων
1523 1290 1615 1334 (imo
1640 1288 1782 1324 anm.-

967 1334 1125 1368 solitaria
1150 1338 1236 1370 enim
1263 1337 1337 1370 avis
1361 1344 1415 1370 est.
1440 1337 1579 1378 alcedo,
1604 1348 1704 1381 quam
1729 1336 1782 1369 vi-

969 1381 1052 1414 dere
1086 1383 1293 1416 rarissimum
1329 1394 1405 1416 esse
1430 1384 1478 1416 ait
1501 1382 1589 1416 Plin.
1615 1385 1679 1422 10,
1705 1382 1782 1426 32.)

970 1429 1128 1473 βιοῦντα
1161 1435 1229 1463 etc.
1263 1448 1306 1453 —
1345 1428 1599 1470 ἀλκυόνος,
1629 1428 1784 1471 alcyonis

971 1474 1044 1507 sive
1070 1475 1254 1516 alcedinis,
1291 1476 1388 1519 cujus
1422 1476 1496 1509 avis
1528 1475 1642 1508 cantui
1675 1474 1783 1508 flebili

971 1526 1147 1564 comparat
1179 1521 1329 1555 lamenta
1360 1523 1574 1566 Marpessae.
1625 1521 1730 1554 ovid.
1759 1521 1784 1555 l.

971 1578 1001 1602 c.
1026 1567 1127 1601 ’ἴδ’-’με
1162 1568 1311 1612 dumque
1335 1569 1449 1609 volat,
1484 1572 1611 1601 moesto
1638 1567 1787 1600 similem

967 1614 1174 1657 plenumque
1203 1615 1362 1658 querelae
1396 1615 1467 1647 Ora
1495 1615 1621 1647 dedere
1651 1624 1795 1654 sonum,-v

970 1661 1067 1692 tenui
1086 1661 1296 1702 crepitantia
1316 1665 1437 1695 rostro.
1471 1659 1617 1695 Aristot.
1630 1659 1676 1693 H.
1691 1661 1732 1693 A.
1749 1661 1784 1701 8,

968 1706 1022 1738 5.·
1048 1719 1109 1739 και
1134 1705 1175 1740 τό
1203 1707 1276 1740 τῶν
1303 1703 1496 1740 αλκυόνων
1515 1704 1555 1741 δὲ
1567 1704 1671 1749 γένος
1690 1703 1786 1748 πάρ-

969 1751 1085 1793 νόρόν
1118 1750 1203 1786 ἐστι.
1260 1751 1430 1796 τυγχάνει
1463 1749 1498 1786 δ’
1537 1751 1663 1787 αὐτων
1693 1749 1785 1787 ὄντα

970 1796 1040 1831 δύο
1077 1798 1176 1852 εἴδη·
1216 1797 1284 1841 (40
1310 1810 1397 1832 nunc
1422 1801 1629 1842 noverunt.)
1664 1798 1727 1833 και
1757 1795 1782 1842 ἡ

969 1842 1036 1886 μὲν
1074 1846 1272 1899 φθέγγεται
1311 1843 1569 1886 καθιζάνουσα
1612 1843 1671 1879 ἐπὶ
1708 1857 1784 1878 των

971 1888 1166 1931 δονάκων,
1203 1888 1226 1934 ἦ
1253 1888 1290 1925 δ
1318 1890 1482 1948 ἄφωνος,
1497 1889 1598 1935 (ε’στι
1622 1888 1663 1926 δὲ
1688 1889 1785 1936 αὕτη

970 1938 1141 1991 μείζων)·
1175 1937 1218 1971 τό
1248 1936 1287 1973 δὲ
1312 1940 1430 1972 νῶτον
1457 1935 1668 1982 οἷμφότεραι
1692 1951 1784 1973 κυα-

971 1984 1064 2017 νοῦν
1100 1985 1234 2027 έχουσι.
1294 1986 1339 2017 cf.
1374 1985 1463 2018 Plin.
1486 1985 1534 2018 N.
1559 1985 1604 2018 H.
1630 1988 1696 2026 10,
1726 1985 1784 2020 32.

973 2041 1029 2073 ap.
1056 2030 1155 2062 Linn.
1184 2031 1247 2064 hoc
1272 2041 1378 2074 genus
1411 2030 1523 2064 avium
1553 2035 1700 2064 vocatur
1729 2031 1783 2063 al·-

973 2076 1054 2108 cerlo
1076 2077 1234 2119 hispida,
1260 2077 1442 2110 Germanis
1467 2077 1650 2122 Eisvogel,
1676 2076 1785 2109 Fran-

973 2122 1115 2176 cogallis
1148 2124 1298 2156 marinet
1339 2123 1499 2166 pe‘cheur.
1537 2142 1584 2147 -—
1630 2119 1782 2157 οἶτον.

972 2165 1015 2210 γ’,
1048 2168 1129 2203 417.
1177 2187 1223 2193 -
1263 2166 1407 2224 χόλον
1434 2170 1474 2202 θ.
1498 2167 1695 2204 πέσσων.
1737 2168 1782 2213 δ’,

971 2214 1050 2248 513.
1086 2233 1131 2238 -
1169 2214 1270 2250 Sch.:
1297 2212 1523 2272 αχέουσα.
1558 2196 1782 2260 λυπουμένη.
1809 2216 1811 2228 ⁴

970 2270 1162 2304 κασιγν.
1190 2260 1386 2317 φόνοιο.
1404 2280 1440 2285 -
1473 2259 1558 2296 οἷντὶ
1581 2264 1652 2298 τοῦ
1679 2273 1782 2297 κασι-

970 2308 1147 2350 γνητικοῦ
1171 2306 1312 2363 q>6vo‚v·
1339 2304 1386 2342 ου’
1408 2320 1491 2364 γαρ,
1505 2307 1557 2348 εἷς
1582 2306 1628 2353 ἧν
1647 2306 1667 2345 ὁ
1693 2307 1784 2367 οἱνῃ-
1809 2317 1811 2326 ¹

971 2352 1128 2396 ρημένος
1156 2355 1224 2410 τῆς
1262 2351 1434 2393 Ἀλθαίας
1468 2351 1651 2399 άδελφὸς,
1690 2352 1783 2391 αλλιὶ

971 2401 1140 2441 πλείους,
1156 2398 1329 2444 Ἴφικλος,
1354 2400 1618 2446 Πολυφοῖντης,
1645 2401 1783 2456 Φάνης,

974 2445 1216 2488 Εὐρύπυλος,
1253 2445 1480 2490 Πλήξιππος.
1521 2448 1591 2492 (de
1623 2447 1718 2482 hisce
1747 2460 1781 2482 v.

973 2491 1005 2524 H
1031 2493 1134 2527 obss.
1155 2493 1198 2526 ad
1215 2493 1372 2538 Apollod.
1399 2505 1433 2539 p.
1456 2494 1512 2529 46
1540 2506 1635 2550 sequ.
1683 2504 1781 2529 κασ.

974 2551 1012 2582 φ.
1047 2540 1173 2572 dictum
1199 2545 1252 2572 est
1276 2544 1316 2573 ut
1339 2543 1496 2583 γυναῖκα
1520 2538 1638 2584 μαζὸν
1663 2554 1692 2575 ω
1705 2542 1780 2582 ,58,

971 2584 1129 2641 Σκύθης
1153 2582 1261 2628 οἶμος
1292 2597 1348 2629 ap.
1382 2587 1608 2631 Aeschylum,
1645 2587 1782 2622 δοῦλον

970 2629 1099 2675 γένος,
1123 2636 1158 2665 et
1181 2642 1236 2676 ap.
1260 2631 1403 2664 Latinos
1427 2633 1567 2666 Marsus
1593 2644 1698 2677 aper,
1723 2634 1745 2666 Ιι

970 2689 1051 2711 roas
1067 2689 1194 2711 sensus.
1245 2678 1291 2711 cf.
1327 2675 1364 2719 ε’,
1391 2679 1470 2713 380.
1497 2679 1605 2723 genit.
1629 2689 1765 2713 causae.

969 2723 1302 2777 πολυφόρβην.
1333 2723 1531 2780 (epitheton
1556 2730 1686 2759 terrae.
1733 2726 1779 2760 cf.
1809 2720 1811 2732 ⁴

970 2768 1012 2812 ξ’,
1037 2772 1115 2812 200,
1134 2771 1236 2813 301.)
1257 2769 1415 2810 πολλοὺς
1432 2770 1653 2814 τρέφουσαν.
1687 2768 1780 2807 οθεν

969 2829 1000 2850 κ.
1027 2796 1262 2860 ιππόφόρβια
1285 2819 1448 2852 καλεῖται
1473 2831 1519 2852 τα
1544 2819 1682 2858 ἱππους
1701 2815 1779 2860 τρέ-

971 2875 1093 2906 φοντα
1124 2865 1250 2919 χωρία.
1297 2864 1462 2917 χερσὶν
1498 2862 1650 2900 ἀλοία.
1697 2865 1765 2899 ταῖ

968 2911 1088 2952 χερσὶν
1120 2909 1282 2965 ἔτυπτεν.
1334 2905 1427 2945 όθεν
1458 2910 1520 2945 καὶ
1553 2911 1761 2968 πατραλοία

970 2954 990 2991 ὁ
1015 2955 1081 2991 τόν
1105 2955 1248 3002 πατέρα
1272 2955 1431 2992 τύπτων.
1480 2955 1652 3002 εὔχονται
1676 2955 1718 2993 δὲ
1742 2955 1778 2993 οἱ
1801 2971 1811 3004 ς
