1811 3269
607 168 1046 209 ΙΛΙΑΔΟΣ
1117 170 1165 209 Α.

1659 171 1716 211 77

276 292 318 313 ea
340 290 379 313 re
409 277 632 312 contristatur
657 276 764 310 omnis
794 286 976 310 consessus
1009 277 1172 318 deorum3
1201 288 1288 322 quos
1319 279 1457 313 tandem
1487 280 1533 315 ad
1556 280 1714 315 hilarita-

193 329 259 359 tem
284 325 426 359 claudus
450 324 636 365 Vulcanus,
663 322 874 368 Ganymedis
898 323 1014 356 officio
1038 330 1179 369 praeter
1202 335 1328 358 morem
1352 326 1511 370 functus,
1535 330 1690 362 revocat.
1731 342 1736 347 ·

292 390 377 442 Ὡς
407 388 547 446 ἔφατ’·
579 389 769 434 ἔδδεισεν
798 388 845 433 δὲ
875 393 1043 445 βοῶπις
1072 391 1230 435 πότνια
1245 390 1378 447 Α’Ήρη,

223 449 298 491 καί
328 446 374 504 ῥ’
405 447 598 492 ακὲουσα
629 450 847 503 καθῆστο,
878 447 1188 519 ἐπιγνάμψασα
1217 450 1351 503 φίλον
1384 450 1491 504 κῆρ·

110 511 193 551 570
224 504 435 576 (ὄχθησαν
466 503 511 547 δ’

557 503 645 547 οἶνοι
674 506 799 560 δῶμα
827 502 938 553 Διὸς
967 505 1066 547 θεοὶ
1098 503 1378 558 οὐρανίωνες.

220 567 362 605 τοῖσιν
393 560 435 605 δ’
454 561 701 620 ’Ήφαιστος
729 559 1014 615 κλυτοτέχνης
1041 559 1145 616 ἦρχ’
1178 560 1418 615 ἀγορεύειν,

211 618 341 676 μητρὶ
371 620 478 674 φίλη
510 618 576 661 ἐπὶ
606 621 694 673 ἠρα
725 616 895 685 φέρων,
935 618 1188 660 λευκωλένω
1207 618 1346 689 Ἥρη·

301 677 384 727 ,Η
409 676 460 730 δὴ
492 677 636 730 λοίγια
667 674 770 729 ἔργα
807 672 906 716 τάδ’
941 673 1128 725 ἔσσεται,
1163 662 1272 717 οὐδ’
1306 673 1367 718 ἐτ’
1399 672 1570 726 ἀνεκτοὶ,

221 732 258 774 εἰ
288 708 341 787 δή
373 731 471 787 σφω
495 731 629 775 ἕνεκα
659 734 842 800 θνητῶν
868 729 1137 783 ἐριδαίνετον
1173 732 1271 779 ὦδε,

97 791 179 833 575
210 787 258 831 ἐν
288 788 335 831 δὲ
364 793 508 831 θεοῖσι
536 787 708 841 κολῳὸν
738 785 993 830 ἐλαύνετον·
1039 786 1141 830 οὐδέ
1176 804 1218 829 τι
1256 786 1402 838 δαιτὸς

218 844 380 901 ἐσθλῆς
412 845 580 888 ἔσσεται
610 844 740 901 ἦδος,
770 843 858 887 ἐπεὶ
889 843 940 887 τά
971 845 1173 900 χερείονα
1202 847 1317 900 νικᾷ.

48 974 84 1002 et
107 969 152 1002 Η.
176 987 220 995 -
245 969 401 1030 ἐφείω,
426 969 537 1021 ἐφέω,
562 970 657 1015 ἔφῶ,
683 972 726 1005 ab
748 969 855 1015 ε’φίη-

48 1026 101 1057 ιιι.
132 1016 215 1050 Sch.
242 1015 446 1074 ἐπιβάλλω,
473 1018 662 1063 επενέγκω.
709 1019 855 1052 verbera

47 1061 217 1103 minatur,
252 1068 291 1098 ut
326 1063 368 1107 o',
403 1065 458 1100 17.
495 1065 575 1107 (καί
611 1076 648 1099 σε
675 1065 855 1110 πληγῇσιν

46 1105 232 1162 ἱμάσσω),
258 1110 314 1143 vel
337 1110 544 1144 severiorem
570 1112 671 1145 etiam
696 1122 851 1166 poenam,

47 1154 141 1198 quali
161 1155 230 1199 jam
249 1156 326 1190 olim
349 1168 422 1190 eam
447 1157 623 1190 affec erat
649 1169 680 1191 v.
708 1156 750 1198 o',
771 1169 804 1191 v
831 1158 852 1190 l.

45 1205 81 1234 et
105 1200 148 1233 cs
173 1202 253 1242 581,
279 1203 348 1237 588
367 1214 487 1260 seqq„
513 1201 553 1246 ξ’,
577 1205 657 1240 257.
678 1214 782 1259 sequ.

91 1248 171 1282 569.
196 1245 342 1303 ἐπιγν
379 1248 620 1305 ἐπικάμψασα
643 1248 711 1295 τήν
737 1247 853 1292 αὐτῆς

44 1292 190 1336 ψυχὴν,
217 1290 239 1328 ό
263 1300 337 1329 ἐστι
360 1293 570 1338 πραΰνασα.
600 1297 681 1329 Sch.
726 1297 778 1329 E:
806 1315 853 1321 -—

0 1358 1 1368 ι
17 1347 22 1351 ’
45 1337 185 1383 λέγεται
205 1339 246 1375 δέ
264 1354 319 1381 τις
337 1342 397 1376 καὶ
423 1340 533 1376 ἄλλον
552 1341 742 1385 κάμπτειν,
767 1341 853 1385 ἤτοι

43 1387 214 1427 πείθειν,
247 1386 437 1444 μετάγειν,
473 1402 522 1429 ως
545 1388 588 1422 τό
622 1387 852 1432 ἐπέγναμ-

43 1438 134 1475 ’ψεν
157 1430 244 1477 γάρ
282 1431 502 1488 ἅπαν-’τας
538 1432 665 1479 (Ἡρη
696 1438 852 1469 λισσο-

43 1476 164 1521 μένη
199 1479 244 1526 β’,
274 1479 357 1524 14).
402 1481 455 1513 sic
483 1480 604 1523 Latini
640 1482 755 1515 sicunt
781 1483 851 1525 fle-

42 1529 135 1558 ctere
159 1527 332 1566 animum,
359 1529 396 1559 ut
419 1526 451 1558 K
476 1523 674 1583 ann‘otsavit'
753 1550 756 1553 Δ

87 1571 168 1605 570
195 1569 303 1614 ὤχθ.
325 1554 408 1607 517.
446 1592 491 1597 ——
532 1572 629 1616 0²³9-
666 1570 848 1615 οὐράνιοι,

41 1627 109 1650 non
134 1616 230 1651 Coeli
255 1618 342 1658 filii,
375 1618 542 1660 Titanes,
573 1625 610 1651 ut
637 1618 675 1660 ε’,
700 1620 779 1654 898.
814 1623 850 1651 et

41 1661 154 1707 hymni
178 1663 214 1697 in
230 1665 405 1705 Cererem,
430 1665 521 1708 (uod
542 1666 746 1699 recentioris
768 1668 851 1710 poe-

43 1711 101 1743 tae
125 1721 211 1754 opus
237 1715 303 1752 est,
328 1709 407 1744 409.
433 1711 489 1744 Ex
514 1712 573 1745 w.
596 1719 631 1745 et
657 1711 702 1745 U.
747 1712 848 1745 Sch.:

32 1760 139 1797 ουρ.
175 1756 212 1790 οἱ
238 1756 277 1792 ἐν
303 1754 452 1803 οὐρανῷ
484 1759 756 1800 κατοικοῦντες.

87 1812 168 1846 571.
194 1817 318 1848 κλυτ.
354 1811 373 1850 ὁ
399 1814 480 1859 περὶ
514 1814 591 1868 τὴν
611 1814 849 1860 χαλκευτικήν

43 1854 205 1901 ἔνδοξος.
224 1861 305 1895 Sch.
330 1867 412 1895 nota
430 1860 739 1915 ἡφαιστρτευκτα,
761 1875 846 1907 quo-

41 1915 115 1937 rum
141 1905 363 1941 celeberrima
397 1909 613 1941 enumeravit
651 1909 748 1942 Voss.
775 1921 849 1951 my-

40 1950 123 1984 thol.
149 1952 210 1985 ΒΓ.
236 1955 267 1987 1.
293 1965 326 1997 p.
356 1954 432 1988 186.
458 1966 553 1999 seqq.
589 1954 681 1998 ipsas
709 1955 847 1988 ‹leorum

42 1996 159 2038 aedes,
195 2008 320 2032 aeneas
345 1999 475 2041 dictas,
501 1999 701 2033 aedificavit
723 2001 848 2033 Vulca-

41 2053 123 2076 ιιιι5·
157 2055 190 2077 ν.
225 2043 304 2085 426,
337 2047 406 2080 606
429 2057 528 2091 seqq.
543 2071 551 2089 ,
577 2045 619 2087 σ’,
644 2047 712 2081 369
737 2058 848 2091 seqq„

42 2088 171 2132 0dyss,
195 2087 247 2132 θ’,
271 2091 340 2126 268
365 2097 430 2126 etc.

84 2135 165 2169 572.
197 2116 306 2171 §⁷2³2
281 2151 353 2181 ηρα
386 2143 421 2171 et
445 2137 500 2171 hic
525 2143 560 2171 et
589 2139 669 2173 578.
700 2138 848 2183 scripsi-

37 2191 112 2213 mus
136 2192 198 2225 pro
222 2183 362 2227 vulgato
387 2183 429 2218 s'n
417 2187 531 2230 ιίηρα,
558 2185 762 2218 Buttmanno
782 2196 846 2218 au-

39 2226 228 2262 scultantes
255 2230 362 2264 Lexil.
387 2231 413 2264 Ι.
475 2229 587 2265 .149.
611 2241 733 2276 seqq„
769 2243 845 2265 cum

37 2267 113 2331 ἤρα
143 2275 317 2318 φέροντες
342 2278 480 2321 legatur
513 2275 555 2318 5',
583 2279 683 2319 132,
709 2275 773 2312 ἐπ’
803 2297 840 2302 -

38 2316 113 2364 ἤρα
137 2320 260 2365 φέρων
285 2327 398 2356 autem
418 2323 473 2357 vel
492 2321 683 2367 φέρουσιν,
710 2325 844 2367 φέρον-

38 2379 110 2407 τες,
133 2379 195 2411 per
217 2369 339 2402 tmesin
365 2369 493 2414 Odyss.
517 2368 560 2412 γ’,
587 2370 667 2411 164,
691 2369 740 2407 π’
759 2371 841 2411 375,

40 2410 84 2469 σ’,
108 2414 186 2456 56.‚
219 2420 383 2460 recteque
409 2421 562 2471 sumatur
592 2417 842 2450 substantivum

37 2437 98 2503 ἢρ,
123 2439 213 2494 unde
234 2472 345 2495 accus.
365 2461 459 2515 sing.
485 2461 560 2506 ἠρα
585 2463 637 2505 (v.
655 2463 842 2497 Herodian.

38 2516 95 2550 ap.
120 2505 205 2551 Ε.)
239 2506 393 2552 quamvis
416 2508 637 2551 inusitatum,
671 2520 739 2543 non
762 2509 845 2543 item

37 2549 156 2596 ἐπίηρ.
204 2553 270 2586 huc
303 2553 460 2596 accedit,
491 2555 585 2598 quod
622 2555 847 2600 praepositio,

38 2608 126 2642 quae
143 2609 209 2632 non
222 2598 316 2643 regit
336 2611 460 2642 casum,
472 2601 656 2634 referenda
671 2606 725 2635 est
743 2612 844 2636 sensu

39 2643 194 2678 adverbii
211 2644 255 2678 ad
273 2646 413 2679 verbum
429 2650 606 2691 totamque
625 2647 842 2688 sententiam,

36 2687 155 2734 itaque
177 2691 199 2726 3
222 2690 292 2724 illis
315 2691 400 2725 locis
419 2692 601 2748 Odysseae
617 2694 842 2738 cogitandum

37 2738 92 2768 est
119 2733 324 2781 ἐπιφέρων,
358 2736 616 2782 ἐπιφέρουσιν,
639 2737 841 2782 ἐπιφέρον-

35 2792 107 2820 τες,
130 2792 198 2816 non
225 2781 381 2826 ἐπίηρα,
415 2785 506 2829 quod
534 2785 664 2829 placuit
688 2785 842 2819 Aristar-

36 2826 101 2860 cho
126 2831 161 2860 et
179 2829 438 2870 recentioribus,
463 2831 745 2875 quemadmodum
763 2829 842 2866 ἐπί-

34 2875 181 2914 κλοπος,
205 2872 374 2929 ἐπίορκος
398 2881 434 2909 et
457 2876 580 2910 similia
603 2878 778 2918 dicuntur,
802 2877 840 2911 in

35 2918 157 2963 quibus
174 2917 353 2974 ἐπιήρανα
377 2922 525 2966 (odyss.
545 2921 589 2963 τ’,
607 2923 722 2966 343.,)
747 2923 839 2968 quod

13 2965 214 3008 ,praetendi
239 2978 304 3001 non
327 2979 428 3013 posse
451 2970 503 3016 τῷ
527 2948 662 3014 ἐπίηρα
686 2970 839 3003 ostendit

31 3010 268 3049 Buttmannus.
331 3018 369 3049 at
398 3004 588 3061 ἐπιφέρειν
619 3015 838 3050 Homericum

1358 901 1383 926 κ’

904 980 979 1004 esse
1004 970 1142 1011 vocab„
1170 973 1204 1004 et
1229 969 1298 1002 dici
1323 979 1425 1013 posse
1448 968 1554 1012 χάριν
1579 966 1689 1012 ε’πιφε
1677 968 1710 995 '-

901 1028 980 1059 ρειν
1005 1028 1066 1060 pro
1096 1016 1235 1059 φέρειν,
1259 1020 1386 1059 negant
1412 1015 1572 1048 nonnulli.
1620 1015 1710 1048 male

901 1062 1058 1117 quidem,
1091 1074 1164 1096 cum
1197 1061 1251 1103 θ’,
1281 1063 1360 1117 516
1393 1060 1529 1105 legatur
1566 1061 1710 1103 Τρωσὶν

898 1108 946 1151 ἐφ
1012 1108 1256 1152 ἱπποδάμοισι
1308 1107 1450 1163 φέρων
1469 1105 1709 1152 πολύδακρυν

900 1153 1018 1213 ἄρηα,
1061 1155 1238 1200 simileque
1280 1154 1326 1188 sit
1367 1150 1477 1205 ὀργὰς
1517 1153 1626 1197 ἐπιφε
1622 1154 1708 1198 ’ρειν

900 1204 973 1235 τινὶ
1003 1213 1064 1256 ap.
1099 1201 1211 1235 Thuc.
1252 1202 1290 1241 S,
1316 1201 1395 1241 83.,
1432 1200 1491 1234 ε’πι
1527 1206 1637 1234 autem
1671 1201 1707 1234 iu

898 1246 1088 1293 ἐπιφέρειν
1120 1248 1165 1281 ad
1197 1247 1403 1303 pingendam
1436 1246 1600 1280 actionem
1626 1258 1707 1305 per-

898 1294 1010 1328 tinere
1034 1294 1214 1334 videatur,
1250 1298 1289 1326 ut
1323 1294 1356 1325 in
1382 1292 1604 1336 ἐπαμυνειν,
1638 1292 1706 1328 ἐπ·-

900 1339 1061 1383 αρήγειν.
1111 1340 1288 1373 invenitur
1321 1345 1433 1385 tamen
1466 1338 1616 1384 ἑπιήρος
1649 1351 1706 1384 ap.

899 1387 1054 1420 Leschen
1094 1386 1237 1428 (Tzetz.
1283 1385 1325 1418 ad
1348 1382 1530 1438 LJcoplir.
1572 1388 1705 1430 1263),

899 1431 1142 1477 Empedoclem
1178 1431 1342 1474 (Aristot.
1377 1433 1420 1463 ‹le
1445 1432 1554 1465 anima
1580 1436 1611 1475 1,
1639 1433 1705 1476 5.),

898 1477 1103 1522 Sophoclem
1130 1477 1238 1520 (Oed.
1263 1477 1308 1510 R.
1331 1475 1465 1521 1040),
1488 1479 1705 1522 Apollonium

897 1524 1007 1557 Rhod.
1034 1523 1086 1565 (4,
1108 1524 1227 1567 375.);
1252 1523 1312 1556 sed
1337 1524 1542 1566 adjectivum
1569 1529 1623 1558 est
1646 1536 1703 1569 ap.

897 1570 958 1602 hos
983 1569 1196 1613 scriptores,
1230 1581 1293 1601 nec
1328 1580 1369 1601 eo
1402 1582 1441 1602 co
1512 1570 1549 1607 “
1588 1576 1706 1624 potest

897 1615 1115 1649 Homericum
1140 1614 1224 1648 illud
1246 1610 1319 1659 ἦρα
1347 1611 1388 1656 5',
1415 1570 1549 1651 llige*
1519 1622 1572 1649 est
1597 1616 1705 1660 igitur

897 1657 971 1706 ἦρα
1005 1659 1132 1715 φέρειν
1163 1661 1237 1694 sive
1277 1660 1464 1705 επιφέρειν
1498 1661 1571 1697 τινὶ
1614 1663 1705 1697 idem

897 1707 987 1752 quod
1012 1707 1119 1752 χάριν
1144 1706 1270 1751 φέρειν
1293 1708 1384 1748 τινὶ,
1417 1713 1562 1752 gratum
1579 1712 1704 1752 sacere

896 1755 1022 1793 alicui3
1066 1754 1210 1799 proprie
1252 1760 1364 1787 autem
1404 1754 1579 1797 significat
1603 1758 1705 1797 serre

895 1800 951 1834 vel
975 1801 1102 1844 afferre
1126 1800 1251 1841 alicui,
1274 1801 1365 1856 quod
1387 1806 1508 1848 aptum
1533 1806 1581 1834 est
1606 1803 1704 1846 eique

895 1848 1076 1891 congruit,
1101 1846 1267 1901 siquidem
1292 1843 1338 1899 ἦρ
1366 1847 1420 1879 vel
1445 1849 1518 1891 ηρα
1543 1847 1704 1881 derivan-

895 1894 973 1926 dum
1009 1898 1063 1926 est
1095 1894 1137 1926 ab
1171 1888 1271 1935 άρω,
1305 1891 1457 1936 ἀρέσκω.
1494 1913 1536 1917 -
1580 1898 1702 1929 λευκ.

883 1935 1009 1985 ’Ἡρη
1043 1938 1101 1972 alii
1127 1951 1181 1984 ap.
1207 1940 1321 1973 Schol.
1348 1940 1390 1974 B.
1413 1940 1499 1974 Ven.
1523 1945 1559 1973 et
1583 1941 1700 1986 Lips.:

894 1984 1085 2030 τετιημένῃ
1122 1985 1233 2029 ἠτορ,
1266 1997 1354 2029 quae
1388 1986 1479 2019 haud
1511 1986 1616 2021 dubie
1647 1991 1702 2021 est

893 2033 1062 2065 correctio
1097 2032 1191 2087 ejus,
1237 2031 1297 2075 qui
1339 2031 1476 2076 saepius
1515 2033 1701 2077 repetitum

892 2075 1135 2117 λευκώλενος
1135 2074 1223 2122 Ἡρη
1252 2077 1342 2111 haud
1365 2086 1606 2133 concoqueret.

939 2126 1018 2159 575.
1046 2127 1140 2158 κολ.
1165 2127 1248 2181 Ap.:
1274 2123 1433 2170 κολῳός·
1458 2123 1635 2171 θόρυβος.
1675 2122 1698 2171 ἡ

891 2169 1087 2214 μεταφορὰ
1112 2169 1187 2205 ἀπὸ
1221 2171 1296 2205 τῶν
1319 2171 1497 2205 κολοιων·
1529 2174 1581 2207 θο
1586 2173 1700 2219 ρυβη-

891 2216 994 2252 τικὸν
1018 2217 1088 2262 γὰρ
1108 2215 1148 2252 τὸ
1176 2217 1282 2258 ζῶον.
1307 2218 1352 2250 cf.
1365 2218 1446 2250 Sch.
1466 2223 1503 2251 et
1522 2219 1564 2254 E.
1589 2225 1697 2261 recte,

891 2265 926 2297 ni
960 2264 1082 2305 fallor,
1117 2264 1250 2297 Buttm.
1283 2263 1393 2299 Leaeil.
1428 2263 1456 2296 I.
1493 2275 1525 2309 p.
1562 2267 1639 2300 159.
1676 2277 1699 2299 a

889 2309 1019 2352 καλέω,
1044 2289 1147 2351 κέλω,
1172 2309 1334 2352 κέλομαι,
1360 2315 1396 2343 et
1412 2311 1615 2345 vocabulum
1633 2323 1692 2346 κο-

888 2355 995 2401 λῳὸς,
1030 2358 1214 2399 strcpitus,
1240 2356 1400 2397 derivat,
1435 2357 1526 2389 unde
1553 2358 1698 2403 κολῳᾷν

889 2403 934 2449 β’,
958 2404 1059 2442 212,
1085 2408 1122 2436 et
1146 2414 1266 2436 nomen
1290 2402 1364 2436 avis
1388 2401 1550 2443 nazonis:
1586 2415 1698 2461 neque

892 2449 980 2484 enim
1006 2449 1150 2483 alterum
1174 2450 1216 2483 ab
1236 2449 1344 2483 altero
1368 2447 1448 2482 duci
1469 2454 1583 2494 potest
1607 2448 1697 2485 οἰνα-

893 2496 1056 2539 λογικῶς.
1100 2495 1277 2539 Hesych.:
1309 2494 1457 2540 κολοιή·
1501 2495 1619 2541 φωνή.
1650 2516 1697 2521 -

893 2540 1166 2577 ἐλαυνετον.
1192 2543 1396 2599 διεγείρετε.
1433 2561 1478 2566 -
1513 2542 1597 2576 sch.
1641 2543 1694 2576 Ε.

893 2587 976 2624 ἀντὶ
995 2590 1063 2624 τοῦ
1083 2587 1288 2630 ἐπιτείνετε,
1302 2586 1376 2623 α’πὸ
1396 2599 1611 2642 μεταφορας
1627 2589 1697 2624 τοῦ

891 2634 1139 2680 ἐλαυνομένου
1173 2635 1291 2670 ιππου
1318 2630 1343 2680 ἢ
1367 2633 1534 2678 σιδήρου.

934 2694 1014 2729 576.
1049 2690 1160 2739 ἡδος.
1193 2705 1261 2729 non
1286 2688 1398 2738 ἦδος,
1433 2693 1537 2727 Eton.
1550 2717 1561 2734 ‚
1594 2692 1694 2733 Ven.,

889 2739 957 2781 W,
982 2741 1049 2780 Η.,
1083 2739 1218 2782 Ionioe,
1253 2739 1438 2774 secundum
1462 2738 1694 2772 Herodianum

887 2782 927 2819 ἐν
950 2787 996 2831 τῇ
1014 2765 1146 2832 Ἰλιακῇ
1165 2787 1371 2832 προσῳδίᾳ,
1395 2790 1436 2819 ut
1451 2786 1562 2818 refert
1577 2783 1692 2818 Schol.

886 2833 927 2865 A.
953 2834 998 2866 cf.
1021 2833 1066 2866 H.
1091 2839 1127 2866 et
1143 2832 1247 2866 Schn.
1267 2845 1302 2866 v.
1322 2822 1414 2868 ἅδω.
1463 2823 1565 2864 scih:
1589 2824 1692 2873 ἦδος.

887 2874 1026 2923 ἡδονή,
1063 2876 1233 2922 ω’φέλεια.
1264 2898 1312 2904 -
1353 2877 1406 2912 τά
1438 2889 1527 2922 χ..ερ
1558 2877 1689 2931 pejora,

884 2923 918 2957 h.
943 2937 974 2958 e.
997 2925 1106 2967 mala,
1130 2925 1240 2967 rixae,
1266 2925 1319 2959 dis
1342 2923 1471 2958 ordiae.
1496 2920 1623 2966 Odyss.
1645 2919 1689 2964 σ’,

883 2972 986 3026 229.,
1021 2975 1209 3012 annotante
1240 2972 1294 3005 K.
1327 2968 1444 3006 εσθλά
1476 2980 1516 3002 τε
1547 2967 1611 3002 καὶ
1641 2981 1688 3003 τα

882 3015 1015 3061 χέρεια.
1037 3018 1124 3052 haec
1138 3017 1220 3052 item
1237 3017 1402 3062 leguntur
1411 3015 1539 3059 odyss
1552 3011 1595 3055 σ’,
1605 3011 1684 3051 403.

1773 1754 1799 1782 ἱ
