1811 3269
596 148 1030 191 ΙΛΙΑΔΟΣ
1085 148 1136 189 Β,

1625 147 1711 188 129

209 261 444 331 Κήρινθόν
471 258 516 305 τ’
547 260 737 317 ἔφαλον,
770 261 888 307 Δίου
918 257 958 303 τ’
990 258 1097 303 αἶπύ
1127 257 1406 310 πτολίεθρον,

210 323 327 365 οἵτε
357 317 595 390 Κάρυστον
624 319 749 390 ἔχον,
778 316 854 375 ἠδ’
885 320 928 360 οἰ
957 316 1112 371 Στύρα
1140 314 1445 366 ναιετάασκον,

93 381 179 426 540
206 381 295 422 τῶν
325 374 439 420 αὖθ’
467 374 692 447 ἡγεμόνευ’
721 373 994 447 Ἐλεφήνωρ,
1027 372 1125 426 ὄζος
1142 371 1318 441 Ἄρηος,

206 432 624 506 Χαλκωδοντιάδης,
655 432 924 490 μεγαθύμων
953 428 1089 502 ἀρχὸς
1114 428 1359 497 Ἀβάντων·

203 495 267 547 τῷ
298 488 341 535 δ’
371 489 451 545 ἅμ’
472 488 682 546 ’Ἄβαντες
713 491 871 534 ἕποντο
901 489 1026 536 θοοὶ,
1058 486 1218 531 ὄπιθεν
1246 484 1508 543 κομόωντες,

206 548 428 604 αἰχμηταὶ,
458 552 680 603 μεμαῶτες
709 546 942 617 ὀρεκτῃσιν
972 545 1172 613 μελίησιν

206 605 417 677 θώρηκας
447 605 596 661 ῥήξειν
625 608 762 661 δηΐων
791 603 905 661 αμφὶ
937 600 1183 658 στήθεσσιν,

94 665 178 709 545
207 666 270 719 τῷ
299 660 341 706 δ’
376 663 465 716 αμα
496 662 824 715 τεσσαράκοντα
852 662 1070 731 μέλαιναι
1079 662 1183 714 νῆες
1213 654 1388 699 ἕποντο.

293 722 349 762 Οἳ
381 717 425 762 δ’
454 717 529 774 α’ρ’
555 716 748 777 Ἀθήνας
777 724 917 789 εἰχον,
950 717 1216 787 ἐϋκτίμενον
1238 715 1518 783 πτολίεθρον,

209 777 353 833 δῆμον
376 775 609 833 Ἐρεχθῆος
636 775 959 834 μεγαλήτορος,
991 772 1045 817 ὅν
1071 770 1174 817 ποτ’
1204 769 1366 828 Ἀθήνη

38 902 96 926 res
124 891 262 925 Chalcis
287 895 322 925 et
348 891 513 932 Eretria‚·
543 891 613 925 ista
634 889 770 936 quidem
795 902 854 925 co—

38 938 203 972 loniarum
228 948 366 971 numero
392 944 428 971 et
450 937 619 971 institutis
654 938 705 981 (v.
724 937 854 981 Opusc.

40 984 108 1018 vol.
130 985 165 1019 2.
191 995 225 1028 p.
249 985 371 1028 266.);
406 984 492 1017 haec
516 983 636 1017 schola
659 982 854 1017 Eretriensi

40 1042 63 1064 a
80 1030 280 1063 Menedemo
304 1029 457 1064 condita.
491 1029 622 1074 (etiam
648 1029 853 1063 Aristoteles

40 1075 209 1110 Chalcide
233 1075 322 1110 vixit
346 1081 381 1109 et
405 1076 496 1109 diem
524 1076 622 1111 obiit.
656 1076 776 1110 Strab.
796 1078 854 1117 10,

41 1125 72 1158 1.
99 1122 184 1166 Ed.)
218 1122 382 1155 Histiaea
407 1127 530 1166 postea
555 1123 668 1155 Oreus
693 1122 782 1163 fuit,
816 1123 853 1155 in

39 1172 195 1202 extrema
210 1167 343 1201 insulae
354 1173 452 1222 parte
464 1168 622 1202 borealif
627 1169 695 1201 ‘.H
717 1169 852 1213 Steph.:

35 1212 176 1257 ᾮρεός,
200 1213 310 1256 πόλις
323 1210 502 1260 Ενβοίας.
518 1235 563 1239 -
587 1226 655 1248 vox
676 1211 853 1249 Ιστίαιαν

40 1275 56 1296 ι
79 1260 191 1294 medio
217 1260 430 1305 liquescente
455 1262 674 1305 (Ilistjaian)
703 1273 853 1317 pronun-

39 1306 160 1341 tianda
193 1312 268 1348 est,
304 1312 342 1340 ut
376 1307 486 1341 altero
519 1307 554 1341 in
587 1309 803 1363 Αἰγυπτίας
817 1304 854 1350 ι’,

39 1355 122 1389 382.
159 1353 204 1388 cf.
230 1331 300 1387 T'h.
327 1365 361 1398 p
390 1355 469 1389 180.
504 1358 540 1387 et
562 1350 784 1389 Iotlmavet
795 1350 856 1388 Ε-

41 1402 190 1435 στίαιαν
225 1400 331 1433 habet
362 1399 485 1444 Steph.
516 1400 601 1445 Byz.
649 1405 853 1448 πολυστ,

41 1449 228 1480 annotante
252 1447 312 1487 Κ,
336 1450 376 1479 ut
401 1446 581 1499 Theognis
607 1448 707 1483 782·
732 1443 854 1491 ἦλθον

39 1488 85 1528 6'
104 1490 272 1538 Ευβοίης
291 1489 475 1534 ἄμπελόεν
492 1494 635 1527 πεδίον.
661 1494 706 1527 cf.
729 1493 853 1538 Eurip.

40 1539 159 1573 Schol.
192 1539 236 1572 ad
268 1538 402 1572 Phuen.
435 1538 517 1573 235.
555 1544 592 1573 et
627 1539 674 1572 ibi
708 1539 852 1580 V.;alck

38 1586 122 1620 item
146 1589 311 1618 annotata
336 1584 380 1618 de
411 1584 574 1628 Carysto.
595 1596 630 1617 v.
650 1596 750 1630 sequ.

87 1632 169 1667 538.
220 1631 402 1665 Corinthus
451 1631 494 1665 ad
543 1631 643 1665 littus
684 1631 853 1666 orientale

39 1678 132 1722 (imo
166 1677 320 1712 boreale.
352 1677 425 1721 U.)
460 1678 549 1711 sita.
581 1678 708 1712 Strabo
737 1682 792 1714 10.
819 1689 852 1722 p.

38 1723 128 1766 684,
153 1724 193 1758 Β.
248 1724 354 1757 Dium
388 1724 483 1757 circa
514 1724 667 1759 Oreum.
700 1724 784 1758 ibid.
811 1728 852 1758 A.

39 1750 222 1826 epitheton
247 1767 366 1806 αἰπύ
392 1770 570 1811 declarat,
604 1771 638 1804 in
672 1771 742 1805 alto
776 1771 853 1805 loco

40 1818 143 1853 sitam
167 1815 285 1851 fuisse.
323 1814 458 1860 (ἄκρον
483 1821 587 1851 vocat
611 1818 700 1852 Ptol.
725 1818 852 1851 Strabo

38 1861 224 1900 1.ο.ἒ’στι
248 1861 289 1898 δε
313 1865 367 1909 τῷ
384 1861 495 1908 Ὠρεῷ
513 1862 635 1922 τούτῳ
659 1863 703 1899 τό
721 1877 759 1899 τε
777 1861 854 1908 Κή-

38 1922 151 1947 ναιον
173 1910 351 1954 πλησίον,
373 1911 436 1945 καὶ
462 1909 523 1945 ἐπ’
551 1908 656 1957 αὐτῷ
685 1908 727 1947 τὸ
757 1915 854 1946 Δῖον

40 1957 136 2000 etc.)
183 1956 349 1999 Carystus
381 1968 402 1990 a
436 1967 605 1990 marmore
637 1961 672 1991 et
707 1957 856 1992 amianto

41 2002 165 2048 (etiam
199 2002 293 2036 vino.
326 2003 412 2043 Ed)
457 2003 581 2036 nobilis
618 2003 679 2046 (in
712 2002 857 2038 australi

41 2054 142 2096 parte
175 2047 329 2083 insulae:
376 2049 505 2085 Cellar.
540 2061 573 2094 p.
598 2051 700 2085 1252.
734 2051 857 2094 Ed.).

39 2095 125 2132 ibid.
150 2094 204 2138 Β.,
233 2095 357 2140 Steph.
382 2095 434 2141 By
429 2107 469 2131 Ζ.
494 2096 528 2129 1ι.
549 2108 581 2129 v.
594 2099 785 2140 —Styra,
809 2095 857 2130 τοὶ

40 2140 195 2186 Στύρα,
218 2141 334 2175 vicina
353 2109 524 2187 Carysto:
549 2154 581 2175 v.
602 2142 686 2177 ibid.
706 2143 751 2179 H.
778 2143 857 2188 plu-

40 2202 82 2225 ra
105 2190 207 2223 Hom.
231 2187 314 2223 alibi
337 2194 579 2224 commemorat
598 2189 730 2223 insulae
755 2190 857 2233 hujus

41 2237 140 2277 loca,
182 2233 281 2269 velut
319 2235 438 2280 Aegas
469 2232 523 2277 θ’,
556 2236 637 2271 203.
649 2260 660 2278 ,
703 2234 750 2279 ν’,
783 2239 855 2277 21.,

42 2282 173 2327 Odyss.
202 2279 242 2323 ε’,
274 2281 380 2324 381.,
420 2282 652 2324 Geraestum,
697 2261 856 2328 Neptuni

41 2328 180 2374 templis
220 2327 349 2362 clarum
392 2333 601 2372 utrumque,
647 2329 858 2363 Geraestum

41 2375 145 2411 etiam
178 2378 280 2419 portu
313 2374 462 2418 (Odyss.
486 2373 529 2420 γ’,
555 2376 633 2411 177.
658 2377 797 2421 sequ.)‚
822 2379 858 2410 et

44 2421 246 2457 Oechaliam
270 2422 364 2464 596,
388 2422 469 2458 730

87 2468 169 2503 540.
219 2465 324 2509 &309⁹
323 2464 452 2513 Αρηος
476 2466 615 2513 antiquo
634 2479 789 2502 sermone
805 2468 860 2501 vir

37 2515 145 2568 fortis
166 2517 238 2555 est,
263 2518 305 2548 ut
329 2515 431 2556 663,
455 2515 536 2550 704.
570 2520 606 2548 et
639 2514 745 2548 alias·
780 2526 857 2548 nam

44 2560 136 2596 filius
160 2559 299 2605 quidem
324 2560 524 2605 Elephenor
558 2572 625 2595 non
649 2560 773 2595 Martis
797 2573 859 2595 vo-

46 2611 168 2648 catur,
201 2607 264 2640 sed
289 2573 561 2650 Chalcodontis;
592 2608 655 2642 sed
689 2607 859 2652 permixta

45 2653 132 2686 haec
156 2653 255 2686 fuere
291 2664 558 2698 nonnunquam,
593 2661 630 2688 ut
654 2653 688 2687 H
713 2660 859 2687 annota-

46 2697 119 2740 vit,
144 2702 181 2732 et
203 2697 238 2732 in
262 2699 400 2734 fabulas
425 2699 564 2740 abiere,
600 2700 698 2734 velut
722 2699 859 2733 Actoris

46 2744 196 2832 ΞιΙίοἷὲιὸιι
228 2755 338 2788 genus
381 2746 427 2781 ad
466 2747 667 2793 Neptunum
706 2746 860 2780 refertur

94 2834 176 2871 541.
227 2835 494 2871 Chalcodontem
526 2837 621 2872 illum
655 2837 861 2882 Amphitruo

0 2897 3 2914 ι
49 2881 227 2916 interfecit
269 2881 304 2915 in
345 2884 474 2928 proelio
508 2885 753 2918 Thebanorum
786 2895 862 2918 cum

49 2927 330 2970 Euboeensibus‚
355 2930 529 2965 Pausania
553 2934 644 2965 teste
668 2934 712 2972 9,
740 2932 795 2966 19.

94 2977 176 3015 542.
222 2978 363 3021 θοοὶ,
387 2982 531 3024 celeres,
559 2993 674 3021 acres,
698 2992 766 3015 non
783 2983 863 3024 sor-

0 3028 9 3036 *
49 3029 102 3059 tes
117 3024 321 3069 generatim,
345 3028 384 3060 ut
401 3026 516 3073 placet
532 3028 740 3063 Buttmanno
752 3028 862 3063 Leoeil.

92 3081 236 3118 Houssn.
260 3081 289 3117 I.

900 888 948 931 Π,
974 887 1032 929 74,
1061 887 1117 929 3.,
1149 884 1211 920 ubi
1221 883 1311 940 agit
1333 884 1376 918 de
1409 883 1463 916 his
1488 886 1525 916 et
1545 882 1714 939 similibus

900 934 1045 970 Ηοιιιειὶ
1083 911 1169 967 l6cis
1204 928 1243 973 ε’,
1268 932 1360 971 430,
1398 930 1491 971 536,
1532 931 1624 971 571,
1663 944 1714 970 π,

901 981 1002 1017 496.
992 1006 1002 1022 ,
1039 980 1131 1025 quod
1167 991 1209 1013 eo
1243 977 1352 1021 magis
1376 976 1531 1017 mireris,
1558 988 1626 1021 quo
1651 977 1715 1010 mi-

901 1039 966 1061 nus
990 1027 1080 1071 fugit
1104 1026 1214 1060 virum
1245 1023 1524 1078 sagacissimum,
1548 1034 1616 1056 non
1640 1035 1714 1056 mo·-

901 1075 944 1108 do
969 1072 1145 1117 corporis,
1178 1070 1240 1105 sed
1273 1070 1376 1104 etiam
1408 1068 1531 1102 mentis
1561 1069 1715 1102 consilii·-

900 1132 968 1166 que
994 1120 1227 1158 celeritatem,
1252 1128 1312 1151 seu
1339 1117 1426 1149 bono
1447 1127 1508 1149 seu
1529 1116 1617 1149 malo
1636 1127 1716 1150 sen—

899 1178 960 1208 su,
985 1177 1013 1199 st
1004 1165 1177 1210 gnificari
1202 1164 1266 1197 hoc
1291 1161 1485 1203 vocabulo,
1516 1167 1554 1196 ut
1577 1173 1716 1206 germa-

899 1212 976 1247 nico
1001 1212 1114 1245 rasch.
1137 1232 1184 1236 —
1208 1210 1310 1244 Sch.:
1334 1205 1404 1244 ὄπ.
1427 1220 1534 1252 κομ.
1559 1208 1606 1243 τοὶ
1627 1207 1715 1243 ὀπί-

902 1271 951 1294 σω
970 1258 1062 1304 μέρη
1080 1258 1146 1301 τῆς
1162 1256 1326 1301 κεφαλῆς
1341 1255 1527 1300 κομῶντες
1540 1253 1716 1296 ἀνδρείας

900 1304 1018 1350 χάριν.
1067 1305 1169 1340 ἰδιον
1192 1302 1232 1338 δε
1257 1315 1370 1338 τουτο
1394 1301 1460 1346 τῆς
1482 1303 1558 1336 τῶν
1574 1299 1716 1349 Εὕβοέ

902 1365 954 1386 ων
978 1352 1117 1397 κουρᾶς
1141 1348 1208 1390 τάς
1232 1346 1391 1385 ὄπισθεν
1413 1349 1539 1392 τρίχας
1556 1350 1715 1395 βαθείας

902 1398 1009 1443 ἔχειν.
1067 1408 1204 1432 causam
1240 1408 1260 1430 a
1293 1405 1410 1440 pugna
1442 1396 1613 1429 Abantum
1639 1407 1714 1429 cum

901 1445 1101 1485 Curetibus,
1127 1444 1160 1477 in
1186 1453 1256 1488 qua
1278 1441 1313 1474 hi
1332 1453 1427 1475 corna
1447 1442 1533 1475 istos
1559 1441 1594 1475 in
1615 1442 1715 1476 fron—

900 1497 935 1525 te
962 1491 1128 1535 promissa
1154 1489 1391 1534 apprehensos
1416 1488 1634 1529 ceciderant,
1658 1500 1717 1522 re-

900 1539 1035 1583 petiere
1061 1540 1148 1569 vett.
1194 1547 1225 1570 v.
1254 1541 1394 1578 praeter
1416 1534 1499 1567 Sch.
1524 1535 1568 1574 Ε,
1595 1536 1713 1570 Strab.

1008 1583 1109 1619 ,913
1140 1582 1204 1623 (3.,
1228 1581 1322 1615 Plut.
1344 1580 1452 1616 Thes.
1477 1592 1510 1625 p.
1529 1581 1563 1615 2.
1589 1581 1629 1615 1⁴.
1643 1583 1712 1625 ,3

900 1633 940 1665 Α.
975 1631 1027 1663 Ex
1052 1629 1099 1663 ΙΙ.

946 1677 1026 1711 543
1074 1686 1175 1719 μεμ.
1209 1693 1253 1698 -
1290 1671 1573 1716 στήθεσσιν.
1616 1674 1650 1709 h.
1684 1685 1714 1708 e.

900 1733 1026 1776 pugna
1043 1722 1190 1755 stataria
1216 1721 1438 1765 proeliantes,
1462 1731 1562 1754 secus
1586 1732 1627 1754 ac
1646 1720 1715 1754 Lo-

900 1769 953 1803 cri
995 1766 1040 1808 v',
1077 1770 1157 1804 713.
1199 1767 1352 1809 όρεκτ.
1384 1769 1499 1810 μελ.,
1546 1774 1584 1800 ut
1621 1765 1715 1811 ἔγχει

899 1813 1095 1860 ὀρεξάσθω
1120 1812 1166 1855 6,
1191 1815 1272 1850 307.
1316 1814 1444 1847 Strabo
1472 1815 1526 1847 10.
1560 1825 1595 1869 p.
1617 1815 1715 1849 683:

901 1861 1005 1907 διττή
1039 1875 1111 1907 γαρ
1143 1857 1166 1918 ἦ
1201 1862 1277 1896 τῶν
1311 1859 1484 1916 δοράτων
1508 1861 1658 1905 χρῆσις,
1692 1858 1715 1906 ἡ

899 1922 966 1954 μεν
992 1908 1030 1945 ἐκ
1054 1906 1195 1965 χειρὸς,
1219 1905 1242 1951 ἡ
1268 1905 1311 1943 δ’
1335 1920 1384 1947 ως
1407 1910 1574 1948 παλτοῖς.
1619 1910 1716 1942 καθ-

903 1969 998 2012 απερ
1018 1958 1077 1990 καὶ
1098 1952 1117 1992 ὁ
1135 1952 1267 1995 κοντὸς
1281 1953 1498 2009 ἀμφοτέρας
1510 1952 1578 1995 τοὶς
1591 1966 1717 1998 χρειας

903 1999 1131 2038 ἀποδίδωσι·
1170 2001 1232 2036 καὶ
1267 2014 1338 2046 γαρ
1366 1999 1553 2056 συστάδην
1576 1999 1717 2045 χρώμε-

901 2053 980 2092 θα,
1014 2049 1076 2084 και
1109 2049 1440 2104 κοντοβολοῦντες·
1473 2043 1566 2102 ὅπερ
1596 2048 1658 2083 καὶ
1691 2046 1714 2092 ἡ

903 2095 1061 2138 σάρισσα
1087 2094 1261 2136 δύναται,
1287 2094 1349 2129 καὶ
1375 2091 1394 2129 ὁ
1412 2091 1533 2134 ὑσσός.
1557 2112 1601 2120 -—
1618 2095 1715 2129 Sch.:

902 2155 953 2189 με
938 2146 994 2178 ε.λ
1030 2140 1185 2186 δόρασιν
1217 2140 1291 2177 ἀπὸ
1316 2142 1444 2183 μελίας
1468 2140 1582 2183 ξύλου
1610 2154 1713 2185 ysvo-

902 2190 1039 2234 μένοις.
1077 2156 1184 2223 ρνείιιῐ
1217 2187 1404 2232 ΑοὴίΙΙί5χ
1417 2189 1552 2230 ,328.,
1578 2187 1713 2221 Hercu-

901 2238 944 2272 lis
969 2238 1067 2270 Scut.
1094 2237 1200 2270 Herc.
1225 2235 1306 2270 420.
1331 2200 1404 2268 etex
1448 2234 1554 2268 Ovid.
1579 2235 1665 2268 Met.
1678 2236 1715 2276 5,

905 2284 1005 2321 142.-
998 2308 1005 2316 .
1030 2294 1113 2315 nam
1136 2281 1240 2324 Clytii
1259 2292 1324 2325 per
1343 2286 1526 2325 utrumque
1542 2282 1651 2325 gravi
1671 2260 1716 2315 li:

903 2333 1006 2365 brata
1031 2330 1158 2362 lacerto
1181 2327 1411 2361 Fraxinus
1440 2332 1522 2361 acta
1538 2331 1671 2370 j'emur.

950 2374 1078 2412 546-
1101 2375 1181 2412 557.
1228 2374 1329 2408 locus
1361 2373 1614 2417 nobilissimus,
1648 2386 1716 2419 quo

905 2422 1049 2469 gloriari
1074 2421 1232 2456 solebant
1257 2421 1498 2454 Athenienses.
1523 2422 1583 2454 W.

950 2469 1032 2527 547.
1081 2469 1262 2512 δῆμον,
1285 2468 1473 2512 populum,
1506 2471 1545 2500 ut
1575 2467 1717 2521 Λυκίης

905 2529 945 2551 εν
967 2516 1072 2550 πίονι
1106 2513 1218 2570 δήμῳ
1236 2513 1288 2555 π’,
1311 2512 1392 2550 437.
1424 2518 1461 2548 et
1498 2511 1640 2557 Τρτόων
1663 2512 1716 2549 ἔνι

905 2560 1011 2608 δήμῳ
1029 2527 1180 2616 Οόγ55μ
1185 2558 1231 2604 α’,
1259 2561 1340 2596 237.
1375 2558 1536 2606 δήμους,
1567 2561 1628 2605 qui
1653 2573 1716 2606 po-

904 2614 980 2643 stea
1005 2607 1210 2642 dicebantur
1242 2606 1406 2647 Atticae,
1439 2607 1542 2641 Hom.
1566 2606 1717 2652 ignorat.

904 2655 1140 2696 Erechtheus,
1162 2652 1354 2688 Pandionis
1378 2652 1446 2694 fi1.‚
1471 2657 1588 2687 sextus
1610 2654 1722 2689 Athea»

905 2701 1070 2736 niensium
1081 2712 1157 2742 reX‚
1181 2699 1330 2734 victoria
1350 2711 1392 2733 ex
1404 2700 1587 2745 Eumolpo,
1602 2700 1716 2733 Thra·

905 2760 979 2782 cum
1010 2759 1118 2792 rege,
1150 2751 1332 2791 reportata
1363 2746 1507 2780 maxime
1542 2745 1716 2780 inclaruit.

907 2795 1044 2829 Terrae
1068 2793 1173 2827 filium
1197 2793 1285 2828 dicit
1309 2794 1375 2826 hoc
1406 2797 1524 2826 noster
1555 2790 1653 2835 (τέκε
1677 2789 1717 2826 δε

907 2842 1082 2884 ζείδωρος
1095 2839 1288 2883 ”Αρ,ουρα)
1314 2840 1348 2872 h.
1374 2850 1404 2872 e.
1429 2836 1656 2883 αὐτόχθονα,
1680 2843 1719 2871 ut

909 2888 1101 2940 Cecropem
1124 2882 1525 2940 Apollod.3,14,1.;
1555 2884 1717 2918 eundem-

908 2946 975 2980 que
1000 2934 1042 2967 ab
1067 2932 1142 2978 ipsa
1161 2931 1323 2966 Minerva
1347 2931 1553 2970 educatum,
1579 2935 1615 2964 et
1639 2935 1718 2984 post

909 2985 1048 3014 mortem
1082 2990 1144 3024 pro
1176 2979 1283 3013 heroi}
1315 2977 1458 3020 cultum,
1503 2976 1589 3010 deae
1626 2974 1718 3011 mir-

908 3039 1013 3063 ναον.
1037 3024 1159 3071 (549)
1182 3036 1218 3060 v.
1239 3024 1441 3112 Herod98‚
1469 3023 1536 3064 55,
1560 3023 1664 3058 Paus.
1685 3025 1716 3068 1,
