1811 3269
606 156 1040 200 ΙΛΙΑΔΟΣ
1095 161 1144 200 Β.

1632 167 1717 208 145

221 265 293 308 καὶ
323 266 447 313 Κῶν,
477 261 767 319 Εὐρυπύλοιο
797 264 953 319 πόλιν,
982 269 1147 326 νήσους
1175 287 1219 313 τε
1235 270 1500 341 Καλύδνας,

377 316 393 323 .-

217 326 306 364 τῶν
336 324 392 363 αὐ
433 321 676 372 Φείδιππός
704 338 749 366 τε
778 323 852 366 καὶ
870 322 1079 382 ”Αντιφος
1108 327 1378 385 ἡγησάσθην,

223 380 445 420 Θεσσαλοῦ
475 380 542 420 υἷε
573 378 666 421 δύω
693 378 979 434 Ἡρακλείδαο
1011 383 1224 435 ἄνακτος·

102 440 186 480 680
214 439 306 485 τοῖς
337 434 382 476 δὲ
411 433 647 494 τριήκοντα
675 438 900 505 γλαφυραὶ
929 440 1023 490 νέες
1054 441 1321 497 εστιχόωντο.

297 493 402 533 Νῦν
433 495 490 534 αὐ
520 491 645 544 τούς,
677 492 803 537 ὅσσοι
832 511 881 538 το
915 499 1190 553 Πελασγικὸν
1206 499 1365 555 ’Ἀργος
1395 499 1557 550 «ξ’,ναιον

45 605 131 638 τρος
174 591 214 628 δὲ
247 589 374 653 αυτῆς
427 592 657 652 ὀγδοήκοντα
698 595 855 633 στάδιοι.

47 639 121 674 ἔστι
137 637 178 674 δὲ
194 639 256 675 καὶ
275 642 427 685 νησίδια
444 641 536 697 προς
553 640 649 688 αὐτῇ
663 646 854 701 Νισυρίων

44 685 232 730 λεγόμενα.
263 687 366 738 φασὶ
396 686 436 722 δὲ
463 689 531 732 τήν
554 692 723 732 Νίσυρον
755 689 854 726 02:16-

43 734 229 790 θραυσμα
243 738 339 768 εἰναι
356 735 423 778 τῆς
444 737 522 770 Kai·
547 735 772 778 προσθέντες
791 751 854 771 και

43 780 184 823 μῦθον,
207 777 265 814 ότι
289 781 493 824 Ποσειδων,
519 782 665 817 διώκων
690 781 755 818 ἕνα
777 785 852 818 τῶν

43 824 225 870 γιῃάντων
256 826 504 881 Πολυβώτην,
531 827 779 888 ἅποθραύσας
807 831 854 876 τῇ

42 874 187 918 τριαίνῃ
205 872 346 918 τρύφος
376 875 442 918 τῆς
459 875 526 909 Κω
547 873 608 911 ἐπ’
634 874 752 911 αυτὸν
779 877 851 922 βά-

43 922 113 960 λοι,
136 920 198 954 καὶ
203 919 357 974 γένοιτο
374 921 486 965 νῆσος
502 921 545 956 τὸ
568 921 716 980 βληθὲν
731 921 752 967 ἡ
775 925 852 957 Νί-

43 977 166 1008 συρος,
191 962 472 1010 ’ὑποκείμενονς
457 967 593 1026 «ἔχουσα
613 968 651 1003 ἐν
671 968 765 1014 αὐτῇ
783 967 851 1004 τὸν

42 1013 205 1056 γίγαντα.
240 1011 338 1052 τινὲς
361 1011 400 1047 δὲ
424 1012 542 1048 αυτὸν
560 1014 786 1051 ὑποκεῖσθαι
805 1017 852 1061 τῇ

41 1059 110 1093 Ka?
126 1070 251 1103 φασιν.
278 1060 344 1103 (cf.
368 1061 524 1105 Apollod.
547 1065 579 1103 1,
602 1065 635 1103 6,
655 1064 701 1103 2,
726 1063 851 1106 Steph.

41 1105 404 1150 Byz.v.N1'6v909.
440 1113 559 1141 terrae
583 1114 707 1142 motum
733 1109 851 1152 ignes-

42 1162 110 1195 que
141 1153 383 1186 subterraneos
418 1165 458 1187 ea
494 1154 611 1188 fabula
649 1154 849 1199 significari,

41 1208 138 1232 nemo
174 1198 396 1232 dubitaverit.
431 1210 464 1233 v
498 1200 564 1244 Η.)
599 1197 621 1245 ἡ
656 1203 696 1236 δὲ
729 1200 850 1245 Κάρ-

39 1246 218 1285 παθος,
245 1240 289 1288 ἣν
318 1243 591 1287 Κράπαθον
617 1246 718 1282 εἶπεν
747 1246 765 1282 ὁ
798 1261 849 1289 π,

40 1290 160 1333 (metri
198 1291 287 1324 haud
322 1292 424 1325 dubie
458 1304 576 1326 causa.
618 1294 672 1337 [ut
701 1295 848 1337 κραδίη,

38 1335 187 1379 κράτος,
209 1335 410 1380 κρατερός]
434 1357 475 1363 -
502 1338 602 1372 hodie
626 1341 712 1373 haec
737 1341 848 1373 insula

39 1389 185 1416 vocatur
217 1384 422 1427 Scarpanto.
458 1383 584 1417 Cellar.
620 1388 653 1419 2.
702 1398 734 1430 p.
770 1387 847 1430 27.)

39 1424 166 1474 υψηλή
184 1427 272 1469 ἐστι,
296 1429 430 1464 κύκλον
454 1429 587 1474 ἔχουσα
607 1433 767 1466 σταδίων
793 1434 848 1466 δι·

39 1478 211 1510 ακοσίων.
255 1475 473 1518 τετράπολις
511 1475 550 1511 δ’
592 1476 750 1535 ῥπιΙρξε,
786 1479 848 1512 καὶ

36 1519 159 1565 ὄνομα
179 1520 273 1564 εἶχεν
297 1520 505 1566 ἀξιόλογον·
533 1519 607 1565 ἀφ’
638 1523 684 1559 οὗ
712 1525 772 1558 καὶ
795 1525 847 1569 τῷ

36 1567 183 1612 πελαγει
212 1570 353 1612 (Horat.
383 1569 450 1603 Od.
472 1569 509 1610 l,
533 1570 590 1610 35,
609 1570 661 1611 8.‚
688 1571 845 1604 Juvenal.

38 1614 94 1656 14,
113 1617 194 1649 278.
217 1616 301 1659 etc.)
326 1612 494 1658 τούνομα
523 1614 677 1659 ἐγένετο.
713 1619 780 1659 μία
806 1616 845 1652 δὲ

35 1660 623 1718 τῶνπόλεωνέκαλεῖτοΝισυρος
649 1662 847 1707 ὁμώνυμος

34 1709 82 1753 τῇ
109 1710 182 1742 τῶν
199 1709 392 1752 Νισυρίων
418 1720 530 1765 νησςυ.
570 1713 688 1744 κεῖται
712 1709 751 1745 δὲ
781 1712 846 1767 τῆς

32 1753 175 1800 Λιβύης
187 1767 283 1790 κατα
292 1753 436 1800 Λευκην
453 1769 580 1800 ακτην,
600 1752 621 1800 ἣ
640 1758 704 1800 τῆς
717 1755 783 1800 μὲν
796 1756 845 1792 Ἀ-

31 1803 265 1845 λεξανδρείας
277 1802 387 1845 διέχει
398 1802 479 1845 περὶ
490 1805 642 1847 χιλίους,
656 1806 844 1848 σταδιους,

34 1849 100 1904 τῆς
123 1849 163 1883 δὲ
184 1849 402 1905 Καρπάθου
422 1852 504 1893 περὶ
521 1853 840 1906 τετρακισχιλίους.

32 1891 56 1939 ἡ
84 1894 243 1935 Κασος
267 1893 306 1930 δὲ
328 1895 466 1940 ταύτης
491 1894 558 1939 μὲν
582 1895 657 1932 ἄπο
678 1897 841 1941 ἑβδομή-

33 1942 147 1976 κοντοὶ
165 1939 240 1976 ἐστι
259 1943 438 1984 σταδίων
463 1944 532 1977 τοῦ
553 1941 592 1977 δὲ
617 1945 840 1987 Σαλμωνίου

31 1989 103 2023 τοῦ
121 2001 236 2033 ακρου
266 1990 331 2032 τῆς
355 1987 503 2032 Κρήτης
531 1990 730 2024 διακοσίων
759 2003 841 2025 πεν-

30 2033 211 2079 τήκοντα·
236 2033 371 2070 κύκλον
397 2035 436 2070 δὲ
457 2036 527 2090 ἔχει
549 2038 710 2071 σταδίων
730 2035 841 2093 ὀγδο-

29 2080 179 2138 ήκοντα.
219 2080 294 2116 ἔστι
322 2079 364 2117 δ’
391 2080 430 2116 ἐν
459 2080 555 2128 αὐτῇ
585 2083 646 2118 καὶ
671 2083 776 2123 πόλις
801 2081 840 2119 6-

29 2126 226 2173 μώνυμος,
259 2128 322 2163 καὶ
353 2129 503 2163 Κασίων
529 2129 636 2173 νῆσοι
659 2129 840 2173 καλούμε-

28 2188 91 2210 ναι
106 2177 255 2215 πλείους
274 2174 355 2218 περὶ
380 2172 513 2218 αὐτήν.
539 2175 676 2220 νήσους
696 2176 735 2212 δὲ
757 2180 841 2212 Κα-

29 2221 82 2257 λυ
96 2223 211 2261 δνας
248 2221 316 2262 τὰς
350 2221 557 2266 Σποράδας
590 2222 708 2277 λέγειν
749 2224 839 2267 φασὶ

28 2267 95 2304 τὸν
113 2281 165 2310 π.,
192 2281 245 2302 ων
264 2269 354 2312 μίαν
375 2267 472 2303 εἶναι
498 2267 716 2313 Καλύμναν·
742 2271 840 2312 εἰκὸς

29 2313 82 2356 δ’,
114 2312 165 2354 ὦς
189 2313 228 2350 ἐκ
257 2316 331 2349 τῶν
362 2317 553 2359 Νισυρίων
567 2315 765 2372 λέγονται
776 2317 839 2352 καὶ

29 2364 181 2398 Κασίων
206 2361 245 2396 αἱ
279 2360 385 2406 ἐγγυς
408 2364 470 2397 καὶ
500 2360 681 2407 ὑπήκοοι,
719 2360 838 2405 ου’τως

27 2408 88 2444 και
104 2421 171 2449 τας
190 2409 236 2454 τῇ
257 2407 433 2453 Καλυμιῃ
453 2409 725 2453 περικειμένας,
751 2411 838 2453 ἴσως

27 2453 111 2491 τότε
137 2455 310 2510 λεγομένῃ
343 2454 529 2502 Καλύδνῃ.
565 2455 662 2497 τινὲς
692 2455 732 2492 δε
765 2458 835 2492 δύο

28 2499 125 2537 εἶναι
145 2500 343 2542 Καλύδνας
373 2504 482 2546 φασὶ,
517 2502 638 2548 Λέρον
665 2504 726 2538 καὶ
755 2507 837 2538 Κα-

27 2545 181 2592 λύμναν,
205 2546 319 2591 ἅσπερ
343 2549 405 2583 καὶ
426 2548 540 2593 λέγειν
561 2550 626 2584 τόν
649 2563 686 2583 π.
708 2569 752 2575 -
769 2562 837 2592 „ex

27 2595 195 2629 nonnullis
227 2595 462 2640 Sporadibus,
497 2594 590 2629 inter
620 2596 773 2630 Rhodum
801 2602 837 2630 et

30 2639 166 2675 Cretam
188 2641 291 2674 Asiae
312 2653 331 2674 a
352 2641 493 2674 meridie
517 2642 692 2685 subjectis,
719 2642 837 2687 copias

29 2685 159 2720 duxere
175 2687 361 2731 Phidippus
379 2692 414 2720 et
435 2689 617 2731 Antiphus,
642 2687 704 2721 filii
722 2689 837 2721 Thes-

28 2730 105 2772 sali,
129 2743 226 2776 quem
237 2733 404 2767 Hercules
419 2734 647 2779 eChalciope,
665 2734 762 2778 Eury
767 2734 837 2778 p31i

27 2776 122 2820 filia,
153 2780 326 2824 suscepit.
365 2779 522 2824 Apollod
558 2782 601 2821 2,
636 2783 677 2821 7,
701 2782 733 2814 8.
768 2780 836 2813 fuit

27 2827 141 2857 autem
172 2823 369 2871 Eurypylus
403 2837 463 2859 rex
485 2825 655 2868 Coorum,
690 2837 788 2870 quem
814 2837 835 2859 a

29 2868 139 2913 Troja
168 2870 278 2903 redux
312 2872 479 2906 Hercules
510 2872 707 2906 interemit:
749 2872 834 2905 ibid.

27 2915 60 2956 2,
86 2915 176 2958 7,1.
202 2915 313 2958 αἲξ,
336 2919 416 2959 255,
442 2915 484 2961 ο’,
510 2919 567 2952 28.
592 2938 637 2943 -
663 2919 725 2951 Cos
747 2917 834 2951 satis

26 2965 108 2994 nota
130 2961 187 2995 vel
210 2962 342 2996 Venere
364 2964 455 3005 Coa,
487 2964 683 3009 Aesculapii
707 2963 833 3008 templo

26 3010 62 3040 et
70 3007 300 3088 l{hppocrzlxte
322 3010 464 3045 medico.
505 3021 579 3044 eam
598 3011 758 3056 Meropes
780 3016 835 3044 te-

106 3064 204 3088 oman

902 601 1041 642 nebant,
1066 601 1158 635 haud
1183 602 1284 636 dubie
1308 604 1461 638 barbari.
1497 603 1531 637 in
1551 603 1714 647 Νόστοις

901 653 1077 680 narratum
1102 648 1232 689 fuerit,
1259 650 1462 683 Podalirium
1487 655 1524 684 et
1543 652 1714 687 Machao—

901 705 977 727 nem
1004 706 1045 727 ea
1068 695 1182 727 insula
1214 695 1401 730 insedisse:
1440 697 1585 731 Aristid.
1613 701 1643 733 1.
1678 711 1711 744 p.

900 738 958 773 42.
983 739 1042 775 43.
1066 741 1112 772 cf.
1138 741 1255 773 Strab.
1283 742 1335 776 14.
1365 754 1400 786 p.
1428 744 1509 777 971.
1535 749 1571 777 et
1596 744 1713 779 Thes-

900 786 991 819 salus
1025 786 1250 820 Presbeutico
1294 798 1326 831 p.
1359 789 1437 823 943.
1476 789 1529 824 ed.
1565 790 1711 825 Linden.

904 833 1080 875 Calydnae
1115 833 1377 876 alterae·juxta
1408 835 1588 870 Tenedum
1622 837 1711 872 sitae

898 879 1008 919 fuere,
1033 890 1121 923 quae
1143 879 1179 912 in
1206 880 1324 912 fabula
1348 880 1391 912 de
1403 881 1600 916 Laocoonte
1618 895 1711 917 com-

898 930 1137 959 memorantur.
1186 926 1230 959 de
1258 926 1310 959 his
1336 927 1463 960 Strabo
1490 929 1545 963 13.
1569 940 1603 973 p.
1628 933 1709 966 900.

899 971 943 1004 cf.
968 971 1001 1004 H
1029 971 1072 1004 ad
1107 971 1266 1016 Apollod.
1298 984 1331 1017 p.
1357 971 1466 1007 431.“
1498 976 1620 1009 ExH.
1654 988 1711 1010 se-

898 1017 968 1050 rius
994 1017 1150 1051 conditas
1186 1030 1262 1052 esse
1295 1020 1356 1052 has
1383 1018 1510 1053 Dorum
1546 1022 1709 1065 colonias,

897 1075 961 1097 nec
986 1064 1192 1098 Heraclidas
1215 1065 1289 1098 illos
1315 1070 1374 1098 aut
1392 1066 1565 1100 insulanos
1585 1069 1709 1102 Archi-

898 1110 1010 1154 pelagi
1045 1110 1220 1154 Trojanae
1250 1112 1462 1156 expeditioni
1494 1113 1707 1157 interfuisse,

896 1156 1080 1189 ostendere
1104 1162 1274 1190 conantur
1305 1157 1346 1191 C.
1375 1158 1708 1196 O.M1··111er.llen.

896 1203 946 1236 St.
964 1204 997 1237 2.
1022 1215 1055 1248 p.
1085 1204 1160 1238 109.
1185 1204 1265 1239 421.
1301 1204 1404 1237 etU.

942 1249 1020 1283 679.
1050 1249 1205 1290 „Datum
1231 1249 1310 1283 weil
1329 1250 1384 1283 die
1404 1252 1497 1294 Saga
1517 1251 1582 1286 den
1604 1253 1708 1287 Phei-

894 1294 1021 1339 dippos
1046 1307 1078 1328 u.
1101 1296 1281 1340 Antiphos,
1307 1296 1362 1329 die
1385 1298 1619 1332 Stammherrn
1644 1301 1707 1334 der

894 1341 1057 1374 koischen
1074 1342 1299 1382 Herakliden,
1324 1343 1437 1376 Siihne
1454 1345 1514 1376 des
1524 1346 1707 1381 Thessalos

895 1392 1009 1427 nennt,
1036 1387 1117 1420 darf
1137 1389 1225 1421 noch
1250 1388 1345 1421 nicht
1369 1390 1590 1432 geschlossen
1614 1405 1705 1427 wer-

894 1432 972 1473 den,
999 1434 1079 1467 dass
1098 1434 1156 1467 die
1172 1434 1334 1467 koischen
1356 1436 1569 1470 Herakliden
1589 1438 1705 1472 Thes-

893 1479 984 1512 salet
1008 1491 1168 1523 gewesen
1193 1480 1306 1513 seiont
1345 1482 1527 1515 Thessalos
1556 1484 1602 1516 ist
1627 1485 1705 1519 eine

894 1524 1083 1567 mythische
1118 1525 1436 1570 Collectivpersmi,
1476 1529 1606 1563 welche
1641 1531 1703 1564 das

895 1571 1111 1604 Geschlecht
1134 1572 1196 1604 der
1217 1573 1496 1615 thesprotischen
1515 1576 1702 1611 'l‘hessaler

892 1617 1108 1657 bezeichnet‚
1134 1618 1189 1650 die
1214 1618 1386 1652 nachmals
1410 1619 1444 1652 in
1472 1620 1532 1654 das
1558 1634 1623 1655 von
1646 1623 1701 1657 ih-

893 1675 956 1696 nen
986 1664 1155 1697 benannte
1181 1664 1387 1698 Thessalien
1412 1669 1703 1709 zo1ren‚u.‹]0rt

892 1710 954 1742 der
991 1710 1222 1743 herrschende
1255 1712 1382 1744 Stanim
1425 1713 1569 1747 wurden
1610 1716 1701 1760 (xgl.

891 1756 1039 1789 Biickh‘s
1066 1757 1163 1800 Expl.
1189 1757 1237 1789 ad
1267 1757 1585 1804 Pi11d.p..332);
1623 1773 1702 1795 son-

891 1805 976 1835 dern
1001 1801 1057 1835 die
1081 1803 1224 1836 koische
1242 1803 1457 1848 Stammsage
1483 1813 1610 1840 nannte
1634 1809 1701 1842 den

889 1848 984 1882 Sohn
1010 1849 1070 1881 des
1088 1849 1256 1882 Herakles
1277 1850 1366 1882 bloss
1388 1850 1573 1896 deswegen
1586 1854 1702 1888 Thes-

888 1894 1000 1935 salos,
1035 1895 1114 1927 weil
1139 1895 1188 1928 sie
1215 1896 1270 1928 die
1295 1895 1515 1942 Entstehung
1541 1899 1602 1933 des
1628 1901 1699 1934 Ge-

888 1940 1060 1974 schlechts
1078 1952 1120 1973 an
1140 1941 1495 1996 dieUeberwindung
1515 1944 1700 1980 derThes-

888 1986 1122 2023 salerheimat.
1156 1988 1215 2021 der
1240 1988 1516 2031 thesprotischen
1545 1992 1700 2037 Ephyra,

889 2033 1043 2076 kniipfte
1072 2033 1170 2076 (Vgl.
1192 2034 1234 2067 K.
1257 2034 1298 2066 O.
1314 2034 1470 2069 Miiller's
1497 2037 1621 2081 Proleg
1600 2050 1632 2081 g.
1655 2050 1699 2073 zu

887 2079 982 2112 einer
1006 2078 1204 2112 wissensch.
1211 2080 1346 2127 Myth.
1376 2080 1412 2114 S.
1438 2080 1626 2126 428.“)-
1650 2085 1696 2118 U.

934 2131 1013 2164 631.
1059 2130 1144 2163 νῦν
1166 2141 1222 2161 αυ
1249 2141 1374 2170 τους,
1397 2140 1487 2161 nunc
1505 2139 1585 2162 vero
1605 2131 1697 2174 quod

888 2176 935 2208 ad
954 2177 1029 2208 illos
1050 2176 1185 2210 attinet.
1225 2175 1269 2207 cf.
1289 2175 1412 2219 Eurip.
1439 2175 1576 2209 Heracl.
1601 2179 1693 2219 202„

887 2222 995 2266 Soph.
1021 2223 1099 2255 Ant.
1127 2222 1192 2255 198
1217 2224 1283 2254 etc.
1318 2222 1448 2255 frustra
1485 2221 1589 2255 Ven.:
1624 2221 1696 2256 αὐ-

885 2268 986 2308 τούς,
1011 2268 1068 2301 alii
1093 2267 1217 2301 codd.:
1245 2266 1353 2302 αὐτοὶ
1376 2267 1431 2301 vel
1456 2267 1492 2302 οὶ
1513 2265 1552 2302 δ’
1572 2264 1693 2304 αὐτοί.

885 2335 930 2339 --
958 2314 1110 2359 „incipit
1140 2325 1303 2347 recensus
1338 2314 1511 2358 copiarum
1541 2314 1696 2350 Thessa-

886 2361 1037 2394 licarum.
1087 2366 1332 2398 commentatus
1372 2361 1405 2393 in
1446 2361 1477 2393 h.
1513 2360 1535 2393 l.
1569 2361 1695 2395 Strabo

884 2409 917 2443 9.
955 2419 989 2452 p.
1013 2408 1091 2442 658.
1127 2417 1222 2450 sequ.
1255 2406 1440 2447 observat,
1478 2407 1695 2442 Thessaliam

885 2464 940 2497 ap.
965 2454 1064 2487 Hom·
1092 2453 1127 2486 in
1154 2456 1198 2487 10
1214 2457 1332 2497 partes
1357 2464 1418 2486 seu
1441 2452 1618 2497 dynastias
1642 2454 1694 2487 di-

883 2500 991 2533 visam
1016 2510 1101 2533 esse.
1149 2499 1223 2532 scil.
1249 2501 1270 2534 9
1297 2499 1461 2542 deinceps
1495 2500 1600 2532 duces
1624 2512 1693 2534 me-

885 2551 1081 2586 morantur,
1121 2545 1245 2578 omissa
1279 2546 1411 2579 decima
1443 2550 1553 2579 turma
1584 2546 1693 2580 Dolo-

884 2603 987 2636 pum,
1020 2592 1109 2625 duce
1139 2591 1331 2632 Phoenice,
1367 2603 1469 2636 quam
1503 2597 1614 2625 tamen
1656 2589 1692 2634 ι’,

883 2640 963 2672 480.
989 2637 1150 2672 nominat.
1215 2637 1374 2682 plerique
1409 2639 1527 2671 horum
1569 2639 1693 2672 ducum

883 2683 1044 2718 Aeolicae
1073 2682 1192 2728 stirpis
1217 2690 1335 2723 erant;
1368 2683 1427 2717 alii
1461 2683 1607 2717 Achaeis
1632 2695 1692 2717 an-

883 2730 1093 2771 numeranti,
1118 2731 1214 2763 velut
1238 2730 1385 2763 Achilles
1411 2735 1445 2763 et
1470 2730 1690 2774 Polypoetes».

883 2777 1026 2810 Achiuis
1056 2777 1165 2816 ditio,
1204 2787 1292 2820 quae
1317 2775 1425 2820 primo
1450 2776 1526 2809 loco
1552 2776 1690 2817 dicitur,

881 2823 984 2856 latius
1016 2822 1128 2868 patuit
1161 2833 1260 2866 quam
1293 2827 1414 2867 putes,
1451 2821 1523 2854 scil.
1558 2822 1636 2854 inde
1671 2832 1690 2855 a

883 2868 1059 2902 Trachine
1091 2868 1154 2901 sub
1180 2868 1273 2902 Oeta
1306 2879 1415 2912 usque
1438 2868 1484 2901 ad
1508 2867 1690 2910 Enipeum,

881 2915 939 2948 ubi
973 2921 1027 2948 est
1053 2914 1262 2955 Pharsalus,
1297 2925 1317 2947 a
1356 2925 1423 2958 qua
1452 2924 1518 2947 non
1550 2912 1689 2947 multum

882 2961 1034 2995 abfuisse
1059 2961 1243 2994 Helladem
1270 2959 1492 2993 crediderunt
1508 2958 1688 2999 Pharsalii,

882 3007 1165 3042 Melitaeensibus
1198 3012 1312 3040 tamen
1343 3005 1500 3038 Helladis
1540 3004 1689 3049 vestigia

1383 3055 1439 3092 10
