1811 3269
632 154 1058 196 ΙΛΙΑΔΟΣ
1113 155 1160 194 Β.

238 267 456 313 ἀθάνατοι
495 263 759 321 φράζονται·
804 266 1078 334 ἐπέγναμψεν
1117 263 1201 334 γὰρ
1253 260 1448 315 ἅπαντας

157 330 207 372 15
237 327 260 353 *
278 325 393 394 ᾘρη
422 323 679 392 λισσομένη,
722 323 915 375 Τρώεσσι
946 321 991 364 δὲ
1024 319 1148 391 κήδε’
1192 320 1420 374 έφῆπται.“

303 380 386 431 Ὡς
417 379 551 435 φάτο·
582 384 639 436 βῆ
670 378 716 424 δ’
747 378 822 434 ἄρ’
843 379 1068 432 ’Όνειρος
1099 377 1188 420 ἐπεὶ
1217 375 1295 418 τὸν
1325 380 1474 430 μῦθον
1494 374 1695 428 ἄκουσεν,

235 439 522 508 καρπαλίμως

547 437 629 478 6'
618 440 739 481 ι’κανε
767 436 880 487 θοὰς
909 434 977 479 ἐπὶ
1007 438 1116 489 νῆας
1138 432 1334 502 Ἀχαιῶν.

236 492 364 593 βῆδιῗ
397 490 472 563 ἄρ’
505 489 574 592 έπλ
603 492 823 550 Ἀτρείδην
855 490 1175 606 δΑγαμέὲινοίιῖκοέ)·
1205 486 1369 589 ξίόενυιξ
1387 488 1583 588 έέξεξαέεν

149 612 203 651 20
233 566 311 677 δῖῆ
318 566 393 649 οδω
400 547 494 661 ἄξι’
517 551 874 679 κὺσιξὲιηιιεῗφῗλὲῆς
903 563 1086 674 Νῒῑέληῗςδ
1119 563 1194 645 ‘vigi'
1222 562 1372 653 {einais
1522 561 1543 595 ς

233 663 444 717 Νέστορι,
481 661 559 706 τόν
601 664 658 719 ῥα
686 665 868 720 μάλιστα
898 660 1120 732 γερόντων
1159 656 1216 701 τῖ’
1249 658 1553 714 Ἀγαμέμνων·

232 723 294 778 τῷ
323 737 404 789 μιν
429 719 678 774 ἐεισάμενος
714 718 998 776 προσεφώνεε
1028 715 1177 767 θεῖος’
1178 715 1387 768 Ονειρος·

314 775 528 828 ,,Εὕδεις,
561 775 727 831 Ἀτρέος
767 777 833 821 υἱὲ
863 778 1105 841 δαΐφρονος
1136 770 1431 841 ἱππρδάμοιω

234 831 292 877 ου’
324 833 406 889 χρὴ
436 833 682 889 παννύχιον
716 833 860 878 εὕδειν
887 829 1177 891 βουληφόρον
1208 827 1361 883 ἄνδρα,

62 948 137 977 ων,
178 935 214 971 oi
258 933 300 971 δε
335 934 381 969 τοι
417 948 510 979 υπερ
538 931 738 980 Ελλήνων.
786 937 868 971 Sch.

62 993 178 1016 omnes
200 982 285 1016 deos
310 993 374 1026 pro
399 981 547 1016 Graecis
571 989 666 1017 stare
690 983 788 1018 dicit.

111 1026 166 1064 14.
213 1027 231 1064 ἐ
240 1041 278 1062 π
320 1026 553 1073 ἐπέκαμψεν,
592 1028 744 1066 ε’πεισεν.
788 1029 871 1063 Sch.

60 1074 106 1108 cf
141 1072 189 1118 α’,
213 1075 293 1111 569.

110 1122 165 1155 15.
217 1123 290 1164 Τρ.
316 1118 421 1155 δεκ.
447 1119 677 1165 ἐφῆπται.
728 1120 871 1157 Aristot.

61 1164 217 1223 Sophist.
240 1167 373 1201 elench.
403 1171 442 1207 1,
468 1167 522 1201 4·
558 1168 620 1204 καὶ
653 1167 694 1202 τό
709 1168 802 1224 περὶ
828 1166 870 1203 τὸ

60 1209 239 1248 ἐνύπνιον
275 1214 344 1247 τοῦ
375 1211 659 1263 Ἀγαμέμνονος,
707 1212 764 1249 ότι
801 1211 870 1249 ov’u

62 1256 179 1304 αὐτὸς
213 1257 233 1294 6
272 1259 363 1299 Ζεύς
399 1264 479 1295 εἰπε
512 1262 712 1304 δίδομεν
744 1260 794 1295 δέ
826 1261 871 1295 οὶ

63 1316 205 1349 ευχος
248 1303 467 1350 ἀρέσθαι.
522 1307 612 1340 idem
651 1308 750 1342 Poet.
791 1308 871 1356 25..

63 1351 160 1386 κατὰ
193 1349 233 1386 δε
262 1353 497 1408 προσῳδίαν,
529 1351 651 1396 ω’σπερ
665 1349 812 1393 Ιππίας
833 1352 871 1387 ε’·-

63 1400 149 1432 λνεν
187 1394 207 1433 6
244 1398 384 1438 Θάσιος
414 1397 455 1433 τὸ
492 1399 694 1443 δίδομεν
729 1398 778 1434 δέ
812 1399 869 1433 οἱ.

63 1455 108 1477 ex
132 1443 253 1488 quibus
273 1444 388 1479 verbis
413 1444 544 1488 colligit
562 1446 608 1486 H,
633 1444 871 1501 philosophum

62 1488 119 1523 hic
153 1489 279 1533 legisse
316 1491 466 1533 δίδομεν
498 1491 539 1525 δέ
575 1492 609 1526 οἱ
645 1492 751 1534 εὖχος
784 1488 871 1534 ἀρέ-

63 1537 179 1576 σθαι,
213 1535 304 1580 quod
337 1535 587 1570 hemistichium
623 1538 770 1570 habetur
816 1535 870 1581 φ’,

61 1583 141 1616 297.
165 1582 341 1615 scribebat
365 1588 478 1615 autem
495 1582 643 1638 Hippias
663 1580 814 1626 διδόμεν
837 1594 871 1639 p.

62 1625 258 1685 διδόμεναι
303 1624 413 1671 (ὥστε
447 1627 597 1664 διδόναι
631 1629 679 1673 δή
713 1628 749 1664 οἳ
781 1630 872 1669 τούς

61 1674 180 1714 θεους
214 1686 320 1718 ευχος
361 1672 561 1719 αρέσθαι),
606 1687 672 1719 quo
703 1675 871 1709 mendacii

62 1720 189 1754 crimen
227 1721 270 1754 ab
304 1720 380 1764 ipso
415 1720 502 1754 Jove
535 1721 743 1755 amoliretur.
789 1733 872 1755 sane

62 1766 233 1800 assentior
270 1766 437 1811 Heyneo,
482 1768 590 1801 verba
632 1767 794 1812 Τρώεσσι
825 1787 870 1791 -

60 1809 225 1866 ἐφῆπται
257 1812 315 1847 32.
355 1812 515 1846 sublecta
552 1824 627 1846 esse
667 1812 870 1858 suspicanti,

61 1870 124 1893 nec
147 1858 273 1892 invitus
293 1864 432 1892 servata
457 1859 514 1892 illa
538 1860 581 1892 ab
602 1860 789 1894 Aristotele
813 1871 871 1893 re—

61 1905 242 1939 stituerim.
269 1904 314 1938 cf.
334 1904 448 1938 Bentl.
473 1917 516 1948 ap
552 1905 596 1947 H,
623 1907 728 1950 etT)
727 1905 868 1939 rwhitt.

61 1950 106 1984 ad
130 1950 274 1983 Aristot.
297 1949 394 1983 Ροὸῐ..
447 1917 584 1989 .204.,
617 1951 660 1984 de
688 1919 872 1985 mbentiente

60 2001 175 2030 autem
199 1997 284 2030 Jove
309 2003 565 2030 succensentem
583 1996 759 2031 Platonem
783 1998 804 2029 l.
829 1997 872 2031 de

61 2042 152 2086 Rep.
180 2043 213 2077 2.
240 2046 410 2084 extrem03
436 2043 493 2076 cui
514 2043 704 2077 narrationi
729 2043 870 2077 similem

59 2087 294 2122 Hebraeorum
327 2088 478 2142 (Regum
509 2091 540 2129 1,
565 2090 638 2132 22.)
671 2100 871 2123 commemo-

60 2134 155 2168 ravit
188 2134 246 2167 W.
293 2133 393 2167 Sch.·
426 2132 584 2179 κήδεα.
610 2134 719 2170 κακοὶ.
764 2135 870 2179 ἐφῆ-

58 2193 184 2215 πται.
215 2159 434 2224 ἐπήρτηται,
461 2180 718 2226 ἐπικρέμαται,
742 2180 870 2216 τουτέ-

60 2238 140 2262 στιν
171 2225 360 2261 ἐπίκειται.
408 2227 460 2260 E:
492 2248 538 2252 —-
569 2228 709 2283 λέγεται
742 2227 781 2263 δὲ
806 2227 868 2263 καὶ

60 2272 122 2308 ἐπι
147 2274 215 2308 τοῦ
248 2273 458 2316 κρέμασθαι
491 2271 531 2308 τὸ
568 2271 778 2315 ἅπτεσθαι,
819 2273 869 2315 ὡς

60 2320 171 2364 δηλοῖ
200 2318 242 2353 τό
275 2318 460 2376 βρόχον
494 2317 670 2376 ἥψατο.
717 2301 866 2376 (0⁹dyss.

60 2365 103 2407 λ,
127 2367 226 2400 278.ε
261 2365 484 2410 ἁψαμένη
509 2365 685 2423 βρόχον
711 2364 868 2402 αἰπύν

59 2409 145 2457 ἀφ’
171 2408 388 2456 ὑψηλοῖο
411 2413 702 2468 μελάθρου.)
727 2412 803 2457 ε’ρεῖ
826 2412 866 2449 δὲ

59 2458 122 2494 καὶ
156 2455 196 2493 ἐν
222 2462 301 2499 τοῖς
325 2457 408 2514 ἑξῆς
441 2455 460 2494 ὁ
485 2472 523 2495 π.
558 2458 621 2504 (η’,
648 2461 747 2504 402.)
772 2458 867 2495 ὀλέ-

58 2507 182 2548 θρου
217 2507 388 2548 πείρατ
438 2504 660 2552 ἐφῆπται
694 2505 790 2541 κατὰ
822 2503 866 2542 ὁ-

58 2553 173 2596 μοίαν
196 2549 356 2586 ἔννοιαν.

108 2600 161 2632 16.
208 2596 297 2632 τὸν
321 2598 494 2642 μῦθον.
533 2609 743 2641 sermonem,
769 2610 868 2643 quem

60 2644 159 2677 modo
192 2644 312 2677 habuit
344 2643 492 2688 Jupiter.
551 2645 595 2677 de
632 2656 696 2678 usu
730 2644 870 2678 articuli

62 2700 118 2733 ap.
141 2690 240 2723 Hom.
265 2701 297 2723 v.
323 2701 399 2723 ann.
425 2690 468 2722 ad
495 2687 538 2729 α’,
568 2693 620 2726 11.
645 2711 690 2716 -——
729 2702 868 2736 compa-

62 2740 159 2768 ratur
185 2735 281 2780 Virg.
303 2737 386 2769 Aen.
411 2735 445 2775 7,
470 2735 539 2770 404
563 2748 661 2781 seqq.

105 2782 162 2814 ..17
208 2793 343 2838 καρπ.
380 2781 524 2824 ταχέως.
564 2782 646 2816 Sch.

107 2827 160 2861 18.
209 2825 268 2862 ἐκ.
281 2827 497 2886 κατέλαβεν.
531 2828 613 2861 Sch

109 2873 164 2906 19.
185 2874 292 2916 περὶ
309 2872 532 2914 -ύπνος.
548 2873 782 2918 περιεκέχυτο
802 2870 868 2908 αὗ-

63 2919 116 2976 τῷ
142 2915 160 2952 ὁ
185 2921 292 2960 θεῖος
303 2917 443 2979 ’ὕπνους
479 2921 561 2953 Sch.
613 2922 662 2954 Ε.
687 2940 733 2945 —
764 2918 806 2954 τὸ
826 2919 866 2955 δὲ

63 2963 262 3020 ἐκέχυτο
288 2963 348 3021 ὥς.
361 2967 419 3001 ἐπὶ
443 2963 560 3011 ὑγροῦ
587 2965 680 3010 ε’φη,
706 2978 868 3011 περιχεο-

0 3034 1 3060 1
62 3010 177 3056 μένου
203 3007 276 3060 ὅλῳ
295 3013 348 3059 τῷ
367 3010 521 3057 σώματι.
567 3012 735 3055 similiter,
760 3024 865 3047 anno-

916 939 1013 968 tante
1037 934 1082 975 Κ,
1109 930 1152 975 ξ’,
1176 931 1270 971 253.,
1293 930 1423 975 Odyss.
1447 927 1498 970 π’,
1521 926 1623 970 214.,
1656 928 1725 962 Lu-

917 986 1003 1015 eret.
1063 979 1155 1020 ‚40.
1203 956 1280 1012 alii's
1316 983 1430 1011 autem
1461 974 1515 1009 usi
1545 974 1726 1031 metapho-

917 1027 966 1062 ris
989 1026 1098 1059 falsus
1117 1024 1282 1080 Orpheus
1301 1025 1429 1067 Argon.
1454 1023 1556 1057 1009.
1568 1033 1576 1054 :
1599 1020 1726 1055 πάντα

918 1070 1083 1114 ευνάζων
1125 1068 1200 1106 υπὸ
1245 1072 1431 1114 χρυσείαις
1473 1065 1724 1112 πτερύγεσσιν,

918 1117 1119 1158 ⁷1ibull.11‚
1146 1120 1185 1156 1,
1211 1117 1291 1151 91.:
1325 1117 1574 1156 cumtefusco
1597 1114 1726 1148 velavit

919 1167 1067 1199 Somnus
1099 1164 1247 1202 amictu,
1283 1166 1318 1195 et
1341 1162 1420 1219 ipse
1450 1160 1550 1194 Hom.
1580 1157 1624 1201 κ’,
1647 1160 1726 1194 25.ι

918 1209 1005 1248 οὐδὲ
1029 1223 1099 1256 γαρ
1124 1207 1226 1255 αυτῷ
1238 1205 1380 1249 ”’Τπνος
1403 1206 1464 1243 ἐπὶ
1485 1206 1726 1252 βλεφάροισιν

918 1257 935 1294 ἓ
970 1260 1077 1301 ίζανε.

938 1272 1021 1340 φ20.
1070 1300 1186 1345 ὑπερ
1209 1313 1308 1345 κεφ.
1334 1299 1375 1335 τὸ
1402 1296 1622 1357 ἡγεμονικὸν
1644 1312 1726 1354 γαρ,

917 1350 984 1391 τὰς
1009 1347 1203 1393 αἰσθήσεις
1221 1346 1425 1403 ἀνειμένον,
1449 1344 1549 1381 ἐστὶν
1573 1341 1725 1380 αὐτόθι.

916 1397 999 1430 Sch.
1045 1396 1177 1430 Herod.
1203 1396 1237 1435 7,
1268 1395 1345 1428 17.:
1382 1390 1568 1434 ὑπερσταν
1596 1389 1636 1426 δὲ
1661 1390 1723 1435 (τὸ

917 1441 1080 1487 ὄνειρον)
1103 1442 1172 1476 τοῦ
1189 1438 1415 1497 Ἀρταβάνου
1434 1439 1524 1482 εἶπε,
1550 1449 1649 1484 quem
1674 1439 1725 1472 lo-

918 1500 992 1522 cum
1018 1487 1162 1541 protulit
1187 1487 1230 1520 E.
1278 1486 1365 1519 idem
1391 1484 1617 1530 ἐφίστασθαι
1639 1484 1727 1518 dixit

919 1534 1104 1568 historicus
1140 1533 1266 1566 ibidem
1302 1534 1355 1566 12.
1399 1538 1434 1566 et
1474 1530 1527 1566 14.
1574 1531 1725 1564 conferri

914 1580 1019 1625 jussit
1043 1579 1204 1613 Usterius
1227 1576 1271 1618 κ’,
1295 1579 1384 1616 496,
1420 1578 1499 1622 Ody
1503 1589 1548 1612 ss.
1575 1575 1620 1618 δ’,
1646 1578 1724 1613 803.

919 1638 992 1660 cum
1028 1637 1107 1660 ann.
1133 1603 1326 1663 Nitzschii,
1361 1591 1499 1678 Odjssy
1521 1622 1559 1665 ζ’,
1584 1624 1642 1664 21,
1675 1623 1723 1666 ν’,

917 1674 975 1708 32.
1001 1692 1047 1696 -
1061 1673 1189 1728 Νηλ.
1223 1689 1270 1694 —-
1303 1668 1529 1712 Νέστορι.
1564 1667 1620 1704 ὅτι
1632 1669 1721 1713 Όμ.

918 1716 1026 1759 εἰδώς
1045 1714 1095 1758 ὦς
1113 1715 1300 1760 εἰώθαμεν
1313 1713 1517 1772 ἅνθρωποι
1535 1715 1573 1750 ἐν
1593 1714 1726 1756 ν’πνοις

916 1764 974 1800 {ns
960 1767 1081 1804 είνους
1114 1760 1322 1798 ὠσεπιπολύ
1358 1761 1635 1807 φανταζεσθαι,
1669 1762 1725 1804 οἷς

915 1812 1148 1854 προσπαθῶς
1174 1822 1254 1850 πως
1280 1808 1430 1852 ε’χομεν,
1453 1823 1548 1844 κατα
1579 1808 1621 1844 τὸ
1653 1822 1723 1845 ου-

916 1871 999 1913 περ
1038 1856 1125 1892 ὀΐω
1164 1855 1508 1899 μεμνήσεσθαι
1552 1853 1598 1889 έν
1639 1869 1723 1901 περ

917 1902 1089 1948 ὀνείρῳ
1112 1903 1258 1947 (OdJSS.
1283 1900 1325 1942 τ’,
1348 1903 1460 1946 581.)‚
1475 1903 1538 1959 τῷ
1562 1903 1724 1947 Νέστορι

915 1950 1069 1987 πλάττει
1103 1949 1377 1992 ἀπεικασθῆναι
1398 1948 1464 1983 τὸν
1475 1936 1659 1992 ”όνειρον.
1682 1951 1721 1985 Ε.

919 2000 1032 2042 Νηλ.
1058 1994 1130 2031 υἷι
1157 2007 1189 2038 ρ.
1216 1994 1384 2039 Νηλέος,
1420 2002 1460 2029 ut
1490 1994 1723 2039 Τελαμώνιος

917 2044 1007 2083 Αἶας
1032 2048 1068 2077 et
1091 2041 1224 2075 similia.
1259 2053 1292 2075 v.
1320 2042 1363 2073 W
1385 2045 1420 2074 et
1444 2041 1489 2075 U.
1515 2043 1560 2074 cf.
1585 2043 1642 2077 54.

962 2093 1019 2126 21.
1053 2100 1140 2133 γερ.
1161 2085 1328 2130 ἐντίμων,
1352 2087 1619 2142 πρεσβυτέρων.
1639 2089 1721 2123 Sch.

917 2148 1028 2181 neque
1060 2136 1148 2169 enim
1185 2134 1324 2178 propiie
1359 2145 1497 2176 senum,
1530 2135 1563 2168 in
1599 2135 1723 2179 quibus

916 2187 1032 2216 essent
1056 2181 1226 2221 Achilles,
1259 2181 1464 2222 Diomedes,
1501 2181 1624 2224 Ajaces
1655 2181 1721 2215 duo

915 2234 951 2262 et
973 2227 1033 2262 alii
1055 2228 1211 2271 juvenes.
1262 2225 1382 2260 eodem
1405 2237 1507 2260 sensu
1525 2229 1722 2270 γερουσίαν

914 2275 1079 2308 dicebant
1094 2272 1369 2313 Lacedaemonii,
1389 2279 1547 2306 senatum
1564 2274 1721 2308 Romani.

914 2333 945 2354 v.
956 2321 1003 2361 K,
1028 2325 1062 2353 et
1086 2319 1129 2352 de
1147 2320 1285 2355 honore.
1312 2330 1410 2362 quem
1430 2319 1574 2353 Nestori
1598 2320 1722 2354 tribuit

914 2370 1057 2411 Agam.,
1083 2365 1228 2399 inferius
1246 2365 1311 2400 371
1334 2376 1433 2409 seqq.

959 2414 1014 2448 22
1065 2414 1170 2446 ordo:
1196 2411 1247 2457 τῷ
1271 2410 1354 2445 ἐεισ.
1379 2409 1508 2451 θεῖος’
1507 2408 1583 2447 'Onu
1607 2423 1720 2456 προσ-

913 2472 972 2504 εφ.
1007 2471 1083 2503 μιν.

958 2507 1016 2541 23.
1065 2503 1359 2547 &intumo-vos
1404 2503 1491 2546 (60,
1532 2505 1599 2539 875
1632 2505 1719 2548 etc.)

913 2551 1110 2596 πολεμικὸν
1150 2548 1325 2594 φρόνημα
1362 2547 1520 2593 ε’χοντος.
1561 2552 1641 2584 Sch.
1699 2562 1720 2586 a

915 2598 1010 2641 δαῒ,ς
1034 2608 1169 2642 pugna.
1195 2595 1293 2638 alim,
1318 2596 1520 2639 praesertim
1543 2596 1577 2630 in
1603 2597 1718 2640 Odys-

914 2655 986 2688 sea,
1011 2644 1184 2688 δαΐφρων
1217 2647 1269 2675 est
1292 2642 1462 2684 prudens,
1494 2642 1718 2687 additumque

913 2691 1018 2724 habet
1042 2688 1319 2732 ποικιλομήτην,
1346 2687 1626 2732 quemadmodum
1643 2689 1676 2722 h.
1695 2689 1716 2721 Ι.

914 2742 951 2770 et
984 2736 1061 2770 aliis
1095 2734 1262 2770 nonnullis
1296 2735 1346 2776 τῷ
1380 2733 1589 2777 δαΐφρονος
1622 2734 1716 2777 adJ'e-

915 2787 1004 2816 ctum
1030 2789 1104 2823 est,
1129 2781 1224 2815 velut
1246 2770 1440 2825 explicandi
1460 2791 1582 2821 causa,
1606 2779 1716 2814 ἱππο-

915 2827 991 2872 δάμ
995 2842 1053 2865 οιο
1091 2840 1123 2861 v.
1142 2828 1271 2860 Buttm.
1296 2826 1403 2859 Lexil.
1422 2826 1451 2866 Ι,
1468 2827 1525 2861 49.
1552 2825 1715 2859 -.ῑππ

914 2885 949 2908 v.
972 2887 1050 2909 ann.
1075 2874 1118 2908 ad
1144 2875 1176 2909 1.

959 2921 1015 2956 24.
1064 2922 1189 2964 βουλ.
1214 2916 1464 2963 βουλευτικόν.
1487 2918 1567 2950 Sch.
1603 2915 1715 2950 consi-

913 2967 1060 3025 liar-ium,
1083 2970 1288 3005 senatorem,
1313 2963 1373 2997 sed
1398 2974 1492 3002 eum,
1518 2962 1547 3008 ᾧ
1569 2964 1654 2996 λαοί
1677 2961 1713 2997 τ’

911 3012 970 3050 ἐπ.
992 3026 1026 3048 ιι.
1048 3026 1078 3048 τ.
1104 3012 1282 3057 μέμηλεν,
1306 3010 1361 3043 cui
1382 3009 1501 3053 populi
1523 2997 1715 3044 exercitus-
