1811 3269
99 155 183 196 114

733 158 1133 201 ΟΜΗΡΟΥ

263 261 512 334 αὐτόματος
542 265 589 309 δέ
620 266 665 309 οἱ
690 261 799 322 ἦλθε
830 266 942 338 βοὴν
973 266 1141 324 α’γαθος
1170 269 1421 323 ΝΙενέλαος·

256 320 356 377 ᾔδεε
383 339 467 378 γαρ
499 322 610 365 κατὰ
641 323 792 378 θυμὸν
823 323 1038 396 ἀδελφεὸν
1066 326 1126 377 ὠς
1156 326 1364 371 ἐπονεῖτο.

152 380 234 423 410
262 381 376 434 βοῦν
406 380 451 423 δὲ
480 379 818 448 περιστήσαντο,
849 384 923 426 καὶ
954 382 1196 454 οὐλοχύτας
1225 382 1454 428 ἀνέλοντο·

262 440 404 478 τοῖσιν
435 434 474 478 6'
508 435 742 491 εὐχόμενος
764 439 934 508 μετέφη
962 442 1121 494 κρείων
1146 438 1446 510 Ἀγαμέμνων·

347 495 464 542 ,,Ζεῦ
494 492 691 543 κύδιστε,
721 495 813 551 μέγ
822 507 916 549 στε,
945 497 1218 552 κελαινεφὲς,
1251 498 1395 551 ανθέρι
1424 499 1575 552 ναίων,

233 546 323 603 *μὴ
353 549 459 602 πρὶν
487 547 557 592 ἐπ’
577 548 737 619 ἠέλιον
767 555 922 603 δῦναι,

953 554 1026 597 καὶ
1056 553 1125 597 ἐπὶ
1150 553 1317 609 κνέφας
1347 556 1505 608 ἐλθεῖν,

261 606 368 656 πρίν
396 621 448 660 με
478 622 588 650 κατα
616 608 776 665 πρηνὲς
804 611 975 666 βαλέειν
1008 608 1232 679 Πριάμοιο
1263 611 1489 667 μέλαθρον

149 661 231 706 415
264 662 496 717 αἰθαλόεν,
525 677 688 724 πρνσαι
719 666 765 709 δὲ
795 667 938 737 πυρὸς
968 669 1109 737 δηῖοιο
1140 666 1349 721 θύρετρα,

255 696 496 772 Ἑκτόρεον
517 720 562 764 δὲ
591 727 752 777 χιτῶνα
781 725 882 779 περὶ
913 722 1120 796 στήθεσσι
1151 725 1296 775 δαΐξαι

260 779 429 835 χαλκῷ,
465 777 709 834 ῥωγαλέον·
739 780 890 832 πολέες
920 779 965 825 δ’
996 779 1116 837 αμφ’
1147 779 1284 824 αὐτόν
1312 779 1478 836 ἑταῖροι

134 875 213 913 408.
262 875 362 912 αὐτ.
407 876 426 915 6
464 878 691 926 αὐτόκλητος
728 881 791 917 καὶ
830 881 898 926 εἶφ’

89 922 228 960 ἑαυτοῦ
245 925 395 969 μεμαώς
410 924 492 972 ἤτοι
508 926 825 985 προθυμούμενος
843 928 897 965 ε’λ-

85 972 184 1005 θεῖν.
217 991 263 996 -
293 971 426 1029 βοὴν
435 973 475 1008 δὲ
499 972 696 1032 ἀγαθὸς
732 972 751 1010 6
785 979 897 1012 πολε-

85 1016 236 1062 μιστής·
276 1016 347 1074 βοή
372 1017 454 1073 γὰρ
492 1018 531 1055 ἐκ
560 1022 630 1056 τοῦ
649 1026 898 1078 παρακολου-

84 1065 249 1104 θοῦντος
280 1062 302 1109 ἡ
328 1063 438 1122 μάχη.
460 1084 505 1092 -
530 1064 550 1112 ἦ
575 1069 609 1113 β.
611 1065 702 1122 άγ.
737 1065 756 1103 6
781 1067 897 1113 εὐρυ-

87 1109 198 1155 βόας·
232 1108 343 1155 άρετὴ
372 1111 444 1170 γάρ
473 1113 534 1148 καὶ
555 1114 667 1150 τοῦτο
692 1118 897 1161 στρατη,οὗ

84 1157 147 1192 καὶ
179 1157 365 1214 χρήσιμον
384 1157 422 1194 ἐν
447 1159 583 1204 μάχαις
611 1160 652 1196 τὸ
676 1162 893 1206 μεγαλόφω-

83 1215 160 1238 νον.
193 1205 303 1250 μήπω
320 1203 412 1249 γάρ,
439 1208 552 1249 φασὶ,
578 1205 772 1253 σάλπιγγος
789 1208 892 1254 εὗρε·

82 1251 213 1294 θείσης
240 1253 286 1297 τῇ
305 1253 377 1309 βοῇ
404 1250 564 1297 διῴκουν
591 1253 627 1288 οὶ
658 1259 808 1291 παλαιοὶ
828 1256 893 1296 τοὶς

81 1298 148 1341 τῆς
165 1296 285 1341 μάχης
305 1288 488 1339 ἐπιθέσέις
516 1312 554 1334 τε
575 1300 638 1335 καὶ
664 1298 802 1336 ἄνακλ’
782 1315 841 1347 ησε
846 1317 891 1344 ις,

81 1343 144 1378 καὶ
171 1343 409 1403 ἶστορουνται
429 1346 557 1381 πολλοὶ
582 1349 656 1381 τῶν
680 1351 892 1404 στρατηγῶν

80 1388 268 1425 ἐπαινετοὶ
296 1390 359 1425 καὶ
388 1391 473 1435 (imo
490 1391 604 1436 κατὰ)
633 1395 699 1437 τῆς
721 1392 892 1439 εύρυφω-

80 1438 182 1476 ὐἱ-ας
209 1454 255 1461 -
288 1436 370 1472 οἷον
401 1438 699 1483 σμερδαλέον
723 1440 762 1476 δ’
785 1440 890 1496 ἐβό-

80 1493 160 1528 ησε
195 1480 265 1525 (θ’,
293 1484 390 1527 92.,)
427 1484 492 1519 καὶ
525 1485 641 1530 ἤυσε
674 1487 889 1544 διαπρύ-

81 1541 188 1564 σιον
211 1530 276 1573 (ib.
297 1530 410 1584 227.,)
433 1530 495 1566 καὶ
517 1531 641 1579 βοήν
664 1531 888 1579 αγαθοῦς

83 1575 267 1610 ἀποκαλεῖ
286 1574 353 1611 τόν
376 1588 414 1611 τε
426 1573 612 1621 Έκτορα,
643 1582 706 1614 καὶ
740 1581 806 1617 τὸν
823 1582 885 1616 Αἵ

78 1634 196 1664 αντα,
215 1621 276 1656 καὶ
301 1622 368 1657 τόν
388 1624 591 1679 Διομήδην
617 1625 715 1668 (563,
736 1628 779 1669 0',
798 1628 885 1669 249,

78 1670 145 1704 671
165 1669 271 1713 etc),
294 1667 356 1704 καὶ
382 1666 515 1712 ἄλλους
541 1671 745 1714 &mesibvs
770 1693 815 1700 —
839 1674 882 1707 Ε.

76 1715 233 1749 similiter
267 1714 327 1749 alii
347 1715 575 1752 Scholiastae.
620 1718 721 1752 etiam
755 1719 885 1754 oratori

76 1760 113 1795 in
136 1761 300 1795 concione
324 1773 411 1806 opus
436 1769 512 1796 erat
535 1776 619 1798 voce
643 1776 784 1810 magna3
818 1778 884 1810 qua

77 1807 121 1841 de
145 1819 183 1841 re
200 1807 232 1840 K
257 1807 368 1841 evolvi
388 1808 494 1852 jussit
516 1807 559 1854 γ’,
578 1811 680 1852 221.;
706 1813 749 1845 de
767 1812 884 1846 Achil-

75 1853 118 1887 lis
151 1858 263 1887 autem
298 1864 384 1887 voce
419 1856 563 1890 maxima
596 1856 639 1897 σ’,
671 1859 751 1894 217.
785 1870 883 1903 seqq.

75 1898 116 1941 ε’,
140 1901 241 1935 785·
258 1899 443 1955 Στέντορι
461 1902 637 1957 εἰσαμένη
648 1904 884 1960 μεγαλήτορι

73 1943 334 2004 χαλκεοφώνῳ,
343 1942 412 1988 εῸς
428 1947 539 1985 τόσον
560 1947 816 1996 αὕδήσασχη,
794 1963 883 1986 οσον

75 1991 178 2028 ἄλλοι
201 2005 443 2036 πεντηκοντα.

121 2038 202 2074 409.
256 2037 382 2083 ή.δεε
420 2038 519 2086 ῄδει,
562 2038 754 2086 ἠπίστατο.
799 2043 882 2078 Sch.

74 2084 179 2130 (ᾔδεε
200 2097 233 2130 p.
252 2086 326 2132 ᾔδη
345 2086 517 2132 scriptura
536 2088 674 2133 prisca,
698 2094 738 2123 ut
757 2087 882 2126 δέελον

107 2131 231 2175 ,466
265 2144 353 2177 quae
377 2133 470 2167 forte
501 2135 695 2178 neglexisse
719 2135 884 2170 videntur

72 2178 282 2235 grammatici
299 2179 546 2214 emendatores.
572 2182 617 2213 W
623 2181 651 2224 .)
700 2194 817 2216 κατα
839 2185 881 2217 θ.

72 2237 168 2259 κατα
195 2224 261 2280 τήν
288 2224 424 2270 ψυχήν.
474 2238 537 2261 επ.
568 2224 731 2272 ἐνήργει,
769 2227 882 2263 ἔθυεν

72 2268 340 2363 35509‘2353’22.
370 2272 453 2358 {2¹¹
459 2271 651 2360 ..2235
667 2273 753 2356 52?
759 2273 882 2355 ,’..οὲῗυξ

70 2354 391 2409 loquendiAtticus‚
409 2363 452 2397 de
472 2378 538 2410 quo
550 2367 672 2410 Viget
693 2379 727 2412 p.
739 2369 816 2402 188.
836 2369 881 2402 cf.

72 2410 182 2454 Soph.
223 2410 316 2454 Ajac.
354 2410 441 2451 118,
483 2411 660 2457 Aristoph.
704 2414 770 2447 Av.
801 2412 882 2457 458,

71 2455 164 2490 Nub.
192 2457 292 2492 1073.
315 2459 382 2490 etc.

118 2502 198 2536 410.
247 2503 367 2559 βοῦν
402 2499 454 2536 δὲ
484 2514 578 2545 περ.
620 2503 704 2547 περι
741 2502 782 2540 δε
815 2505 882 2542 τόν

71 2547 165 2602 βοῦν
189 2544 309 2602 κύκλῳ
345 2547 513 2593 έστησαν.
546 2547 764 2595 (ἕστηκαν.)
798 2552 880 2587 Sch.

70 2590 167 2674 Σύλ.
193 2593 240 2635 α’,
261 2584 341 2629 449.
375 2595 421 2630 cf.
441 2595 602 2641 Aeschji.
621 2596 720 2642 Sept.
749 2609 780 2631 c.
810 2599 878 2633 Th.

93 2640 116 2675 2
139 2650 201 2684 seq

116 2651 246 2721 41212-
265 2684 346 2721 418.
391 2686 518 2721 recitat
548 2686 614 2720 Dio
649 2688 774 2733 Chrys.
813 2689 876 2724 Or.

71 2731 104 2765 2.
131 2743 165 2776 p.
190 2733 260 2772 96,
285 2737 321 2765 et
344 2731 466 2776 dignas
489 2733 554 2766 deo
578 2745 700 2778 preces
724 2746 799 2769 esse
821 2736 876 2791 ju-

72 2777 167 2811 dicat
183 2777 346 2812 Philostr.
370 2778 512 2812 Heroic.
538 2790 568 2812 c.
592 2782 644 2815 19.
666 2780 712 2813 Η.
736 2800 781 2805 -
805 2780 878 2816 κύ-

72 2824 226 2865 διστε,
253 2843 296 2848 ——
322 2826 501 2858 κελαιν.
526 2823 606 2866 434,
632 2825 679 2868 α’,
698 2828 777 2867 122,
795 2828 875 2863 397.

117 2867 196 2904 413.
245 2880 367 2903 vereor
389 2875 428 2903 ut
456 2870 540 2904 haec
572 2853 774 2928 incon-’rupta
797 2874 875 2907 sint.

71 2916 183 2950 δῦναι
213 2915 265 2949 sol
297 2915 448 2956 dicitur,
483 2927 550 2949 non
584 2915 779 2960 ε’πιδῦναι,
812 2931 876 2954 nec

97 2961 298 2995 robabiliter
329 2959 466 2996 13:26
496 2959 536 2996 δε
573 2961 648 2998 ἐπι
690 2964 876 3010 κνέφας

70 2973 93 3044 Ξ
95 3009 248 3050 λθειν,
271 3004 387 3054 ἤγουν
404 3006 575 3044 ἐπελθεῖν
594 3008 740 3054 σκότος,
763 3024 874 3058 πεφι-

944 885 1138 929 λοτίμηται
1156 882 1355 919 κάνταῦθα
1383 883 1550 939 ρηθῆναι
1578 881 1640 920 οἶα
1665 882 1753 919 σύν-

943 944 1075 975 τροχον
1095 933 1145 978 τῷ
1170 930 1398 966 έπιδῦναι
1430 928 1483 975 ἤλ
1494 943 1581 965 ιον.
1629 930 1753 964 similia

943 984 1124 1023 captantes
1141 977 1272 1011 librarii
1291 977 1471 1022 scripsisse
1491 977 1652 1011 videntur
1677 976 1753 1012 ἐπὶ
1808 993 1810 1011 ε

942 1041 988 1049 -
1012 1026 1145 1067 δῦναι,
1171 1029 1208 1058 ut
1232 1022 1309 1059 ἐπὶ
1331 1042 1369 1047 —
1393 1023 1540 1082 ἐλθεῖν,
1563 1034 1647 1057 vero
1669 1035 1753 1057 sua·
1807 1027 1809 1072 j

944 1070 1008 1103 deo
1032 1071 1223 1104 scribamus
1247 1068 1298 1113 μή
1325 1070 1414 1113 πρὶν
1439 1069 1492 1105 ε”τ
1518 1067 1643 1113 ἠέλιον
1669 1077 1750 1110 etc..

944 1114 1018 1158 ἔτι,
1046 1129 1170 1160 porro,
1206 1122 1245 1150 ut
1269 1115 1321 1149 his
1345 1128 1466 1151 novem
1502 1115 1621 1157 annis3
1656 1116 1752 1160 quod
1806 1123 1811 1157 ξ

940 1163 1228 1196 efficacissimum.
1274 1175 1301 1196 π
1320 1167 1355 1195 et
1371 1177 1390 1197 τ
1408 1163 1544 1197 litteras
1563 1162 1752 1207 permutari

938 1208 1030 1242 inter
1054 1221 1092 1244 se
1124 1209 1235 1243 solere
1270 1208 1305 1241 in
1339 1210 1460 1250 codd„
1495 1220 1592 1242 nemo
1625 1210 1749 1242 nescit.

939 1259 1088 1289 ceterum
1113 1255 1165 1309 Ε.
1199 1254 1331 1295 λείπει,
1366 1235 1499 1310 inquit,
1534 1253 1577 1289 τὸ
1606 1253 1689 1296 δὸς,
1725 1249 1750 1297 ἢ

939 1302 1111 1345 ποίησον,
1136 1297 1357 1344 ἢεῦχομαι,
1384 1299 1462 1344 ἤτι
1478 1301 1665 1335 τοιοῦτον.
1703 1300 1751 1335 cf.
1802 1319 1804 1346 3

942 1349 1006 1391 Ap.
1038 1359 1071 1379 v.
1103 1346 1285 1382 αἰθαλόεν
1316 1350 1352 1379 et
1380 1347 1470 1380 Plut.
1499 1347 1544 1380 de
1571 1346 1749 1392 superstit.

940 1404 974 1437 p.
998 1394 1075 1428 169.
1096 1394 1160 1436 c.‚
1185 1394 1245 1438 qui
1268 1392 1430 1437 supplent
1455 1392 1539 1434 δὸς,
1564 1399 1602 1426 ut
1626 1393 1660 1426 H
1686 1404 1750 1427 an-

937 1439 1091 1480 notavit3
1128 1451 1191 1473 nec
1217 1440 1320 1473 aliter
1345 1445 1381 1473 et
1412 1439 1488 1484 ipse
1512 1443 1548 1473 et
1570 1441 1630 1474 W.
1655 1439 1689 1472 h.
1710 1438 1748 1480 l.,

936 1490 972 1518 et
985 1484 1156 1519 Wictorius
1179 1485 1222 1519 ad
1236 1484 1357 1530 Eurip.
1380 1485 1437 1519 El.
1451 1487 1532 1527 738,
1559 1490 1595 1519 et
1613 1463 1748 1520 Comici

1116 1531 1316 1618 Ra41i.838‚
1351 1531 1488 1577 aliique.
1530 1531 1592 1566 sed
1615 1542 1652 1566 v.
1676 1531 1748 1568 Th.

1101 1579 1123 1613 3
1220 1583 1256 1611 et
1283 1558 1328 1612 U.

934 1529 1085 1576 interpp.

934 1579 967 1618 ἓ.
992 1577 1071 1618 295,

979 1621 1059 1659 414.
1108 1623 1230 1659 κατὰ
1263 1637 1334 1667 πρ.
1369 1624 1471 1669 βαλ.
1511 1624 1746 1670 καταβαλεῖν,

933 1665 1025 1703 ω’στε
1045 1669 1106 1704 και
1125 1671 1177 1711 εἰς
1203 1669 1244 1705 τὸ
1272 1669 1483 1728 ἔμπροσθεν
1502 1674 1637 1707 πεσεῖν·
1662 1670 1745 1704 Sch-

929 1714 1024 1754 μέ.λ
1057 1735 1102 1741 --
1134 1712 1158 1761 ἢ
1189 1714 1208 1751 6
1237 1713 1380 1772 όροφος
1410 1713 1436 1762 ἢ
1465 1716 1506 1752 τὸ
1542 1716 1657 1774 μέσον
1679 1717 1747 1761 τῆς

929 1760 1056 1806 στέγης
1075 1760 1208 1806 ξύλον,
1233 1758 1275 1804 6,
1302 1763 1414 1808 φασὶ,
1438 1766 1604 1800 καλεῖται
1628 1761 1746 1807 υπέρ-

928 1821 1041 1843 τονον
1077 1810 1157 1852 (der
1195 1810 1474 1854 'frag-ballum),
1508 1811 1571 1846 καὶ
1603 1811 1746 1867 γίνεται

929 1851 1004 1890 απὸ
1030 1857 1100 1890 τοῦ
1123 1856 1365 1898 μελαίνεσθαι
1390 1856 1600 1901 αἰθομένου
1625 1855 1746 1900 πυρὸς

928 1902 1071 1947 καπνῷ·
1108 1902 1165 1944 (ut
1188 1904 1318 1936 atrium
1354 1904 1398 1937 ab
1424 1907 1500 1936 atro
1526 1904 1642 1938 colore
1661 1915 1744 1960 ap-

930 1938 1078 2005 pelatum
1096 1950 1250 1993 putant.)
1272 1949 1311 1984 ἐκ
1328 1947 1368 1984 δε
1386 1949 1525 1985 τούτου
1542 1949 1604 1985 καὶ
1619 1947 1640 1985 6
1659 1947 1746 1990 ὅλος

931 1998 1033 2035 οἰκος
1052 1994 1251 2040 μέλαθρον.
1277 2015 1324 2020 -
1357 1996 1400 2030 Ε.
1425 1996 1470 2030 cf.
1495 1997 1592 2031 Hase
1616 1996 1683 2031 vol.
1711 1999 1743 2032 1.

928 2052 964 2086 p
975 2085 1056 2122 415.
1106 2087 1206 2122 αἰθ.
1229 2085 1314 2132 η’τοι
1336 2086 1614 2134 μελαινόμενον,
1638 2086 1744 2132 παρὰ

928 2129 1159 2232 }Z‡.f²‘²8{{²⁷-⁷
1163 2134 1458 2224 ⁹2...{⁸.{³{·..¹3;,
1471 2147 1524 2206 ἱ·-
1546 2135 1741 2222 ὲέἱὲἓῖἒὲῗ
1786 2166 1790 2222 ῑ

926 2222 1017 2268 γόνυ
1046 2223 1228 2266 κέκλιται,
1260 2227 1320 2260 ubi
1345 2228 1512 2261 Abresch.
1538 2238 1740 2262 commemo·
1786 2232 1788 2264 Ξ

927 2271 1018 2305 ravit
1040 2271 1101 2305 illa
1124 2272 1295 2306 Herodoti
1313 2275 1346 2314 6,
1365 2275 1442 2310 27.;
1469 2272 1561 2317 μετὰ
1586 2273 1627 2309 δὲ
1645 2274 1741 2308 ταῦ-
1784 2277 1788 2322 J

927 2330 974 2352 τα
1010 2315 1033 2361 ἦ
1066 2320 1261 2371 ναυμαχία
1295 2318 1542 2366 ὑπολαβοῦσα
1572 2334 1609 2362 ες
1646 2318 1739 2366 γόνυ

929 2363 995 2408 τήν
1021 2362 1132 2398 πόλιν
1167 2364 1283 2410 εβαλε,
1315 2385 1359 2390 -
1395 2366 1437 2399 de
1461 2367 1617 2412 genitivo
1651 2379 1739 2401 πν-

928 2409 1009 2454 ρός
1032 2411 1066 2445 6.
1093 2422 1125 2444 v.
1153 2411 1280 2445 matth.
1304 2415 1338 2454 ἓ.
1362 2412 1443 2448 349.
1475 2414 1566 2447 idem
1591 2413 1740 2447 dixisset

928 2470 1017 2498 πυρι
1038 2457 1144 2504 δηΐῳ.
1177 2458 1284 2491 Sch.:
1311 2459 1498 2502 δηΐοιο·
1523 2461 1740 2502 καυστικοῦ,
1781 2467 1784 2495 ἑ

928 2505 1155 2548 φθαρτικοῦ.
1201 2502 1305 2548 θύρ.
1331 2504 1386 2540 θύ
1391 2518 1468 2549 ρας.
1516 2508 1596 2540 W.·
1619 2507 1737 2548 „altas

919 2554 1029 2594 fores,
1056 2550 1325 2594 ΒορρεΙίῘιιῖιεη,
1348 2552 1417 2585 wie
1441 2551 1545 2585 sehon
1570 2552 1626 2586 die
1651 2552 1739 2586 alte-
1779 2551 1781 2591 Ξ

1373 2598 1584 2639 ίδικλίδας
1612 2598 1736 2642 θύρας
1778 2600 1781 2625 1

1374 2643 1456 2677 item
1480 2643 1598 2684 πύλας
1616 2650 1651 2679 et
1671 2656 1735 2679 σοι
1778 2659 1779 2669 ¹

926 2602 1003 2630 sten
1028 2597 1182 2631 ΡειΠὲι5ιε
1215 2597 1369 2630 hatten‘

925 2643 1014 2676 dixit
1038 2643 1212 2698 Οά)·.ρ55
1226 2645 1348 2683 ,268,

924 2690 1031 2730 νίδας
1056 2687 1105 2732 μ’,
1132 2688 1212 2723 455.
1250 2697 1285 2722 et
1313 2668 1450 2745 O'dyss.
1471 2687 1518 2735 β’,
1545 2690 1625 2726 345.
1682 2691 1736 2725 E:

923 2737 994 2770 τοῦ
1029 2735 1070 2771 δὲ
1104 2733 1315 2791 θύρετρα
1350 2731 1370 2770 ὃ
1404 2733 1524 2777 τύπος
1556 2735 1653 2773 κατά
1689 2735 1733 2773 τὸ

924 2783 1093 2825 τέρετρα,
1122 2795 1141 2816 ο
1161 2782 1272 2825 δηλοῖ
1290 2780 1335 2816 τά
1365 2781 1550 2825 τρύπανα.

969 2828 1048 2864 416.
1096 2827 1278 2870 δαΐξαι.
1313 2828 1508 2872 διακόψαι.
1533 2830 1616 2864 Sch-

1780 2498 1784 2536 ί

967 2873 1047 2911 417
1096 2874 1195 2918 ρωγ.
1221 2874 1286 2929 Ap.
1312 2885 1345 2907 v.
1372 2874 1555 2919 ῥωγαλέα·
1586 2873 1652 2911 τὸν
1676 2876 1732 2911 δι·
1772 2866 1776 2907 ι’

921 2919 1145 2979 ερῥηγμένον
1179 2918 1348 2963 θωρακα.
1385 2922 1435 2965 (v.
1469 2934 1546 2956 ann.
1573 2923 1618 2956 ad
1653 2921 1774 2971 47.)

921 2966 986 3002 διὰ
1003 2967 1073 3025 γάρ
1098 2969 1169 3003 τοῦ
1186 2970 1568 3023 παρακολουθοῦντος
1587 2981 1731 3013 ευχεται
1772 2983 1773 3007 3

916 3010 1143 3060 Ἀγαμέμνων
1154 3012 1320 3059 ’Έκτορα
1339 3011 1494 3051 άνελεῖν.
1528 3015 1655 3051 dictum
1675 3019 1730 3050 est
