1811 3269
593 144 1025 186 ΙΛΙΑΔΟΣ
1081 147 1127 186 Ζ.

1611 151 1695 191 315

199 258 276 300 καί
303 272 379 313 μιν
408 254 505 324 ἐγω
520 251 776 297 κατέλειπον
807 250 888 294 ἰων
917 252 965 295 ἐν
995 253 1166 310 δώμασ’
1197 253 1380 325 ἐμοῖσιν.

207 314 349 356 Τυδέα
379 311 420 356 δ’
454 307 507 353 οὐ
534 309 777 381 μέμνημαι,
808 309 900 352 ἐπεί
930 326 959 363 μ
1010 311 1071 353 ἔτι
1099 310 1268 355 τυτθόν
1298 311 1430 356 ἐόντα

200 366 397 421 κάλλιφ’,
430 365 495 410 ὅτ’
528 366 576 409 ἐν
609 368 807 437 Θήβησιν
838 364 1035 410 ἀπώλετο
1067 366 1172 418 λαός
1200 366 1391 438 Ἀχαιῶν.

201 431 262 481 τῷ
291 427 377 468 νῦν
410 424 482 466 σοὶ
511 423 590 478 μὲν
617 422 700 478 ἐγώ
731 425 868 474 ξεῖνος
898 423 1023 478 φίλος
1043 422 1189 479 ’Ἄργεϊ
1217 425 1360 482 μέσσῳ

89 487 171 529 225
201 481 305 536 εἰμὶ,
338 480 393 523 σύ
425 480 471 524 6’
501 481 549 523 ἐν
579 481 742 550 Λυκίῃ,
775 478 845 522 ὅτε
875 495 951 522 κεν
985 496 1074 522 των
1107 484 1247 550 δῆμον
1280 483 1452 539 ι’.κωμαι

201 537 322 593 ἔγχεα
353 535 393 580 δ’
429 535 629 592 ἀλληλων
659 535 888 591 ἀλεώμεθα
917 536 992 579 καὶ
1026 535 1089 579 δι’
1119 536 1303 591 ὁμίλου·

199 594 354 637 πολλοὶ
383 594 470 664 μὲν
492 593 575 649 γὰρ
606 593 703 648 ἐμοὶ
737 597 884 648 Τρῶες
913 594 1077 636 κλειτοί
1106 593 1147 635 τ’
1180 595 1423 649 ἐπίκουροι,

202 652 412 703 κτείνειν,
445 650 498 694 ὅν
527 667 574 694 κε
603 649 706 701 θεός
735 666 782 704 γε
810 650 927 720 πόρῃ
957 650 1033 692 καὶ
1063 650 1196 693 ποσσὶ
1225 654 1382 721 κιχείω,

199 707 356 750 πολλοὶ
386 706 431 750 δ’
463 725 518 750 av
549 707 619 750 σοὶ
648 705 828 762 Ἀχαιοὶ,
861 706 1111 775 ἐναιρέμεν,
1145 707 1197 750 ὅν
1227 724 1275 750 κε
1308 708 1479 765 δύνηαι

86 769 168 810 230

198 765 349 832 τεύχεα
378 762 420 808 δ’
452 763 655 819 ἀλλήλοις
684 765 1001 833 ἐπαμείψομεν,
1034 761 1157 818 ὄφρα
1188 764 1261 806 καὶ
1292 766 1382 809 οι’δε

199 833 387 891 γνωσιν,
420 820 488 864 ὅτι
513 823 646 872 ξεῖνοι
676 818 891 875 πατρώϊοι
908 818 1128 891 εὐχόμεθ’
1159 817 1286 863 εἶναι.
1292 825 1319 845 “

267 876 350 929 Ὼς
379 876 468 932 ἄρα
498 877 779 932 φωνήσαντε,
811 876 918 920 καθ’
950 879 1097 920 ιππων
1125 875 1310 946 ᾆίξαντε,

202 935 349 1005 χεῖρας
375 933 418 994 35²
450 933 653 1003 αλληλων
682 933 869 990 λαβέτην
899 935 973 979 καὶ
1001 934 1291 977 πιστώσαντο.

201 988 299 1033 ἔνθ’
334 987 437 1034 αὖτε
468 990 655 1048 Γλαύκῳ
687 993 910 1046 Κρονίδης
941 991 1106 1061 φρένας
1137 990 1299 1043 ἐξέλετο
1332 990 1459 1042 Ζεύς,

87 1049 168 1091 235

201 1045 249 1098 ὂς
277 1063 388 1101 προς
423 1049 640 1104 Τυδείδην
678 1048 902 1103 Διομήδεα
933 1046 1071 1103 τεύχε’
1105 1047 1284 1104 ἄμειβεν

200 1102 363 1159 χρύσεα
393 1106 627 1160 χαλκεί,ων
661 1103 930 1179 εκατόμβοι’.
953 1105 1227 1160 ἐννεαβοίων.

77 1207 157 1241 222.
210 1204 364 1242 Τυδέα
399 1203 438 1241 δ’
475 1205 528 1242 οὗ
564 1220 602 1252 μ.
635 1210 703 1240 etc.
757 1219 840 1240 uam

34 1253 144 1295 Tydei
161 1255 275 1297 patris
302 1254 398 1286 haud
419 1255 579 1296 memini,
613 1252 671 1287 avi
695 1254 841 1295 memini,

31 1310 128 1352 quem
153 1298 312 1343 cognovi.
346 1299 397 1333 ita
421 1301 507 1333 haec
526 1301 729 1339 cohaerent3
751 1300 843 1344 quod

31 1344 140 1378 minus
164 1346 358 1404 intelligens
374 1346 488 1380 Schol.
506 1347 642 1404 quidam
662 1357 716 1390 ap.
731 1346 842 1380 Bentl.

30 1390 239 1437 adscripsit·
265 1391 400 1427 ἄτοποι
421 1392 457 1426 οἳ
476 1392 546 1428 δύο
570 1394 695 1435 στίχοι.

76 1439 158 1472 226.
208 1438 296 1483 ἔγχ.
323 1436 362 1473 6'
400 1436 490 1474 ἄλλ.
517 1437 582 1474 ἄλ.
627 1438 844 1482 ἐκκλίνωμεν

32 1482 74 1517 6’
107 1452 284 1528 ἀλληλοις
307 1483 451 1529 ἐφιέναι
492 1485 538 1520 τοὶ
580 1483 730 1527 δόρατα.
763 1486 844 1520 Sch.

30 1530 107 1564 καὶ
133 1531 191 1565 δι’
221 1529 414 1575 ὁμίλου,
441 1532 544 1565 etiam
568 1533 602 1565 in
625 1533 746 1571 tmba,
771 1543 844 1564 cum

31 1576 210 1611 confertim
236 1583 431 1622 pugnatur,
464 1578 709 1622 difficiliusque
735 1589 845 1621 agno-

30 1628 174 1656 scuntur
191 1624 327 1664 hostes3
353 1635 418 1657 non
432 1624 536 1658 solum
562 1624 595 1657 in
619 1625 844 1670 μονομαχίᾳ,

31 1673 71 1704 ut
95 1680 183 1704 nunc
207 1670 356 1714 quidem.

76 1717 288 1751 228-233.
336 1714 469 1773 πόρῃ
503 1714 747 1771 περιποιήσῃ,
772 1728 844 1750 πα-

31 1759 157 1807 ράσχῃ.
182 1781 226 1786 -—
253 1762 387 1805 ἐπαμ.
416 1776 497 1796 αντι
523 1764 590 1797 τοῦ
613 1761 843 1806 ἀμείψωμεν,

30 1806 324 1851 καταλλάξωμεν.
351 1810 429 1852 (οῖ’
435 1810 455 1844 6
468 1821 482 1843 ε
505 1810 599 1842 velut
618 1810 730 1853 digito
750 1821 846 1843 mon-

32 1853 174 1887 strantis
208 1859 283 1896 est,
318 1856 414 1896 hice,
450 1856 547 1889 ambo
585 1856 769 1889 exercitus.
799 1875 842 1879 —

34 1899 163 1941 „moris
193 1900 299 1934 fuisse
324 1900 462 1934 videtur
487 1902 720 1943 Graecorum,
756 1901 845 1935 sicut

33 1947 112 1980 olim
137 1946 314 1980 Celtamm
340 1948 393 1990 (v.
422 1948 664 1990 Macpherson.
690 1960 745 1992 ap.
771 1948 845 1980 De-

33 1991 99 2025 nis.
124 1990 158 2024 in
184 1994 393 2037 metaphrasi
417 2005 523 2037 genn.
548 1994 700 2034 Ossiani,
727 1994 792 2026 vol
815 1996 846 2028 1.

35 2038 208 2082 p.196.),
245 2046 283 2072 ut
317 2051 409 2073 arma
434 2040 524 2073 inter
549 2051 586 2072 se
611 2052 664 2084 pe.
666 2044 847 2072 *¹111ut1rent

32 2084 216 2118 bellatores
242 2085 351 2118 amici.
401 2086 498 2119 simul
525 2086 588 2118 hoc
626 2091 726 2129 pacto
760 2086 846 2118 Dio-

33 2129 147 2163 medes
171 2131 342 2164 instaurat
362 2132 419 2175 jus
440 2131 592 2175 hospitii,
611 2134 701 2176 quod
721 2132 752 2164 ei
771 2143 846 2165 cum

34 2176 168 2210 Glauco
194 2177 472 2211 intercedebatf‘
497 2179 530 2210 E
551 2178 614 2221 K.)
646 2198 690 2202 ——-
722 2190 846 2213 πιστ.

32 2224 171 2262 πίστεις
202 2222 425 2267 ἐποιήσαντο
461 2222 642 2268 α’λλήλοις.
691 2225 779 2265 „nal
807 2223 844 2259 ἐ-

32 2280 129 2303 πιστ.
167 2269 194 2302 [⁴]
228 2276 263 2303 et
301 2271 398 2304 Vrat.
434 2283 486 2311 a.,
527 2271 689 2304 suaviore
723 2276 844 2313 metro,

32 2315 189 2358 Bentlejo
227 2327 361 2359 quoque
390 2317 517 2360 judice.
588 2321 702 2361 potest
734 2326 847 2350 tamen

34 2361 119 2394 alius
143 2361 175 2394 in
197 2363 358 2406 spondeis
383 2363 577 2396 firmitatem
602 2363 758 2407 reperire
782 2363 847 2396 sibi

33 2407 156 2441 videri.
233 2407 396 2442 lubricum
447 2410 534 2442 euim
579 2410 709 2442 aurium
753 2410 848 2453 judi—

33 2454 131 2487 cium.
136 2455 159 2472 “
183 2454 229 2487 H.

78 2499 158 2534 234.
207 2499 384 2544 trepidant
418 2504 506 2533 v.ett
535 2512 590 2545 ap
617 2500 733 2534 Schol.
759 2501 788 2532 B
814 2503 848 2533 et

34 2544 132 2579 Leid.
144 2571 154 2585 ,
188 2549 276 2589 quod
301 2549 402 2589 poeta
429 2548 686 2591 reprehendeie
710 2546 848 2579 videtur

34 2590 272 2625 liberalitatem
298 2592 446 2632 Glauci,
481 2599 516 2625 et
548 2604 749 2636 generosum
775 2593 847 2636 ejus

34 2638 176 2671 animum
214 2638 384 2671 stultitiae
421 2650 578 2682 arguere.
649 2639 847 2683 pariterque

37 2681 230 2717 Diomedem
245 2685 414 2718 avaritiae
434 2685 567 2718 incusat
580 2685 755 2718 Maximus.
758 2686 790 2718 'I'
794 2697 847 2728 yr.

37 2727 119 2763 diss.
137 2731 190 2772 6.
216 2732 295 2769 39
320 2730 376 2766 40.
402 2737 438 2764 at
464 2732 530 2764 ista
555 2743 689 2775 aerugo
707 2737 740 2764 ct
763 2743 846 2763 cura

33 2775 160 2817 peculii
182 2755 249 2809 hon
274 2776 443 2810 imbuerat
479 2777 614 2810 heroum
646 2777 849 2810 Homerico-

36 2831 108 2853 rum
135 2820 281 2863 animos,
313 2833 424 2867 neque
449 2824 577 2857 metalli
602 2823 737 2856 modulo
764 2823 848 2856 Dio-

33 2865 142 2899 medis
168 2878 260 2900 arma
283 2869 489 2902 metiebatur
514 2869 683 2909 Glaucus,
709 2869 767 2902 sed
795 2869 848 2901 in-

36 2911 119 2955 c13ti
154 2912 220 2945 viri
252 2913 384 2947 nomine
413 2926 635 2959 compensare
660 2915 726 2948 sibi
749 2915 849 2948 vide-

34 2957 138 2991 batur
154 2959 320 3008 pretium3
342 2960 527 2995 Diomedes
546 2967 660 2995 autem
681 2961 770 3004 regii
795 2961 848 2994 di-

34 3003 187 3049 vitisque
211 3005 301 3040 dona
329 3006 468 3049 juvenis
502 3007 622 3042 eodem
653 3007 764 3042 animo
790 3018 847 3041 ac-

888 1207 1058 1252 cipiebat,
1085 1219 1152 1252 quo
1178 1206 1312 1241 Alcinoi
1337 1206 1484 1250 Ulysses
1509 1217 1565 1251 ap.
1590 1206 1704 1240 Phae-

889 1266 979 1288 acas.
1030 1259 1212 1298 praeterea
1237 1253 1321 1287 nihil
1353 1253 1418 1286 nisi
1444 1264 1538 1286 arma
1563 1253 1608 1286 ad
1632 1265 1705 1286 ma-

889 1312 966 1334 num
995 1304 1093 1341 erat,
1131 1300 1225 1345 quod
1259 1300 1309 1333 illi
1335 1303 1396 1332 aut
1420 1299 1607 1341 donarent,
1646 1302 1706 1333 aut

889 1346 1003 1391 magni
1034 1345 1267 1380 aestimarent.
1327 1345 1411 1379 illud
1444 1350 1556 1378 tamen
1582 1349 1705 1378 notan-

890 1393 967 1426 dum
992 1397 1065 1435 est,
1101 1393 1194 1436 quod
1221 1394 1324 1437 poeta
1347 1403 1419 1425 cum
1445 1391 1626 1425 stultitiam
1652 1392 1706 1424 di-

891 1439 940 1472 cit
964 1438 1100 1479 Glauci,
1129 1450 1194 1472 non
1220 1450 1261 1472 ex
1286 1449 1348 1472 sua
1372 1449 1520 1482 persona
1543 1438 1705 1482 loquitur,

890 1486 952 1519 sed
981 1490 1020 1518 ut
1045 1485 1187 1528 vulgus,
1213 1486 1310 1529 cujus
1337 1484 1395 1517 ille
1415 1483 1581 1527 judicium
1607 1495 1707 1518 secu-

890 1536 947 1564 tus
972 1533 1194 1573 ειῗρωνικῶς,
1220 1529 1422 1574 magnisque
1447 1541 1556 1574 parva
1582 1534 1618 1564 et
1642 1531 1707 1564 hu-

890 1577 983 1611 milia
1008 1577 1197 1610 admiscens
1225 1589 1264 1610 ac
1287 1577 1380 1609 velut
1397 1581 1606 1620 temperans,
1630 1576 1708 1610 imi-

892 1628 985 1657 tatur
1010 1623 1185 1667 cogitandi
1211 1628 1246 1656 et
1279 1622 1417 1655 dicendi
1442 1623 1576 1655 modum
1601 1622 1708 1665 illum,

891 1682 990 1714 quem
1015 1670 1050 1703 in
1077 1669 1286 1710 Rabelaisii‚
1310 1668 1544 1709 Cervantesii,
1568 1669 1708 1702 Sternei

890 1717 1116 1769 similiumque
1151 1716 1357 1768 scriptorum
1391 1714 1555 1759 operibus
1587 1715 1709 1760 vigen-

890 1769 957 1796 tem
982 1761 1194 1796 recentiores
1220 1761 1358 1806 proprio
1384 1761 1551 1794 vocabulo
1588 1762 1709 1807 appel-

891 1809 1006 1842 larunt
1030 1810 1175 1848 humor3
1200 1808 1296 1851 cujus
1321 1806 1456 1851 generis
1477 1807 1607 1852 aliquot
1627 1811 1709 1841 sunt

891 1855 967 1888 loca
991 1867 1047 1899 ap
1074 1856 1162 1887 hunc
1188 1859 1350 1888 nostr.um
1392 1860 1543 1887 ceterum
1570 1854 1710 1898 φρένας

893 1900 1093 1943 ἐξελέσθαι,
1122 1902 1152 1933 h.
1177 1913 1206 1934 e.
1231 1906 1374 1933 mentem
1401 1911 1440 1933 ac
1463 1901 1709 1943 cogitationem

893 1948 1061 1981 ademisse
1087 1947 1244 1986 Glauco,
1271 1946 1398 1979 dicitur
1422 1946 1571 1990 Jupiter,
1595 1959 1709 1992 quem-

893 1993 1073 2026 admodum
1098 1998 1180 2025 vett.
1207 1992 1336 2032 omnia,
1364 2003 1452 2035 quae
1478 1997 1616 2036 praeter
1637 2005 1709 2026 mo-

892 2051 962 2072 rem
992 2045 1095 2083 atque
1121 2039 1421 2082 expectationem,
1448 2050 1624 2083 praveque
1653 2044 1707 2073 et-

893 2086 956 2118 iam
971 2097 1010 2119 ac
1028 2085 1147 2125 stulte,
1173 2085 1313 2122 fiebant,
1344 2085 1544 2117 referebant
1561 2086 1604 2118 ad
1624 2086 1705 2119 deos

894 2138 1071 2171 auctorem
1105 2131 1201 2174 cujus
1228 2131 1277 2163 rei
1305 2130 1491 2174 exemplum
1518 2132 1551 2164 H
1577 2143 1706 2176 propo-

894 2178 962 2211 suit
988 2178 1224 2217 Pharaonem,
1258 2177 1409 2221 Aegypti
1436 2188 1571 2219 regem,
1606 2189 1707 2222 quem

894 2225 978 2257 deus
1003 2223 1179 2268 impulisse
1204 2223 1330 2256 dicitur
1355 2224 1396 2255 ad
1430 2223 1553 2256 stolide
1577 2223 1706 2257 facien-

894 2272 969 2303 dum
985 2295 994 2310 ,
1020 2282 1095 2303 cum
1121 2269 1228 2304 Mosis
1254 2269 1427 2313 postulata
1448 2270 1563 2302 facere
1584 2270 1706 2312 noluit,

894 2316 1006 2350 Exodi
1033 2328 1109 2360 cap.
1136 2317 1166 2349 5.
1205 2316 1250 2350 cf.
1281 2313 1325 2355 τ’,
1352 2316 1427 2349 137.
1453 2313 1494 2357 ρ’.
1511 2316 1609 2351 469..
1602 2329 1610 2336 ·
1636 2313 1707 2350 Αὐ-

894 2362 1069 2405 τομέδον,
1089 2375 1144 2402 τις
1162 2375 1219 2396 τοι
1237 2375 1281 2396 νυ
1299 2363 1404 2395 θεῶν
1421 2362 1598 2406 νηκερδέα
1617 2364 1707 2419 βου-

895 2408 962 2454 λήν
989 2407 1051 2443 Ev
1084 2407 1280 2452 στήθεσσιν
1315 2408 1425 2453 ἔθηκε
1466 2422 1527 2444 και
1569 2408 1706 2452 ἐξέλετο

897 2455 1034 2500 φρένας
1053 2453 1210 2496 ἔσθλάςς

941 2504 1030 2543 235,
1067 2504 1099 2556 6.
1155 2500 1349 2545 τεύχεα,
1387 2499 1502 2543 ὅπλα,
1540 2503 1705 2545 clypeum.

895 2549 991 2581 verbi
1025 2546 1153 2591 τεύχεα
1186 2548 1271 2581 alins
1296 2547 1372 2580 aliis
1397 2547 1431 2579 in
1465 2547 1548 2581 locis
1574 2548 1708 2593 signifi-

895 2600 994 2628 catus
1017 2599 1088 2628 est:
1115 2606 1187 2627 nam
1215 2594 1313 2627 modo
1335 2594 1489 2637 clypeum
1509 2595 1709 2639 galeamque

894 2645 929 2674 et
956 2641 1086 2674 hastam
1120 2640 1313 2684 significat3
1351 2641 1449 2673 modo
1485 2644 1639 2685 clypeum
1674 2647 1709 2673 et

894 2687 1047 2727 hastam3
1077 2688 1175 2720 modo
1202 2687 1308 2719 solum
1334 2686 1512 2729 clypeum,
1546 2687 1641 2719 velut
1664 2685 1707 2729 γ’,

895 2735 949 2767 89.
976 2739 1011 2766 et
1036 2730 1089 2776 φ’,
1114 2735 1194 2767 301.
1221 2752 1260 2756 —
1288 2732 1467 2776 χρύσεα
1486 2732 1708 2767 -ἐννεα-

894 2780 916 2824 β
929 2780 1052 2813 οίων.
1085 2778 1184 2812 100115
1200 2778 1428 2812 memorabilis
1447 2783 1482 2811 et
1501 2779 1625 2822 passim
1646 2790 1706 2812 no-

894 2831 1008 2866 tatus,
1045 2836 1086 2858 ex
1122 2836 1188 2868 quo
1220 2824 1396 2868 intelligas
1422 2830 1616 2858 consuetam
1641 2824 1707 2858 isto

893 2853 1049 2916 temp6re.
1082 2872 1249 2904 rationem
1284 2871 1376 2904 inter
1415 2881 1474 2903 aes
1507 2876 1544 2903 et
1577 2882 1707 2904 aurum.

894 2917 976 2950 licet
1001 2923 1115 2951 tamen
1140 2917 1321 2958 dubitare,
1358 2915 1576 2949 subtiliterne
1604 2919 1708 2961 poeta

895 2963 1040 3008 pretium
1065 2963 1277 2996 metallorum
1309 2962 1518 2996 constituere
1542 2963 1703 3005 voluerit,

894 3020 936 3043 an
969 3009 1007 3044 id
1040 3013 1172 3044 tantum
1205 3008 1384 3049 indicare,
1417 3007 1559 3042 alterum
1595 2989 1704 3044 alter6
