1811 3269
110 148 168 188 56

739 152 1143 195 ΟΜΗΡΟΥ

320 307 337 315 ,
371 257 459 301 Τὸν
489 257 530 302 δ’
563 258 634 312 ἄρ’
667 260 924 318 ὑποβλήδην
953 260 1162 319 ἠμείβετο.
1183 265 1286 315 δῖος.
1305 263 1535 320 Ἀχιλλεύς·
1560 269 1565 272 ’

277 315 335 369 ,,ή
367 313 451 369 γάρ
490 332 565 359 κεν
595 315 737 368 δειλός
774 334 819 363 τε
848 319 922 362 καὶ
958 317 1192 371 ου’τιδανός
1221 324 1469 378 καλεοίμην,

279 371 317 412 εἰ
348 371 400 426 δή
422 373 499 415 ’σοὶ
531 377 620 415 πᾶν
652 373 781 428 ἔργον
811 373 1059 430 ὑπείξομαι,
1103 377 1197 420 ὅττι
1224 393 1300 420 κεν
1329 381 1462 435 εἴπῃς.
1505 416 1507 421 .
1548 387 1553 407 ῑ
1613 402 1615 406 ·

165 429 248 471 295
279 426 478 471 ἄλλοισιν
509 429 562 484 δὴ
592 429 720 472 ταῦτ’
750 431 990 484 ἐπιτέλλεο,
1022 432 1081 489 μὴ
1110 432 1195 488 γὰρ
1227 434 1403 490 gnome..

279 482 489 538 σήμαιν’ί·
521 484 578 528 ου’
606 485 691 542 γοέρ
725 484 950 543 ἓγῖγ”*’ἓτι
981 500 1051 532 σοι
1081 491 1306 533 πείσεσθαι
1336 489 1428 534 ὀΐω,

277 539 383 583 ἄλλο
414 541 459 584 δέ
489 558 557 585 τοι
588 542 718 596 ἐρέω,
759 545 813 588 σύ
847 543 892 589 δ’
922 545 986 588 ἐνὶ
1016 547 1146 600 φρεσὶ
1175 545 1335 601 βρὶλλεο
1366 552 1515 603 σῇσιν·

276 598 396 652 χερσὶ
427 597 505 652 μὲν
537 597 662 643 οὗτοι
692 600 823 656 ἔγωγε
856 601 1101 657 μαχήσομαι
1132 603 1274 645 εἵνεκα
1305 605 1467 659 κούρης

268 653 379 697 ὀὔτε
409 655 502 700 σοὶ,
536 654 638 699 οὔτε
668 674 726 712 τῳ
759 658 897 712 ἄλλῳ,
950 659 1040 701 ἐπεί
1071 656 1123 713 μ’
1155 658 1369 712 ἀφέλεσθέ
1401 678 1449 716 γε
1480 661 1649 715 δόντες·

162 714 245 754 300
275 714 363 752 τῶν
393 709 436 753 δ’
470 710 638 765 ἄλλων,
679 715 708 756 ἅ
737 718 813 769 μοί
842 716 930 758 ἐστι
959 719 1050 772 θοῇ
1080 716 1201 767 παρὰ
1244 719 1321 772 νηῒ
1349 720 1543 775 μελαίνῃ,

274 771 364 809 τῶν
395 766 479 811 οὐκ
509 767 564 811 ἄν
605 786 645 813 τι
681 771 833 825 φέροις
865 771 1031 815 οἷνελών
1062 771 1269 824 ἀέκοντος
1300 774 1428 827 ἐμεῖο.

276 825 313 866 εἰ
350 823 411 876 δ’,
451 823 527 880 ἄγε
559 826 644 882 μὴν
672 830 896 884 πείρησαι,
937 830 1011 871 ἵνα
1038 828 1214 883 γνώωσι
1246 831 1318 872 καὶ
1350 832 1456 874 οἶδε’

276 879 386 932 αἶψά
416 899 485 925 τοι
517 880 624 935 αἷμα
653 885 858 929 κελαινόν
892 884 1074 940 ἐρωήσει
1111 887 1208 940 περὶ
1247 889 1389 940 δουρί.
1405 892 1434 927 “.

343 936 425 988 ιὩς
458 938 567 994 τώγ’
608 939 844 997 ἀντιβίοισι
881 942 1173 998 μαχησαμένω.
1207 942 1434 987 ἐπέεσσιν·

160 994 243 1037 305
274 991 514 1050 ἀνστήτην,
555 1000 697 1040 λῦσαν
730 999 776 1042 δ’
807 998 976 1056 ἀγορήν
1004 998 1122 1051 παρὰ
1152 1001 1311 1055 νηυσὶν
1342 999 1539 1057 Ἀχαιῶν.

276 1053 491 1109 Πηλείδης
532 1053 612 1109 μὲν
643 1055 709 1098 ἐπὶ
741 1059 911 1109 κλισίας
939 1057 1011 1100 καὶ
1042 1060 1149 1112 νῆας
1178 1057 1296 1109 ἐΐσας

148 1151 227 1187 292.
253 1148 325 1188 ὖπ.
350 1152 570 1202 ὑποβάλλων
589 1158 654 1194 τὸν
675 1161 776 1198 ἴδιον
800 1161 910 1208 λόγον

97 1191 294 1250 Ἀχιλλεύς,
318 1202 384 1250 καὶ,
403 1204 655 1251 μεσολαβήσας
687 1208 909 1253 τὸνἈγαμέ-

100 1254 261 1285 μνονος,
285 1249 373 1289 πρὶν
396 1247 420 1292 ἢ
442 1251 617 1296 σιωπήσει
645 1252 759 1294 αὐτὸς
786 1255 909 1292 εἰπών.

101 1288 184 1322 sch.
221 1291 381 1330 similiter
399 1296 456 1329 alii
476 1300 702 1341 grammatici.
730 1313 835 1346 saepe
855 1308 911 1336 ta-

99 1345 176 1368 men
211 1334 438 1384 ὖποβοὶλλειν
475 1344 561 1377 nihil
597 1345 687 1379 aliud
726 1353 779 1381 est
811 1360 909 1392 quam

99 1385 326 1427 respondere,
363 1393 397 1420 et
420 1385 638 1435 ὑποβλήδην
661 1395 909 1436 respondendo,

100 1427 196 1461 velut
218 1431 328 1473 Apoll.
349 1433 456 1468 Rhod.
480 1436 515 1475 3,
537 1437 625 1471 401:
643 1439 753 1472 dixit:
779 1441 840 1475 καὶ
862 1438 910 1485 δή

99 1484 164 1516 μιν
181 1473 398 1523 ὑποβλήδην
417 1481 622 1524 προσέειπε,
645 1486 837 1528 ,,κακῶς“,
859 1486 913 1519 in-

99 1519 173 1564 quit
183 1521 311 1565 Schol.,
330 1525 389 1559 sed
407 1526 481 1571 ipse
500 1531 631 1570 κακῶς.
648 1531 863 1566 nihilominus
878 1533 909 1566 h.

99 1565 121 1601 l.
143 1566 184 1602 τὸ
211 1566 274 1603 ὑπ.
300 1572 508 1607 reddiderim
529 1576 792 1619 interpellamlo,
818 1578 911 1624 quod

98 1611 200 1647 decet
221 1615 383 1651 Achillem
415 1620 633 1654 vehementer
656 1622 839 1657 irritatum.

144 1659 223 1695 293.
262 1659 415 1698 οὕτιδ.
462 1667 565 1700 nihili
583 1668 693 1702 homo.
738 1681 774 1704 v.
801 1671 907 1705 Schn-

98 1703 131 1738 h.
161 1718 192 1738 v.
221 1712 256 1740 et
288 1709 332 1742 cf.
359 1712 438 1746 231.

122 1752 428 1834 ἲ29546ταῦτα,
462 1758 553 1800 ista,
585 1771 675 1805 quae
702 1761 820 1806 Agam.
852 1762 906 1796 di-

98 1807 131 1830 xi
187 1802 201 1834 1
255 1827 261 1833 .
328 1803 330 1808 '

143 1845 222 1881 298.
247 1859 351 1893 μαχ.
385 1850 589 1894 μαχοῦμαι.
632 1851 712 1886 Sch.
749 1853 793 1887 cf.
828 1855 906 1890 153.

98 1889 214 1944 Schol.
240 1893 327 1927 Ven.
352 1896 401 1929 A:
429 1893 569 1938 οὕτως,
596 1897 659 1933 διοὶ
679 1900 748 1933 τοῦ
767 1912 810 1943 η,
835 1913 907 1945 μα-

96 1947 269 1982 χησομαι,
295 1939 340 1975 οὗ
359 1940 421 1976 &ci
440 1941 482 1978 τὸ
502 1956 549 1984 ες,
573 1944 811 1989 μαχέσσομαι.
848 1947 908 1991 qui

96 1983 309 2030 μαχήσομαι
327 1988 362 2021 in
382 1989 612 2031 Massiliensi,
639 1992 823 2036 Argolica,
849 1993 906 2026 Si-

98 2031 234 2074 nopica.
260 2034 450 2068 Antimachi
475 2042 509 2069 et
528 2037 767 2081 Aristophanis
785 2050 907 2073 recen-

96 2074 192 2111 sione
217 2078 321 2112 suisse
339 2079 410 2119 ait;
435 2093 500 2115 nec
518 2082 631 2126 aliter,
657 2085 773 2118 Schol.
792 2085 820 2118 B
843 2097 906 2119 au-

97 2126 212 2164 ctore,
238 2125 313 2170 ipse
339 2127 583 2170 Aristarchus3
611 2130 673 2163 sed
700 2131 905 2173 Heracleon,

95 2169 213 2203 nescio
238 2183 304 2215 qua
329 2171 372 2205 de
389 2184 505 2214 causa,
530 2175 663 2208 nomina
684 2176 820 2220 quidem
842 2189 904 2222 per

96 2226 142 2258 η,
179 2217 241 2249 sed
274 2219 381 2252 verba
420 2231 482 2264 per
517 2231 578 2254 εσσ
609 2222 714 2256 scribi
743 2223 902 2266 jubebat,

95 2260 189 2295 velut
213 2263 417 2306 Σολύμοισι
443 2265 646 2309 μαχέσσατο
673 2267 715 2310 ζ’,
747 2270 823 2303 184.
850 2269 902 2303 sic

96 2306 199 2341 etiam
235 2309 346 2344 Bentl.
379 2312 478 2345 codd.
508 2313 701 2356 fluctuant,
741 2319 777 2348 et
799 2315 902 2349 habet

95 2364 179 2387 sane
212 2360 358 2399 utraque
389 2358 479 2392 ratio
515 2370 582 2403 quo
617 2372 654 2394 se
679 2366 828 2394 tueatur.
867 2373 901 2394 v.

95 2398 150 2439 H,
184 2401 243 2444 qui
269 2402 345 2436 olim
381 2414 397 2437 ε
424 2408 460 2437 et
484 2416 507 2448 η
538 2417 605 2439 non
637 2406 801 2441 distincta
825 2419 902 2441 esse

95 2444 156 2485 ait,
182 2446 301 2491 itaque
318 2449 500 2493 scripsisse
523 2457 661 2486 veteres
684 2453 900 2497 μαχέσομαι.

93 2490 276 2536 μαχέσατο
311 2499 345 2527 et
367 2495 513 2536 similia,
549 2498 651 2532 etiam
687 2511 760 2533 cum
793 2500 902 2532 altera

95 2537 211 2572 horum
240 2540 386 2574 vocabb.
421 2541 553 2586 syllaba
589 2544 811 2587 producenda
846 2557 901 2578 es-

94 2588 170 2625 set,
193 2597 292 2628 quam
318 2586 441 2621 deinde
465 2590 761 2631 grammaticorum
784 2590 841 2624 alii
865 2591 902 2624 in

95 2643 138 2673 η,
168 2631 226 2664 alii
254 2632 289 2666 in
318 2644 378 2667 εσσ
411 2634 585 2667 mutarint.
635 2636 722 2670 idem
758 2642 901 2670 annota-

95 2676 165 2718 vit,
200 2678 272 2711 rari
305 2679 442 2723 generis
467 2691 543 2714 esse
569 2681 812 2716 Theocriteum
837 2696 900 2726 γα-

92 2725 253 2766 μεθεῖσα
280 2735 313 2768 p.
340 2727 551 2769 γαμηθεῖσα
570 2729 603 2768 8,
625 2731 705 2770 91.,
731 2730 830 2773 cujus
853 2729 902 2762 si-

94 2768 174 2803 mile
208 2769 349 2804 videtur
375 2770 596 2816 μαχέσονται
627 2773 672 2819 β’,
700 2776 801 2815 366..
838 2786 903 2809 nec

93 2816 168 2859 ejus
205 2816 337 2850 formae
373 2817 599 2862 patrocinium
631 2821 900 2865 praetexendum

93 2867 210 2907 putem
242 2862 294 2906 τῷ
328 2862 564 2906 μαχέσσομαι.

139 2908 220 2942 300.
252 2909 345 2943 ταῖν
377 2906 420 2944 δ’
457 2906 625 2946 ἄλλων.
661 2912 751 2956 quod
784 2917 901 2946 autem

94 2953 142 2986 ad
168 2959 282 2988 cetera
306 2955 443 2990 attinet.
479 2967 512 2988 v.
541 2956 666 2993 Matth.
700 2961 733 3001 §-
761 2959 840 3001 320,
865 2959 899 2994 3.

94 3018 137 3023 ——
162 3001 272 3046 θοῇ.
300 3003 354 3036 12.

959 1179 963 1183 ⁴
1003 1163 1082 1197 301.
1110 1159 1317 1202 ἀνελών,
1353 1161 1499 1206 λαβών,
1523 1156 1548 1205 ἢ
1577 1158 1762 1206 ἀφελόμε-

957 1221 1029 1248 νος.
1055 1209 1134 1241 Sch.
1160 1208 1203 1241 cf.
1224 1209 1265 1241 E.
1305 1220 1484 1252 perperam
1504 1208 1641 1251 quidam
1663 1209 1762 1242 codd.

957 1251 1003 1288 ἂν
1026 1253 1138 1295 ἑλών,
1172 1255 1225 1288 bis
1249 1253 1344 1288 illata
1377 1252 1423 1288 ἂν
1448 1255 1636 1300 particula,
1670 1266 1762 1289 more

957 1302 1160 1334 Atticorum.
1309 1316 1314 1321 ’
1733 1333 1736 1338 ,

1004 1348 1083 1381 302.
1120 1346 1163 1380 εἰ
1193 1342 1247 1379 δ’.
1286 1347 1320 1380 εἰ
1346 1343 1385 1385 δὲ
1413 1343 1551 1390 βούλει.
1600 1356 1632 1380 v,
1664 1345 1699 1385 E,
1727 1354 1763 1379 et

957 1393 1027 1427 Th.
1060 1403 1094 1434 p.
1119 1392 1197 1427 517.
1236 1392 1411 1429 contrario
1432 1403 1547 1431 ¹sensu
1579 1390 1704 1439 dicitur
1729 1393 1764 1427 εἰ

958 1435 999 1472 δ’
1027 1437 1097 1473 οὗν
1128 1437 1252 1481 Eurip.
1285 1438 1393 1483 Hipp.
1426 1439 1517 1481 486,
1549 1437 1656 1482 Soph.
1680 1440 1762 1473 Ant.

957 1486 1025 1520 678
1051 1490 1117 1517 etc.
1143 1485 1188 1518 cf.
1208 1484 1288 1518 524.
1755 1491 1757 1493 ’

1003 1531 1082 1565 303.
1118 1528 1174 1572 ἐρ.
1200 1529 1306 1572 περὶ
1339 1531 1370 1564 ὃ.
1399 1526 1681 1574 περιῤῥυήσεται
1709 1531 1762 1577 τῷ

958 1574 1101 1617 δόρατι.
1137 1576 1220 1609 Sch.
1268 1576 1353 1609 alias
1385 1573 1511 1619 ἔρωεῑν
1544 1580 1596 1609 est
1628 1574 1761 1623 ὃρμᾷν.

958 1634 989 1656 v.
1015 1622 1136 1655 lexica.
1184 1621 1300 1656 Schol.
1334 1623 1361 1655 B
1387 1629 1422 1656 et
1447 1623 1491 1656 L:
1527 1621 1687 1666 ἐναργῶς
1720 1621 1761 1657 δὲ

957 1667 1144 1711 πέφανται
1176 1667 1219 1701 τό
1261 1668 1343 1711 περὶ
1377 1667 1469 1711 δόρυ
1509 1668 1602 1712 μεθ’
1643 1667 1762 1714 ὁρμῆς

952 1713 1165 1758 ἐκχεόμενον
1187 1712 1296 1757 αἷμα’
1324 1714 1385 1749 καὶ
1413 1713 1551 1755 ταύτας
1570 1715 1762 1759 ἐμψύχους

953 1760 1070 1805 ἔλεγεν
1090 1759 1185 1795 εἶναι
1203 1758 1297 1805 παρ’
1320 1758 1424 1808 αὐτῷ
1446 1761 1629 1806 (Homero)
1648 1762 1761 1806 λέξεις

951 1804 1202 1851 Ἀριστοτέλης.
1236 1807 1291 1839 Ex
1320 1808 1367 1842 H.

999 1853 1078 1889 304.
1113 1850 1208 1888 ἀντ.
1244 1865 1345 1897 μαχ.
1381 1852 1442 1888 ἐπ.
1475 1853 1521 1886 cf.
1546 1865 1624 1887 ann.
1657 1854 1700 1888 ad
1726 1856 1758 1889 8.

952 1900 1058 1934 Sch.:
1091 1897 1295 1941 ἐναντίοις,
1332 1897 1353 1935 ὅ
1381 1898 1458 1935 ἐστι
1488 1904 1760 1942 στασιαστικοῖς

952 1944 993 1981 λό
1019 1959 1085 1985 οις.

997 1960 1079 2027 {05-
1112 1987 1235 2026 ἀνστ.
1281 1989 1490 2037 ἀνεστήτην.
1537 1999 1759 2028 surrexerunt

953 2037 1091 2072 abituri.
1108 2058 1154 2063 —
1171 2038 1224 2072 λῦ
1237 2048 1331 2072 σαν.
1358 2039 1445 2082 plur.
1467 2050 1528 2084 pro
1547 2039 1639 2072 duali
1656 2050 1759 2073 usur—

953 2090 1065 2129 patus.
1090 2095 1124 2117 v.
1148 2084 1272 2118 Matth.
1298 2087 1329 2126 ἓ.
1349 2086 1426 2119 3004
1477 2085 1527 2118 E:
1552 2083 1611 2119 ὅτι
1629 2084 1670 2120 τὸ
1690 2083 1758 2130 τήν

953 2129 1107 2173 σύναξιν
1148 2129 1423 2165 σκεδάννυσθαι
1462 2128 1619 2166 λύεσθαι
1653 2130 1758 2176 λέγει.

953 2177 1045 2221 φησὶ
1081 2173 1151 2221 γαρ
1187 2177 1339 2211 λῦσαν
1376 2174 1416 2212 δ’
1451 2175 1649 2221 ἀγορήν,
1695 2178 1757 2213 καὶ

950 2225 1062 2258 λῦτο
1088 2220 1130 2257 δ’
1156 2219 1281 2266 ἁγών
1307 2221 1378 2266 (ω’,
1400 2224 1461 2267 1.),
1487 2224 1549 2259 καὶ
1573 2223 1758 2266 ἀνδρῶν

950 2267 1140 2313 οἷγοράς
1163 2265 1283 2313 ἠμὲν
1307 2268 1411 2304 λύει
1436 2267 1519 2314 ἡδὲ
1544 2272 1756 2313 καθίζει.

950 2315 1100 2361 (OdySS.
1132 2313 1177 2360 β’,
1215 2316 1289 2359 69.)
1324 2335 1370 2340 —
1405 2315 1537 2359 παρὰ
1569 2317 1755 2362 νηυσὶν,

948 2361 984 2396 in
1010 2361 1133 2395 castris
1166 2362 1356 2395 navalibus.
1391 2363 1434 2395 cf.
1459 2364 1528 2398 306
1552 2368 1616 2398 etc.

994 2409 1073 2443 306.
1094 2406 1200 2442 ἐΐσα
1214 2420 1242 2447 ς.
1268 2409 1487 2451 ἱσοτοίχονς,
1505 2407 1756 2453 ἰσοπλεύρονς,

948 2458 986 2487 ut
1009 2454 1089 2486 Sch.
1114 2453 1242 2498 aliique
1257 2455 1417 2490 reddunt.
1466 2457 1555 2500 ,ΑΡ-ι
1578 2455 1644 2495 τοὶς
1663 2457 1756 2500 νῆας

947 2498 1017 2539 τοὶς
1047 2498 1085 2540 ἐξ
1123 2498 1296 2542 ἑκατέρου
1331 2500 1467 2543 μέρους
1501 2501 1587 2544 ἴσως
1617 2501 1755 2537 πλεού-

949 2557 1023 2585 σας.
1058 2543 1149 2580 ὅταν
1179 2544 1219 2580 δὲ
1245 2547 1429 2591 φρένας
1454 2546 1593 2584 ἔνδον
1617 2547 1756 2590 ἐΐσας

948 2591 1095 2635 (Odyss.
1121 2590 1165 2635 6'‚
1190 2592 1310 2636 248),
1344 2592 1570 2636 eiupoztovg,
1596 2591 1753 2638 ἀγαθάς.

949 2644 1130 2682 cognatum
1153 2643 1206 2671 est
1225 2650 1367 2682 aequum
1389 2641 1494 2684 justo,
1519 2647 1628 2683 recto,
1654 2642 1753 2675 bono.

949 2684 994 2717 cf.
1030 2695 1105 2717 ann.
1149 2683 1192 2718 ad
1221 2686 1300 2720 286.
1346 2686 1476 2730 ·-itaque
1508 2688 1602 2727 νῆας
1639 2685 1752 2729 ἐΐσας,

948 2730 981 2763 h.
1002 2741 1032 2763 e.
1055 2728 1147 2771 ἴσας,
1174 2730 1275 2763 etiam
1297 2731 1521 2776 interpretari
1539 2733 1621 2767 licet
1636 2732 1754 2774 bonas,

949 2776 1078 2819 agiles,
1112 2777 1198 2810 bene
1230 2777 1429 2811 fabricatas.
1479 2779 1627 2823 proprie·
1642 2785 1752 2813 autem

948 2822 1033 2861 δαῖς
1063 2821 1142 2866 ἐΐση
1178 2822 1305 2856 dicitur
1339 2822 1418 2858 468.
1452 2829 1487 2857 et
1512 2825 1588 2859 aliis
1612 2825 1754 2859 Homeri

948 2867 1046 2908 locis,
1071 2868 1104 2901 h.
1131 2880 1161 2901 e.
1186 2869 1319 2912 epulae,
1344 2870 1380 2902 in
1403 2869 1527 2914 quibus
1546 2871 1660 2916 portio
1680 2871 1752 2904 cui-

948 2925 1017 2956 que
1045 2925 1106 2948 sua
1134 2925 1244 2957 aeque
1269 2915 1454 2957 tribuitur,
1480 2917 1535 2950 ein
1561 2918 1750 2962 gleichver-
1799 2946 1801 2950 ⁴

947 2960 1106 3001 theutes,
1130 2961 1380 3002 gemeinsames
1406 2962 1600 3005 Festmahl,
1625 2968 1662 2997 ut
1691 2974 1750 2996 ex·
1798 2988 1800 2999 ,-

948 3005 1044 3050 ponit
1061 3005 1093 3039 J.
1116 3006 1161 3039 H.
1181 3005 1280 3041 Voss.
1307 3009 1387 3043 krit.
1407 3009 1462 3043 ΒΖ.
1491 3013 1521 3047 1.
1551 3021 1583 3056 p.
1602 3011 1680 3046 207.

1796 3138 1811 3186 l

1800 3241 1805 3262 l
