1811 3269
588 170 1024 211 ΙΛΙΛΔΟΣ
1093 173 1144 211 Δ.

1616 175 1697 216 241

95 285 178 328 415
207 281 369 337 τούτῳ
383 281 462 336 μὲν
494 278 580 334 γάρ
609 280 746 329 κῦδος
776 276 855 332 ἅμ’
885 277 1054 331 ἕψεται,
1085 280 1125 323 εἴ
1150 294 1226 323 κεν
1251 277 1415 335 Ἀχαιοὶ

214 342 364 392 Τρῶας
394 334 646 407 δῃώσωσιν,
676 335 805 378 ε’λωσί
833 350 877 377 τε
895 333 1030 378 Ἰλιον
1059 334 1177 392 ἵρην

210 394 359 461 τούτῳ
381 391 424 435 δ’
456 395 512 434 αὐ
543 391 653 447 μέγα
682 392 848 442 πένθος
874 389 1054 446 Ἀχαιῶν
1084 391 1362 448 δῃωθέντων

208 448 309 493 αλλ’
339 448 414 502 ἄγε
444 447 517 504 δὴ,
549 449 624 491 καὶ
650 453 735 491 νωϊ
762 447 1002 516 μεδῷμεθα
1028 450 1247 507 θούριδος
1276 448 1453 503 αλκῆς.“

278 501 339 547 Ἠ
362 507 439 559 ῥα,
470 505 544 548 καὶ
575 505 616 556 ἐξ
649 503 787 560 ὀχέων
817 504 897 557 ξύν
925 504 1119 559 τεύχεσιν
1149 501 1252 549 ἆλτο
1284 509 1467 560 χαμᾶζε·

94 568 176 608 420
206 561 353 605 δεινὸν
384 560 426 605 6’
457 561 609 631 ἔβραχε
638 562 796 617 χαλκός
825 561 893 604 ἐπι
926 561 1160 630 στήθεσσιν
1192 560 1383 613 ἄνακτος

207 617 480 674 ὀρνυμένου·
512 616 601 662 ὑπό
636 635 713 662 κεν
741 616 1046 674 ταλασίφρονά
1075 634 1155 671 περ
1184 618 1281 669 δέος
1311 617 1434 662 εἶλεν.

265 710 330 744 quo
354 699 449 732 facto
474 698 684 733 instauratur
708 698 897 743 proelium3
922 698 956 731 in
981 710 1048 742 quo
1074 697 1239 741 Trojanis
1263 699 1359 732 Mars
1385 703 1420 732 et
1433 699 1565 744 Apollo,
1588 700 1701 734 Grae-

177 743 226 777 cis
251 752 393 790 praeter
417 744 484 778 alia
507 745 644 779 numina
667 745 781 779 Pallas
806 744 933 778 animos
958 744 1075 788 addit,
1101 744 1293 789 caedesque
1317 746 1403 778 fiunt
1428 751 1575 781 mutuae.

279 800 356 851 Ὡς
386 798 430 844 6'
463 799 531 844 ὅτ’
565 801 611 844 ἐν
642 803 825 860 αἰγιαλῷ
853 799 1063 871 πολυηχέι·
1088 804 1207 855 κῦμα
1235 800 1462 857 θαλάσσης

206 856 359 911 ὄρνυτ’
391 857 711 912 ἐπασσύτερον,
746 847 942 913 ζεφύρου
971 857 1322 930 υποκινήσαντος

210 914 380 972 (πόντῳ
410 915 490 969 μὲν
517 920 725 972 ταπρώτα
754 914 1038 969 κορύσσεται,
1067 914 1205 970 αὐτὰρ
1238 914 1383 958 επειτα

35 1030 109 1063 ²9³·
126 1017 402 1070 Agamemnoni.)
434 1032 458 1052 α
469 1013 516 1060 μ’
543 1017 610 1062 ἕψ.
635 1017 848 1064 ἀκολουθή-

35 1076 102 1100 σει.
151 1061 246 1108 δῃιό
261 1074 420 1098 σωσιν.
455 1064 700 1107 φονεύσωσιν.
748 1069 846 1124 μἐδ.

36 1111 232 1190 φροντιδῖ
253 1107 512 1155 ποιησωμεθα.
557 1112 724 1156 (θουρ.
760 1112 844 1149 ἄλ-

34 1155 253 1246 κῆ4ς19.23ἧ)
279 1157 371 1256 {517¹}-
389 1201 437 1244 α’,
456 1204 524 1238 219
546 1208 611 1238 etc.
637 1224 676 1229 —
705 1203 752 1248 ἐξ
775 1201 843 1249 ὀχ.

34 1269 81 1276 -—
105 1249 298 1293 χαμᾶζε.
344 1248 394 1283 sic
426 1249 538 1283 solent
569 1251 690 1284 heroiis
726 1263 845 1286 morae

34 1295 272 1341 impatienteS,
298 1305 442 1351 cumque
467 1295 617 1330 cominus
641 1309 711 1332 rem
741 1310 843 1342 gere

34 1355 75 1378 re
99 1342 218 1375 volunt
242 1341 349 1374 hastis
374 1341 542 1386 ὀρεκταῖς
567 1348 603 1377 et
625 1344 764 1388 gladiis.

82 1387 163 1423 420.
212 1385 388 1423 δεινόν.
437 1387 560 1423 δεινόν
604 1402 658 1432 τι,
703 1390 844 1429 δεινως.

34 1434 137 1470 Sch.:
164 1432 419 1490 ἐκπληκτικὸν,
453 1434 621 1491 φρικτόν.
670 1434 764 1484 ἔβρ.
803 1434 845 1480 ἤ·

35 1492 157 1537 χησεν.
200 1477 470 1524 ὀνοματοποιΐα
495 1479 514 1517 ὁ
539 1482 689 1525 τρόπος.
737 1485 846 1528 χαλ-

34 1527 548 1609 ’‘⁰4⁹2'1.⁷‘⁵‘'²‘³'‘'-⁰‘⁶²‘’2“}³2'.²v‘3‘
574 1527 717 1609 ἳίλέἑὶ.
764 1577 846 1615 „est

218 1587 306 1609 υπο
334 1593 374 1597 -

34 1620 234 1655 Latinorum
258 1620 415 1654 subiisset
436 1623 584 1656 metus.“
608 1621 661 1654 Ex
674 1621 718 1654 H.
750 1623 844 1655 ταλ.

33 1666 96 1703 καὶ
119 1664 186 1701 τὸν
202 1665 301 1701 πάνυ
319 1665 546 1711 καρτερικὸν,
565 1671 747 1712 γενναῖον.
761 1668 844 1701 Sch.

33 1712 251 1757 ταλάφρονα
285 1712 373 1746 dixit
407 1713 453 1754 ν’,
485 1715 566 1748 300.
605 1712 679 1756 ,,ὃς
713 1716 849 1758 φρονεῖ

34 1760 187 1805 τλῆναι,
222 1758 344 1802 μένειν
368 1760 532 1794 πάντα.“
568 1760 614 1794 K.
667 1761 846 1806 epitheton

33 1806 173 1842 solenne
195 1805 333 1851 Ulyssis
357 1805 392 1839 in
418 1806 588 1851 Odyssea.
628 1808 673 1841 cf.
698 1805 739 1849 λ’,
764 1806 846 1842 466.

80 1852 161 1888 422.
208 1851 389 1897 magnifica
413 1852 601 1898 descriptio
627 1852 756 1898 primae
785 1865 848 1898 pu-

36 1919 136 1952 gnae.
162 1932 186 1949 „
177 1905 448 1955 ‚>‘<praefixum
468 1914 520 1943 est
542 1910 735 1952 inVeneto,
756 1910 849 1955 quod

36 1965 72 1998 in
106 1964 183 1998 aliis
209 1966 307 1999 libris
340 1965 381 2001 τὸ
407 1965 563 2011 χρηστὸν
588 1966 781 2011 significat3
812 1967 849 2000 in

36 2010 94 2044 illo
119 2016 232 2045 autem
257 2012 358 2046 etiam
382 2024 504 2047 versus
528 2013 613 2046 alias
643 2013 762 2046 lectos.
812 2019 849 2047 et

37 2063 226 2091 occurrunt
249 2059 386 2102 quidem
410 2060 537 2093 similes
563 2059 847 2103 comparationes,

35 2103 132 2136 velut
152 2101 198 2143 v',
218 2105 312 2145 796,
338 2117 401 2138 nec
425 2111 537 2139 tamen
559 2106 667 2138 verba
687 2105 832 2138 eadem‘
823 2107 848 2124 ‘⁶

36 2150 92 2182 Ea·
115 2149 160 2182 H.
198 2149 398 2184 Macrobius
427 2152 503 2185 Sat.
527 2152 570 2192 5,
598 2152 652 2186 13.
679 2152 767 2184 hunc
795 2151 847 2184 lo-

37 2206 112 2229 cum
138 2196 183 2229 ad
206 2195 283 2230 illos
307 2198 427 2237 refert,
452 2199 489 2231 in
509 2199 630 2241 quibus
654 2197 753 2241 lirg.
772 2197 847 2230 Ho-

35 2242 154 2275 merici
171 2243 332 2276 carminis
343 2245 568 2299 ΗτηαῙεῆεΐαιεττη
587 2255 655 2277 non
673 2255 848 2288 aequave-

35 2287 94 2321 rit.
143 2287 204 2322 sed
222 2289 351 2333 paulo
342 2290 493 2334 iniquior
517 2295 570 2324 est
594 2289 628 2323 in
647 2290 744 2323 Rom.
764 2302 847 2335 poe-

35 2339 129 2376 tam,
166 2345 241 2368 cum
265 2337 423 2380 proferat
457 2336 516 2370 illa
540 2347 582 2370 ex
606 2337 638 2371 7.
664 2336 752 2369 libro
780 2339 848 2369 Ae-

35 2380 157 2414 neidos
180 2381 279 2416 528.·
271 2406 279 2415 .
294 2384 426 2425 fluctus
442 2384 496 2416 uti
510 2384 620 2426 primo
641 2383 751 2425 coepit
770 2394 846 2415 cum

36 2427 207 2460 albescere
224 2434 324 2460 vento
349 2428 452 2472 (male
462 2430 570 2462 Macr.
587 2430 711 2472 ponto)
723 2441 733 2461 .-
754 2429 846 2462 Pau-

37 2472 136 2506 latim
155 2484 227 2506 sese
239 2475 330 2508 toltit
342 2486 438 2508 mare
454 2480 487 2508 et
507 2477 612 2508 altius
629 2478 743 2508 undas
761 2475 846 2508 Eri-

36 2519 118 2563 git3
139 2519 221 2553 inde
238 2521 305 2554 imo
325 2522 502 2565 consurgit
528 2522 576 2554 ad
596 2522 739 2554 aethera
752 2523 846 2563 fun-

39 2565 94 2598 do.
134 2565 266 2608 „ille,“
300 2566 416 2612 inquit
448 2567 561 2610 (dicit
584 2574 696 2601 autem
718 2567 847 2600 Home-

38 2610 153 2654 rum),
191 2624 301 2666 „cum
335 2614 464 2648 marino
494 2620 587 2647 motu
621 2619 656 2647 et
691 2613 848 2647 littoreos

38 2655 164 2691 fluctus
189 2659 232 2692 ab
249 2658 346 2693 initio
364 2659 551 2701 describit3
576 2660 642 2693 hoc
660 2660 726 2693 iste
745 2671 848 2703 prae—

41 2703 230 2736 tervolatf‘
266 2710 303 2738 at
327 2717 392 2739 non
418 2705 690 2751 praetervolavit
715 2706 847 2749 Georg.

40 2748 77 2786 3,
99 2749 199 2783 238..
223 2750 345 2794 (utque
363 2753 498 2785 volutus
518 2752 672 2795 [fluctus]
702 2752 756 2784 Ad
779 2757 849 2784 ter-

41 2804 102 2826 ras
124 2794 269 2829 immane
297 2804 398 2832 sonat
425 2809 488 2841 per
512 2811 621 2840 saxa,
648 2809 756 2841 neque
776 2799 847 2841 ipso

42 2839 159 2873 Monte
171 2842 281 2874 minor
296 2846 509 2885 procumbit3
533 2851 571 2878 at
582 2846 654 2877 ima
668 2849 848 2877 exaestuat

40 2886 137 2919 unda
159 2887 364 2934 Vorticibus,
394 2891 605 2935 nigramque
634 2892 706 2924 alte
735 2890 848 2931 subje-

41 2937 114 2965 ctat
142 2935 325 2978 arenam.)
363 2948 452 2980 quae
479 2937 595 2981 potius
621 2935 849 2970 adscribenda

42 2984 153 3012 erant.
199 2985 383 3023 praeterea
404 2982 527 3016 Eichh.
550 2983 619 3018 vol.
645 2985 676 3017 1.
712 2994 746 3027 p.
766 2983 846 3016 243.

41 3023 160 3104 athis
184 3025 361 3106 protl'ectos
394 3027 503 3064 initiis
538 3029 730 3075 profecisse
764 3027 849 3062 dicit

122 3081 216 3104 omna

893 1019 1063 1053 Catullum
1098 1018 1206 1064 epith.
1238 1018 1314 1053 Pel.
1347 1022 1383 1051 et
1405 1018 1475 1051 Th.
1502 1017 1589 1058 269,
1627 1018 1702 1061 Ορ-

893 1066 1028 1110 pianum
1055 1066 1142 1109 Cyn.
1167 1067 1210 1105 2,
1234 1065 1314 1105 43.,
1345 1065 1518 1097 Lucanum
1541 1065 1584 1104 2,
1610 1066 1702 1104 601.,

893 1123 935 1145 ex
959 1111 1208 1145 recentioribus
1234 1116 1348 1144 autem
1372 1109 1546 1144 Ariostum
1565 1115 1601 1143 et
1610 1110 1703 1143 T-as

892 1168 1006 1190 sonem
1034 1158 1105 1190 Orl.
1125 1160 1198 1198 fur.
1223 1159 1280 1191 27.
1305 1161 1345 1190 st
1374 1158 1465 1196 111.,
1493 1157 1613 1189 Gerus.
1644 1157 1702 1189 lib.

890 1204 924 1238 7.
950 1208 991 1237 st.
1017 1204 1094 1245 55.,
1118 1203 1380 1237 Lafontaineum
1399 1203 1469 1235 fab.
1491 1204 1524 1243 7,
1550 1203 1618 1243 13..
1641 1202 1702 1235 de-

890 1250 996 1294 nique
1031 1250 1290 1289 Thompsonum
1330 1250 1464 1293 Spring
1496 1249 1576 1283 786.
1611 1249 1704 1282 idem

890 1297 1046 1386 32:333.-
1071 1295 1704 1386 {egit-1:232.³..3255'3-..523333

890 1388 925 1421 la
958 1389 1090 1421 variet&
1127 1394 1162 1421 et
1197 1389 1229 1421 la
1254 1399 1377 1432 pompe
1403 1387 1449 1420 du
1473 1399 1560 1432 coup
1586 1387 1703 1428 d'oeil,

891 1434 924 1467 la
948 1436 1084 1467 marche
1105 1433 1296 1478 imposante
1314 1434 1374 1466 des
1393 1433 1583 1478 phalanges
1602 1445 1704 1477 grec-

891 1491 975 1533 ques
1009 1484 1044 1513 et
1070 1485 1263 1536 troyennes
1286 1481 1400 1537 apres
1433 1480 1465 1512 la
1490 1486 1633 1524 rupture
1655 1481 1702 1514 du

891 1525 1014 1559 traite:
1053 1523 1103 1565 ὠς
1127 1525 1167 1560 δ’
1193 1523 1235 1561 ὅτ
1278 1524 1316 1560 ἐν
1341 1526 1498 1572 αἰγιαλῷ
1512 1529 1534 1545 “
1560 1533 1627 1562 etc.
1657 1546 1702 1552 -

891 1573 1030 1615 κῦμα.
1063 1585 1096 1607 v,
1122 1583 1219 1617 seqq.

917 1641 1111 1685 423sequ.
1160 1639 1319 1676 ἐπασσ.
1356 1638 1520 1685 συνεχὲς,
1543 1639 1699 1676 πυκνόν.

891 1687 960 1731 (α’,
984 1689 1096 1742 383.)
1096 1686 1295 1746 κορύσσ.
1322 1687 1570 1732 κορυφοῦται,
1595 1686 1701 1730 αὔξε-

892 1748 977 1775 ται,
1002 1735 1054 1775 εἰς
1078 1731 1178 1775 ν’ψος
1206 1733 1408 1774 {nod-onon
1442 1735 1480 1777 (,
1486 1746 1599 1779 ,κορ.
1634 1747 1702 1768 von

892 1780 1023 1824 κόρυς,
1048 1781 1174 1815 drfickt
1198 1781 1387 1825 Erhebung
1405 1792 1482 1814 aus:
1507 1781 1556 1814 sie
1571 1781 1702 1815 ίὴίὶινηῐ

893 1829 987 1870 sich,
1023 1828 1169 1861 sckwillt
1209 1828 1312 1869 auf.‘
1345 1827 1403 1860 W.
1459 1827 1505 1860 cf.
1541 1827 1623 1860 Sch.
1658 1828 1701 1862 ad

895 1875 996 1916 442.)
1023 1873 1105 1907 Sch.
1130 1874 1193 1908 K:
1227 1874 1389 1914 ,,κῦμα.
1435 1873 1536 1907 Nach
1560 1885 1703 1907 unserer

894 1920 1191 1964 Schiffersprache
1209 1921 1284 1953 eine
1304 1920 1430 1961 Hulle,
1455 1920 1509 1952 ein
1530 1921 1626 1963 Surs,
1653 1921 1704 1954 ei—

895 1978 938 2000 ne
978 1967 1233 2009 aufgethfirmte
1266 1965 1392 1998 welle.
1465 1965 1568 1999 Diese
1599 1967 1704 2000 Hulle

892 2014 993 2056 fangt
1017 2012 1151 2045 allemal
1187 2023 1250 2052 an,
1284 2011 1359 2044 sich
1390 2011 1426 2044 in
1451 2011 1583 2056 einiger
1608 2013 1702 2047 Ent-

893 2059 1041 2101 fernung
1065 2069 1132 2090 von
1157 2057 1232 2091 dem
1251 2059 1339 2091 O1te
1365 2069 1406 2090 zu
1430 2058 1560 2098 bilden,
1580 2070 1621 2091 an
1636 2060 1703 2093 den

893 2105 945 2138 sie
969 2105 1043 2138 sich
1067 2104 1203 2145 bricht3
1228 2103 1279 2137 sie
1297 2105 1596 2148 vcrgrb'ssertsich
1613 2105 1703 2138 dann

892 2151 1011 2184 immer
1036 2151 1130 2184 mehr
1155 2147 1402 2194 (κορύσσεται.
1428 2151 1497 2194 vgl.
1525 2151 1565 2184 V.
1587 2150 1702 2195 442),

889 2198 926 2241 je
961 2197 1066 2230 naher
1103 2196 1154 2230 sie
1187 2197 1262 2231 dem
1298 2197 1388 2230 Ufer
1422 2197 1558 2231 kiimmt.
1623 2198 1702 2231 lhre

893 2244 996 2277 Ηόὴε
1027 2242 1135 2287 steigt
1163 2243 1226 2276 auf
1257 2243 1299 2277 15
1323 2243 1377 2276 bis
1401 2244 1448 2278 20
1470 2243 1567 2276 Fuss.
1627 2243 1704 2278 Als-

895 2290 986 2322 dann
1011 2290 1119 2332 hangt
1150 2289 1420 2333 (κορυφοῦται)
1453 2289 1548 2323 diese
1581 2291 1703 2334 ausge-

893 2336 1043 2369 thurmte
1070 2337 1184 2379 WVoge
1208 2336 1394 2393 gleichsam
1429 2337 1512 2369 iiber
1536 2337 1598 2369 der
1623 2336 1703 2370 Fel-

894 2381 1067 2426 senspitze
1101 2393 1154 2415 am
1187 2382 1277 2415 Ufer
1317 2380 1443 2426 (α’μφι
1473 2379 1635 2426 ἄκροις),
1671 2395 1702 2416 u.

895 2431 1006 2461 stiirzt
1029 2427 1172 2461 beinahe
1197 2428 1400 2462 lothrecht
1392 2441 1428 2462 in
1445 2429 1584 2463 Gestalt
1609 2428 1704 2463 einer

894 2473 1060 2508 Kaskade
1084 2475 1214 2515 herabg
1251 2487 1306 2507 wo
1332 2475 1422 2508 dann
1448 2475 1509 2508 der
1532 2475 1613 2509 Fels
1635 2487 1703 2509 von

895 2520 971 2553 dem
1011 2520 1336 2554 niederstiirzenden
1370 2522 1514 2554 WVasser
1547 2522 1633 2555 iiber
1669 2533 1703 2556 u.

894 2567 980 2600 iiber
1005 2566 1192 2609 eingehiillt
1216 2567 1317 2600 wird.
1365 2567 1437 2600 Das
1462 2568 1618 2608 Getiise,
1641 2568 1703 2601 das

894 2612 1008 2646 dieser
1025 2612 1239 2653 Fallmacht,
1263 2613 1310 2647 ist
1334 2625 1371 2647 so
1395 2614 1504 2654 stark,
1531 2614 1608 2647 dass
1627 2626 1702 2647 man

895 2669 932 2691 es
972 2658 1027 2691 bei
1065 2658 1174 2693 stiller
1205 2660 1324 2693 Nacht
1360 2660 1420 2693 auf
1453 2660 1540 2693 viele
1574 2660 1701 2693 Meilen

893 2704 978 2738 weit
1001 2705 1107 2738 h6ren
1144 2707 1249 2739 kann.
1289 2706 1325 2738 S.
1352 2706 1547 2739 Marsden’s
1572 2707 1702 2739 Gesch.

894 2761 961 2783 von
985 2751 1146 2784 Sumatra
1172 2752 1257 2784 oder
1284 2752 1537 2796 Lichtenbergs
1563 2752 1702 2796 Magaz.

893 2797 918 2830 f.
944 2796 976 2829 d.
1005 2797 1158 2842 Physik,
1192 2798 1257 2831 Bd.
1280 2799 1314 2831 2.
1347 2798 1399 2831 St.
1426 2799 1458 2833 3.
1488 2810 1521 2841 p.
1549 2799 1633 2832 35.“
1656 2816 1701 2821 -

893 2843 941 2876 So
975 2844 1038 2876 sah
1071 2844 1158 2877 auch
1185 2843 1399 2889 Kephalides
1437 2844 1568 2886 (Reise
1593 2843 1699 2876 durch

893 2888 1016 2922 Italien
1044 2891 1076 2924 1.
1111 2889 1148 2922 S.
1172 2891 1240 2932 33,
1276 2889 1364 2932 34.)
1407 2890 1558 2923 dieselbe
1589 2888 1700 2922 Szene

894 2935 957 2968 auf
980 2935 1042 2969 der
1059 2935 1164 2969 Reise
1188 2936 1275 2969 nach
1288 2935 1480 2989 Smmagha
1506 2935 1548 2968 im
1573 2934 1700 2969 adriat.

894 2982 992 3015 Meet
1017 2982 1117 3016 1815.
1149 2982 1323 3026 Ruhkopf.
1355 3000 1400 3006 —
1431 2992 1619 3017 υποκιν.
1657 2981 1699 3017 τὸ

893 3028 1017 3072 κῦμα,
1041 3028 1123 3062 dum
1148 3029 1265 3063 subter
1294 3032 1406 3062 movet
1424 3029 1582 3070 fluctum.
1618 3027 1676 3063 W.

1372 3078 1426 3116 16
