1811 3269
115 169 170 208 16

112 274 298 334 ἁρμόττον
332 277 504 324 ἰαμβεῖον
534 272 630 324 ἧλκθε
662 278 811 337 μέτρον.
862 282 922 317 διὸ

112 323 171 358 καὶ
202 324 373 377 ἰαμβεῖον
407 325 574 359 καλεῖται
604 325 694 367 νῦν,
721 323 780 361 ὅτι
805 326 844 362 ἐν
872 332 922 375 τῷ

111 382 156 413 με
158 382 230 425 rogo
263 367 383 424 τούτῳ
417 369 590 416 ἰάμβιζον
624 368 817 428 ἀλλήλους.
857 376 922 411 καὶ

111 415 287 472 ἐγένοντο
303 404 378 450 τῶν
401 419 572 453 παλαιῶν
595 418 631 454 οἱ
654 416 722 461 μὲν
739 418 920 476 ἡρωικῶν,

112 462 147 498 οἱ
173 460 213 497 δὲ
249 459 394 509 ἰάμβων
428 466 595 518 ποιηταί.
632 463 763 522 ω’σπερ
788 465 921 503 δὲκαὶ

110 522 158 543 τοι
180 511 370 544 σπουδαῖα
397 508 558 552 μάλιστα
581 510 751 568 ποιητής
753 511 920 569 Όμηρος

111 555 157 600 ἦν
182 554 313 600 (μόνος
331 554 401 600 γάρ
423 553 490 600 οὐχ
511 554 569 592 ὅτι
595 559 649 599 εὐ,
675 554 833 595 ἀλλ’ὅτι
857 562 920 596 καὶ

108 602 280 659 μιμήσεις
313 602 542 647 δραματικοὶς
573 603 784 659 ἐποίησεν),
820 604 919 642 οὕτω

109 650 168 684 καὶ
194 648 241 684 τοὶ
266 650 330 692 τῆς
355 649 553 703 κωμῳδίας
581 649 752 693 σχήματα
775 654 921 697 πρῶτος

109 693 317 738 ὑπέδειξεν,
344 707 387 731 ov
413 694 578 752 ψόγον,
591 694 683 731 α’λλοὶ
709 697 753 732 τό
774 703 919 743 γελοῖον

109 742 448 799 δραματοποιὴσας.
481 739 501 777 ὁ
527 740 615 799 γὰρ
638 746 920 803 ΗΙαργείτης

109 786 358 847 ἀνάλογον
407 787 506 832 ἔχει
524 814 534 830 ,
584 787 740 847 ὥσπερ
778 790 920 833 Ἰλιοὶς

108 836 188 871 καὶ
220 833 482 871 Ὀδύσσεια
516 835 637 879 πρὸς
660 835 760 892 τοὶς
802 853 920 883 τρα-

108 883 307 928 γῳδίας,
350 878 475 915 ου’ται
509 881 589 917 καὶ
623 877 771 924 οὗτος
801 885 921 931 πρὸς

109 929 192 970 τὰς
215 942 314 973 κωμ
326 928 483 973 ῳδίας.
532 927 621 961 idem
651 931 696 963 ad
721 930 857 966 Nicom.
885 934 919 975 6,

108 975 141 1008 7.
167 980 203 1009 et
227 975 271 1008 ad
289 974 435 1008 Eudem.
454 976 486 1015 5,
509 975 564 1009 7.
589 994 634 998 —
660 975 780 1023 ω’σπερ
796 976 918 1025 Όμη-

108 1020 174 1066 ρός
198 1032 321 1077 φησιν
339 1018 377 1055 ἐν
391 1023 452 1074 τῷ
467 1021 695 1075 Μαργείτῃ·

179 1067 263 1104 τὸν
289 1065 321 1102 δ’
344 1063 440 1101 ov't'
464 1062 517 1111 ἂρ
538 1069 786 1125 σκαπτῆρα
805 1069 919 1106 θεοὶ

355 1113 530 1157 θέσαν,
569 1112 664 1149 οὔτ’
689 1115 918 1170 α’ροτῆρα,

182 1158 274 1196 oi’a'z'
303 1157 455 1200 ἄλλως
478 1173 524 1194 τι
549 1160 713 1206 σοφόν.
734 1161 920 1219 (πάσης

354 1203 394 1241 δ
419 1204 671 1251 ἡμάρτανε
694 1208 896 1254 τέχνης.)

110 1252 322 1310 itidemque
333 1252 433 1286 Plato
474 1253 585 1287 Alcib.
619 1256 654 1289 2.
689 1266 723 1313 p.
758 1255 836 1291 147.
875 1256 919 1289 de

110 1300 281 1333 Homero:
305 1297 444 1339 ἐκεῖνος
466 1299 538 1344 γάρ
559 1299 656 1335 ἐστιν
681 1300 700 1336 ὁ
711 1299 833 1357 λέγων
851 1301 918 1338 τὸν

110 1347 310 1390 Μαργίτην
333 1346 585 1390 (ὒΙαργείτην)
603 1346 721 1382 πολλα
746 1347 815 1392 μὲν
839 1347 916 1384 ἐπί-

109 1395 294 1434 στασθαι,
316 1393 439 1432 κακῶς
464 1391 527 1433 δὲ,
553 1393 665 1438 φησὶ,
690 1393 814 1429 πάντα
839 1394 918 1430 ἐπί-

110 1441 273 1474 στασθαι
315 1445 382 1473 etc.
425 1438 564 1472 dixerat
608 1439 778 1474 Homerus
796 1467 808 1486 ‚
863 1441 919 1475 vel

109 1485 266 1539 quisquis
290 1484 347 1518 ille
371 1488 448 1518 est·

178 1530 305 1567 πόλλ’
332 1530 574 1588 ἠπίστατο
600 1529 733 1576 ἔργα,
759 1533 919 1575 κακῶς

353 1575 392 1611 6³
427 1573 673 1621 ἠπίστατο
697 1577 870 1619 πάντα,

108 1636 177 1680 quo
202 1627 310 1658 metro
336 1623 567 1667 conscriptum
595 1624 791 1668 putabimus
816 1632 917 1659 vetus

108 1673 229 1715 poema
253 1670 296 1704 de
321 1669 495 1714 Margite3
520 1670 584 1703 sed
608 1681 694 1704 aevo
720 1673 918 1705 recentiore

107 1720 233 1761 poetae
267 1716 404 1770 quidam
439 1715 596 1756 ridiculi,
632 1716 668 1749 in
703 1716 755 1750 his
779 1718 916 1762 Pigres‚

106 1764 219 1797 frater
238 1761 456 1800 Artemisiae,
480 1762 836 1797 Halicarnassensium
860 1776 918 1798 re-

106 1810 232 1854 ginae,
279 1821 366 1854 quae
399 1808 488 1842 vixit
521 1808 615 1841 circa
648 1809 711 1852 Oly
695 1821 785 1854 y.mp
823 1812 916 1852 106,

107 1855 263 1900 aequalis
295 1854 472 1900 Philippi,
497 1855 609 1899 patris
634 1854 821 1889 Alexandri
853 1856 916 1898 M.,

108 1903 186 1936 dum
221 1912 309 1946 opus
344 1903 518 1945 antiquum
554 1900 656 1933 animi
695 1913 800 1935 causa
836 1913 915 1956 per-

107 1948 263 1993 poliunt,
292 1946 497 1980 hexametris
522 1946 700 1980 heroicis
691 1949 916 1982 1mmiseuisse

109 1994 273 2028 videntur
296 1994 459 2026 iambicos
477 1992 655 2034 senarios,
690 1996 782 2038 quod
808 2005 916 2038 genus

107 2041 244 2074 Tzetza
276 2040 432 2084 appellat
456 2035 710 2084 ἡρωὶάμβους.
764 2041 915 2075 Victori-

109 2098 173 2120 nus
208 2098 241 2131 Ρ.
269 2087 374 2120 2572.
410 2086 465 2119 ed.
493 2086 655 2119 Putscha
692 2087 753 2120 hoc
784 2099 916 2132 genere

109 2144 269 2166 versuum
294 2132 477 2175 (iambico)
509 2151 553 2155 -—
584 2133 718 2175 primus
750 2145 832 2166 usus
865 2139 916 2168 est

110 2180 283 2213 Homerus
319 2179 355 2211 in
388 2179 548 2222 Margite
580 2189 666 2218 suo‚·
704 2191 765 2212 nec
797 2185 916 2213 tamen

108 2231 219 2261 totum
262 2236 400 2258 carmen
443 2225 496 2257 ita
537 2224 712 2268 digestum
749 2227 916 2270 perfecit.-

108 2284 192 2306 nam
217 2272 347 2305 (luobus
367 2272 566 2315 pluribusve
589 2271 798 2305 hexametris
815 2278 917 2306 ante-

105 2319 229 2364 positis
253 2319 356 2352 istum
387 2318 566 2360 subjiciens
597 2318 788 2360 copulavit3
826 2320 916 2363 quod

106 2371 228 2410 postca
253 2364 476 2397 Archilochus
510 2364 749 2406 interpolando
781 2376 915 2408 compo-

108 2413 190 2446 suit.
216 2412 262 2445 cf.
290 2410 370 2443 Atil.
393 2410 576 2442 F.ortunat
602 2409 727 2444 ibidem
753 2422 787 2455 p.
812 2413 913 2446 2692.

108 2459 260 2502 „Pigres
285 2455 352 2489 iste
384 2460 490 2489 totam
514 2455 653 2488 Iliadem
679 2458 839 2490 versibus
865 2458 916 2491 al·-

108 2505 217 2539 ternis
251 2502 480 2546 interpolasse
512 2501 684 2542 traditur,
724 2509 760 2537 et
783 2504 819 2537 in
845 2504 915 2537 ele-

107 2550 206 2603 giaci
234 2548 394 2583 carminis
428 2549 590 2587 formam,
623 2548 766 2592 singulis
791 2555 915 2603 penta-

107 2595 226 2630 metris
257 2599 335 2638 post
368 2593 520 2638 singulos
552 2593 769 2629 hexametros
802 2596 914 2629 inser-

107 2643 173 2684 tis,
206 2641 406 2684 redegisse3
441 2640 534 2683 cujus
568 2641 742 2695 specimen
776 2654 915 2676 conser-

108 2688 204 2724 vavit
227 2687 356 2721 Suidas
387 2686 452 2719 sub
485 2697 571 2719 voce
599 2684 750 2743 Πιγρής

178 2735 252 2778 Μῆ
261 2746 342 2768 νιν
368 2730 523 2773 ἄειδε,
547 2731 660 2774 θεα,
697 2732 913 2780 Πηληϊά-

354 2779 376 2814 δ
388 2791 404 2814 ε
416 2792 444 2813 ω
468 2776 499 2812 'A
511 2791 531 2822 χ
543 2791 555 2812 ι
566 2780 619 2812 λ
597 2792 617 2823 η
633 2793 651 2815 ο
664 2792 692 2820 ς,

224 2827 416 2866 Μοῦσα,
443 2824 497 2859 σύ
521 2823 608 2869 γὰρ
633 2824 790 2871 πάσης
813 2827 913 2862 πεί-

353 2869 458 2916 ρατ’
486 2869 611 2915 ἔχεις
635 2875 820 2918 σοφίης.

111 2919 186 2966 pari
211 2918 343 2954 ratione
363 2917 538 2952 Timolaus
556 2918 691 2962 quidam
711 2920 914 2954 Larissaeus

110 2965 300 3010 dactylicos
332 2966 548 2999 hexametros
585 2965 736 3009 singulos
770 2966 914 3011 singulis

113 3012 270 3047 versibus
293 3009 485 3049 Homericis
519 3010 682 3046 subdidit.
717 3013 818 3057 (vide
841 3012 911 3046 Eu-

744 173 1150 216 ΟΜΗΡΟΥ

970 286 1075 320 stath.
1119 286 1152 319 in
1186 286 1315 331 Odyss.
1350 298 1501 332 prooem.
1535 293 1572 323 et
1603 288 1702 324 Suid.
1737 290 1772 324 iu

975 330 1170 376 Τιμόλαος.
1172 333 1217 377 )“
1250 333 1368 378 Poyne
1392 334 1526 378 Knight
1552 335 1711 380 Prolegg.
1738 336 1772 370 in

969 379 1067 413 Hom.
1092 379 1154 420 Vi,
1179 381 1212 415 8.
1237 379 1280 412 cf.
1308 379 1482 414 Kfisterl.
1508 381 1529 414 1.
1569 385 1653 415 sect·
1678 383 1714 422 6,
1736 383 1771 418 3.

969 425 1184 458 Kfisterusl.
1210 425 1246 465 l.‚
1272 431 1364 469 part.
1388 427 1421 460 2.
1446 432 1531 460 sect.
1555 429 1610 462 2:
1644 428 1772 472 „hujus

969 470 1155 515 poematis,
1160 473 1184 490 “
1219 470 1352 515 inquit,
1387 472 1476 515 „(de
1500 472 1672 517 Margite)
1705 485 1772 507 me-

968 516 1065 549 minit
1090 516 1190 550 etiam
1215 517 1494 562 Harpocration,
1520 519 1578 563 qui
1602 519 1636 552 in
1661 519 1771 553 lexico

967 562 1000 596 X
1023 562 1211 596 Rhetorum
1236 575 1279 597 ex
1301 563 1443 608 Marsya
1468 565 1512 598 de
1535 565 1640 599 rebus
1663 565 1772 609 gestis

966 607 1155 642 Alexandri
1195 609 1247 644 M.
1281 610 1411 651 refert,
1452 610 1683 645 Alexandrum
1723 611 1772 646 Μ.

967 655 1032 688 hoc
1056 654 1223 699 poematis
1247 656 1402 696 nomine,
1435 656 1508 690 sive
1531 656 1728 701 Margiten,
1751 668 1774 691 a

967 700 1196 734 Demosthene
1251 701 1461 746 appellatum
1501 702 1619 736 fuisse.
1634 705 1657 722 ‘⁶
1712 702 1772 736 sed

966 747 1051 780 haec
1079 747 1255 783 hactenus.
1291 767 1332 771 —
1365 748 1771 792 Batrachomyomachia,

967 804 1056 837 quae
1090 797 1143 826 est
1175 793 1209 826 in
1232 793 1406 835 manibus,
1440 794 1522 839 quin
1546 795 1729 829 Homero
1719 807 1773 828 ιιι-

961 839 1056 882 juria
1078 839 1266 881 tribuatur,
1291 851 1387 873 nemo
1413 839 1515 874 hodie
1539 840 1696 884 dubitat,
1719 841 1773 875 lu·-

967 884 1096 918 dicrum
1119 885 1204 919 illud
1229 897 1366 931 quoque
1389 897 1538 928 carmen,
1563 898 1676 932 neque
1698 886 1772 920 ille-

967 931 1102 976 pidum,
1140 931 1232 977 quod
1267 943 1309 966 ex
1344 932 1463 967 eodem
1490 934 1641 967 fortasse
1677 933 1774 967 fonte

967 977 1192 1011 derivandum
1226 982 1299 1019 est,
1336 978 1426 1012 sicut
1461 978 1583 1012 similia
1606 977 1774 1023 Ἀραχνο-

955 1025 1081 1081 ‘aazia
1115 1028 1150 1058 et
1175 1026 1438 1071 Γερανομαχία
1470 1037 1528 1070 ap,
1564 1024 1705 1060 Suidam
1738 1037 1772 1060 v.

955 1069 1135 1115 Όμηρος

1014 1118 1077 1160 15)
1102 1119 1153 1150 ita
1177 1117 1255 1150 MS.
1282 1117 1457 1159 Venetus,
1487 1129 1551 1151 nec
1575 1116 1677 1151 aliter
1700 1117 1773 1152 Leo

967 1163 1113 1197 Allatius
1138 1163 1287 1197 diatriba
1311 1163 1355 1197 de
1380 1163 1494 1208 patria
1518 1164 1681 1201 Homeri3
1715 1163 1773 1208 qui

966 1209 1103 1254 quidem
1127 1209 1274 1243 Allatius
1299 1209 1516 1243 scribendum
1542 1214 1641 1255 putat
1664 1209 1773 1245 ἑπτα-

965 1256 1135 1297 πέκτιον,
1180 1267 1255 1290 cum
1294 1267 1351 1300 ap.
1385 1255 1595 1301 Hesychium
1628 1256 1774 1314 legatur

964 1301 1215 1344 ἓπταπὲκτιος,
1244 1298 1267 1347 ἦ
1293 1303 1452 1347 βαθείας
1476 1303 1600 1346 τρίχας
1625 1300 1771 1347 ἔχουσα,

965 1361 1053 1394 quae
1088 1360 1195 1393 capra
1227 1349 1408 1382 Amalthea
1439 1348 1663 1393 intelligenda
1698 1359 1773 1382 esse

964 1395 1102 1429 videtur
1132 1395 1209 1438 Hey
1203 1394 1280 1428 nio.

1012 1442 1074 1484 16)
1099 1440 1270 1474 Diodorus
1297 1438 1366 1472 Sic.
1393 1438 1427 1482 4,
1453 1440 1508 1475 31.
1535 1439 1578 1474 de
1602 1439 1772 1474 Hercule:

964 1499 1054 1527 τους
1076 1484 1144 1530 μὲν
1162 1499 1233 1531 γαρ
1253 1484 1551 1529 ὀνομαζομένους
1561 1486 1772 1530 Κέρκωπας,

964 1531 1210 1588 λῃστεύοντας
1233 1532 1296 1567 καὶ
1320 1532 1438 1567 πολλοὶ
1464 1532 1560 1567 κακοὶ
1586 1534 1772 1589 διεργαζο-

963 1578 1109 1622 μένους,
1134 1575 1198 1619 οὓς
1222 1577 1290 1623 μὲν
1315 1577 1536 1620 ἀπέκτεινεν,
1562 1592 1629 1620 ους
1647 1578 1685 1614 δὲ
1705 1581 1773 1620 ζω-

964 1624 1103 1681 γρήσας
1136 1626 1358 1669 δεδεμένους
1390 1626 1580 1669 παρέδωκε
1613 1627 1658 1672 τῇ
1683 1622 1772 1668 Ὀμ-

965 1671 1087 1718 φάλῃ,
1130 1683 1198 1717 quo
1241 1672 1314 1705 loco
1349 1672 1558 1717 Wesseling.
1593 1662 1770 1727 proverbii

964 1719 1040 1754 loco
1066 1718 1134 1753 dici
1158 1718 1287 1752 monuit
1306 1720 1540 1760 κερκωπίζειν
1565 1723 1601 1752 et
1626 1715 1770 1761 Κερκώ-

962 1779 1044 1800 πων
1070 1764 1209 1809 ἀγορά,
1249 1777 1268 1798 a
1293 1765 1489 1809 Cercopum
1521 1764 1702 1798 fraudibus
1734 1768 1772 1798 et

963 1812 1128 1857 strophis.
1175 1811 1464 1867 „Harpociation
1512 1810 1547 1844 in
1589 1809 1770 1853 Κέρκωψ·

963 1857 1003 1893 ἐν
1048 1862 1128 1898 τοῖς
1168 1859 1220 1896 εἰς
1253 1854 1436 1914 Όμηρον
1477 1854 1770 1900 ἀναφερομένοις

963 1904 1140 1951 Κέρκωψι
1176 1904 1375 1948 δηλοῦται,
1411 1901 1460 1943 ὥς
1496 1902 1769 1960 ἐξαπατητῆρές

962 1964 1000 1986 τε
1026 1952 1119 1996 ἦσαν
1142 1965 1204 1985 noct
1228 1949 1388 1994 ψευσταὶ
1412 1951 1447 1985 οἳ
1470 1949 1675 1992 Κέρκωπες.
1707 1949 1769 1983 ad-

962 1998 1055 2032 ditur
1080 2010 1099 2032 e
1123 1998 1330 2040 Xmagora,
1358 2007 1416 2029 eos
1440 1996 1474 2030 in
1499 1997 1625 2037 simias,
1650 1994 1768 2040 πιθή-

961 2058 1070 2085 κους,
1103 2048 1249 2078 mutatos
1274 2042 1469 2076 Pithecusis
1502 2043 1622 2077 insulis
1647 2053 1769 2076 nomen

962 2092 1101 2125 fecisse.
1150 2089 1311 2122 videntur
1346 2088 1450 2123 iidem
1485 2089 1520 2123 in
1558 2088 1768 2122 dramatibus

962 2137 1125 2181 satyricis
1157 2134 1288 2169 inducti
1325 2134 1442 2168 eodem
1475 2135 1550 2168 loco
1584 2134 1692 2168 habiti
1728 2145 1768 2168 ac

962 2184 1048 2228 Saty
1043 2183 1093 2216 ri.
1129 2202 1174 2206 —
1208 2181 1301 2215 Plut.
1335 2180 1378 2214 de
1403 2180 1529 2214 adulat.
1564 2191 1600 2225 p.
1625 2182 1681 2215 60.
1708 2180 1768 2214 C..

962 2230 1024 2264 καὶ
1047 2228 1116 2273 γὰρ
1136 2225 1318 2271 Ηρακλῆς
1340 2225 1516 2270 Κέρκωψί
1536 2239 1575 2261 τε
1599 2225 1661 2261 καὶ
1685 2228 1769 2261 Σει-

961 2278 1086 2331 ληνοῖς
1111 2274 1347 2330 (inserendum
1373 2274 1522 2307 arbitror
1547 2269 1609 2313 (ὃς.
1642 2272 1768 2314 Both.)

962 2319 982 2358 6
1017 2320 1201 2360 Διόνυσος
1233 2318 1426 2363 ἐτέρψατο.
1474 2319 1648 2364 Cercopes
1675 2319 1767 2352 Her-

962 2369 1070 2403 culem
1095 2366 1318 2401 dormientem
1345 2376 1530 2411 aggressos
1554 2366 1671 2399 eodem
1696 2376 1767 2398 mo-

962 2414 1026 2455 do,
1063 2426 1131 2458 quo
1164 2413 1379 2457 Pygmaeos,
1412 2411 1586 2455 impudico
1621 2411 1766 2451 scilicet,

962 2442 1085 2494 fecisse
1119 2465 1238 2493 narrat
1270 2458 1406 2503 Eunap.

961 2508 1139 2587 ἕξωοῗῗ
1143 2551 1187 2585 ad
1220 2550 1378 2594 Apollod.
1411 2552 1447 2591 2,
1471 2550 1512 2591 6,
1537 2551 1569 2585 3.
1581 2575 1590 2592 ,
1624 2560 1659 2593 p
1687 2550 1765 2584 181.

962 2600 1007 2632 cf.
1040 2596 1191 2632 Nasonis
1231 2596 1382 2640 interpp.
1428 2575 1571 2630 Metam.
1612 2593 1675 2635 14,
1708 2595 1765 2629 92.
1807 2613 1810 2642 3

961 2646 1088 2679 Tzetz.
1131 2643 1175 2677 ad
1207 2643 1382 2687 Lycophr.
1415 2644 1473 2678 91.
1517 2646 1553 2676 et
1592 2639 1766 2674 Welkerii
1806 2646 1809 2674 ,¹

961 2689 1300 2734 Aeschyl.'1'rilogie
1323 2700 1358 2733 p.
1377 2690 1453 2725 186.
1479 2699 1556 2721 ann.
1576 2688 1656 2722 281.
1681 2685 1767 2719 mire

961 2738 1004 2771 de
1027 2736 1220 2770 cicadarum
1245 2746 1374 2778 genere
1397 2733 1541 2778 quodam
1572 2730 1766 2786 cognomini

961 2795 1016 2828 ap
1032 2782 1206 2816 Aelianum
1229 2781 1274 2814 H.
1296 2782 1336 2814 A.
1358 2782 1413 2821 10,
1435 2777 1493 2814 44.
1517 2777 1648 2822 cogitat
1665 2778 1764 2813 Rich.

959 2830 1079 2873 Payne
1121 2827 1256 2870 Knight
1297 2825 1461 2870 Prolegg.
1507 2824 1542 2858 in
1558 2791 1764 2858 gHomerum

960 2887 996 2920 p.
1020 2873 1053 2910 4.
1078 2893 1124 2898 -
1148 2872 1261 2907 omisit
1285 2872 1341 2906 hic
1366 2878 1483 2905 noster
1501 2871 1652 2914 hymnos,
1676 2881 1762 2914 quo-

1441 2457 1510 2490 Vit.
1543 2457 1696 2503 Sophist.
1730 2468 1766 2501 Ρ.
1809 2479 1811 2500 3

1180 2504 1296 2538 nescio
1336 2504 1438 2537 unde.
1450 2506 1474 2522 ‘⁶
1538 2504 1594 2537 Ex
1637 2501 1766 2547 Heynii
1809 2502 1811 2540 ξ

1804 2795 1806 2802 ι

1802 2870 1805 2898 Ι

958 2933 1032 2955 rum
1056 2923 1216 2965 superest
1238 2919 1382 2964 sylloge,
1408 2917 1507 2952 Iliadi
1532 2914 1804 2970 atqueOdys-1

959 2978 1040 3001 seae
1072 2965 1194 3009 subjici
1226 2965 1350 3006 solita,
1386 2963 1467 3008 quia
1498 2960 1671 2996 Homerici
1701 2972 1762 2995 vo-
1800 2999 1801 3002 Ἴ

960 3016 1083 3048 cantur
1115 3011 1208 3058 apud
1241 3015 1327 3046 vett.
1361 3013 1542 3050 auctores3
1574 3007 1670 3042 velut
1701 3007 1764 3051 hy·
1799 3031 1811 3059 λ.
