1811 3269
93 149 150 188 64

725 147 1131 191 ΟΜΗΡΟΥ

273 256 327 302 ὃν
356 256 584 329 Βριάρεων
613 257 823 301 καλέουσι
850 258 970 310 θεοὶ,
985 258 1161 331 α’νδρες
1191 258 1256 303 δέ
1266 276 1312 303 τε
1338 259 1535 313 πάντες

243 312 490 386 *Αἰγαίων’
522 314 562 370 (ὁ
593 314 677 370 γὰρ
709 317 813 358 αὐτε
842 317 916 372 βίῃ
947 311 1002 359 οὗ
1030 316 1197 370 πατρὸς
1226 316 1457 373 ἀμείνων)-

157 374 240 417 405
270 371 319 423 ὅς
349 372 404 428 ῥα
434 371 554 425 παροὶ
584 372 810 425 Κρονίωνι
835 373 1060 426 καθέζετο,
1091 373 1217 416 κύδεϊ
1242 376 1400 427 γαίων·
1722 408 1738 419 .

268 428 348 471 τὸν
387 429 460 472 καὶ
488 427 751 471 ὑπέδδεισαν
779 427 972 482 μάκαρες
1003 430 1124 481 θεοὶ,
1166 430 1270 474 οὐδέ
1295 428 1337 473 τ’
1368 431 1542 500 ἔδησαν.
1576 446 1580 451 ·

269 489 360 528 τῶν
389 489 474 528 νῦν
503 501 580 539 μιν
610 483 812 555 μνήσασα
842 485 1024 538 παρέζεο
1056 487 1129 529 καὶ
1159 487 1263 557 λαβὲ
1293 486 1485 545 γούνων,
1529 512 1531 514 -

271 544 320 584 αἴ
347 542 422 584 κέν
453 556 545 592 πως
574 539 776 611 ἐθέλῃσιν
805 542 875 586 ἐπὶ
908 542 1129 595 Τρώεσσιν
1139 542 1328 614 ἀρῆξαι,
1540 576 1543 582 ,
1589 578 1594 582 .

268 598 376 648 τούς
406 598 451 641 δὲ
480 598 591 641 κατὰ
620 613 826 670 πτρυμνας
854 615 899 642 τε
927 600 1000 641 καὶ
1030 597 1149 654 ἄμφ’
1179 600 1260 643 ἅλα
1292 593 1413 643 ἔλσάι
1438 600 1637 657 Ἀχαιούς

155 658 239 702 410
268 654 602 711 κτεινομένους,
632 656 706 699 ι’να
735 655 893 707 πάντες
923 655 1199 710 ἐπαύρωνται
1226 645 1452 714 βασῖλῆος,
1584 674 1589 676 ·

99 783 239 826 Theog.
266 779 344 816 147.
361 792 469 826 seqq„
487 781 646 826 Apollod.
664 781 690 823 1,
715 783 743 817 1.
769 782 827 816 alii
846 782 911 816 ali-

100 834 157 862 ter
177 853 188 870 ‚
217 840 306 872 quae
330 826 441 862 mitto.
474 846 520 851 ——
553 827 752 871 μακρόν.
786 828 912 873 μέγαν.

100 875 182 908 Sch.
208 875 340 916 latum,
365 878 514 915 vastum,
539 886 604 908 non
629 878 750 918 altum,
777 882 815 908 ut
835 875 911 920 qui-

101 920 178 954 dam
203 920 332 954 volunt.

148 967 228 1002 403.
256 975 350 1000 recte
375 965 479 999 Sch.:
514 967 587 999 τῶν
623 965 834 1004 ὁυωνυμων
867 964 908 1001 τό

101 1011 169 1058 μὲν
203 1012 404 1066 πρότερον
404 1009 535 1065 ὄνομα
568 1013 705 1056 (nomen
733 1012 912 1057 antiquius

102 1064 138 1093 et
162 1059 368 1101 obsoletum)
394 1053 562 1102 Όμηρος
597 1060 649 1099 εἰς
680 1059 797 1098 θεους
821 1058 910 1093 ἁπα-

103 1104 227 1150 φέρει,
252 1105 293 1139 τό
321 1105 361 1139 δὲ
394 1104 566 1147 δεύτερον
592 1107 643 1144 εἰς
669 1104 911 1149 ἅνθρωπους,

103 1152 154 1192 ὡς
177 1152 239 1186 καὶ
271 1150 312 1186 τὸ
347 1154 556 1195 χαλκίδα
589 1153 913 1196 κικλήσκουσι

101 1199 236 1240 θεοὶ,
269 1195 452 1242 ἄνδρες
491 1196 539 1233 δὲ
583 1197 813 1241 κύμινδιν
843 1197 912 1254 (ξ’,

103 1245 225 1288 291.,)
268 1244 331 1278 καὶ
374 1257 417 1278 πε
422 1245 455 1287 ρὶ
505 1245 574 1279 τοῦ
618 1246 811 1288 ποταμοῦ,
861 1241 912 1279 ὃν

103 1291 303 1329 Ξάνθον
358 1290 597 1325 καλέουσι
649 1294 756 1326 θεοὶ
782 1317 791 1332 ,
841 1288 909 1324 ἄν-

103 1339 216 1380 δρες
250 1336 300 1371 δὲ
338 1336 669 1379 Σκάμανδρον
703 1337 767 1380 (v'
781 1336 912 1380 ,,74.).

100 1390 286 1429 praeterea
303 1383 333 1415 E
355 1384 629 1417 commemoravit
648 1385 784 1417 herbam
808 1384 912 1426 μῶλυ

102 1430 233 1474 Odyss.
250 1428 292 1471 κ’,
316 1430 416 1469 305.
440 1430 576 1463 nonnisi
614 1441 632 1462 a
667 1429 733 1467 diis
757 1429 913 1473 appella—

101 1481 203 1517 tam,
230 1482 265 1508 et
290 1476 542 1530 Marpissam,
559 1487 649 1520 quae
673 1475 763 1508 domi
787 1481 910 1509 vocata

101 1522 167 1555 suit
191 1522 345 1566 Alcyone
370 1520 406 1565 ι’,
431 1523 510 1556 553.
532 1533 649 1575 seqq.⁷
679 1522 774 1565 cujus
798 1528 910 1554 tamen

101 1567 296 1612 Marpissae
320 1567 459 1601 diversa
481 1567 570 1600 ratio
596 1572 660 1601 est.
688 1567 719 1600 U
745 1567 846 1600 etiam
864 1565 909 1611 β’,

101 1614 183 1650 813.
208 1614 241 1647 4.
268 1614 420 1647 conferri
442 1614 570 1658 jussit,
605 1624 669 1646 nec
702 1613 909 1657 negligenda

102 1665 156 1693 est
188 1659 361 1714 Koppenii
393 1660 436 1693 de
470 1661 534 1693 hac
569 1670 607 1692 re
642 1659 856 1704 disputatio.
863 1678 909 1683 —-

103 1702 364 1761 Βριάρεων
398 1717 434 1751 p.
469 1704 679 1750 Βριάραον,
715 1711 753 1739 ut
785 1689 908 1750 Πηνέ-

100 1750 350 1793 λεωνν’,92.·
375 1764 409 1786 v.
436 1753 505 1786 Th.
523 1754 554 1793 ἓ.
576 1753 729 1793 184,17.

149 1797 229 1834 404.
265 1799 461 1843 Aegaeonis
492 1809 611 1831 nornen
643 1810 706 1831 nec
736 1798 910 1831 Hesiodus

101 1845 230 1885 habet,
254 1856 318 1878 nec
346 1844 586 1889 Apollodorus.
615 1846 657 1878 ab
685 1842 803 1887 αἶγες,
830 1855 912 1877 ver-

101 1892 146 1926 bo
179 1890 329 1932 Dorico,
362 1890 453 1935 quod
485 1896 586 1924 sonat
625 1890 733 1924 undas
769 1895 819 1933 (bv.
839 1891 912 1924 He-

101 1937 199 1982 sych.
221 1937 253 1970 h.
277 1937 350 1980 v.),
385 1937 422 1970 id
448 1936 587 1971 derivat
611 1937 816 1970 Welckerus
844 1940 911 1969 Ae-

102 1984 206 2026 schyl.
239 1983 326 2017 Tril.
363 1995 395 2027 p.
426 1982 525 2023 149.‚
573 1984 795 2027 pertinetque
837 1984 911 2016 sine

102 2029 207 2063 dubio
240 2028 284 2062 ad
318 2041 434 2068 mare,
471 2040 544 2061 cum
579 2028 689 2073 ipsum
714 2030 912 2073 Neptunum

103 2076 286 2118 αἰγαίωνα
329 2075 556 2120 appellaverit
598 2076 820 2120 Pherecydes
856 2087 912 2119 ap.

103 2121 219 2155 Schol.
257 2122 370 2165 Apoll.
406 2121 517 2155 Rhod.
551 2124 593 2161 1,
622 2123 701 2156 831.
731 2123 774 2155 cf.
804 2121 909 2154 Ovid.

102 2168 190 2202 Met.
200 2169 233 2208 2,
246 2169 278 2202 9.
298 2179 393 2212 sequ.
398 2192 408 2208 ‚
432 2167 559 2200 cellar.
583 2146 611 2201 1.
637 2179 668 2211 p.
696 2169 794 2202 1282.
804 2168 910 2200 E—:

105 2214 200 2268 φησὶ
221 2213 290 2257 γὰρ
326 2211 346 2258 ἡ
374 2214 441 2247 τοῦ
462 2211 657 2271 Ἀρριανοῦ
683 2215 828 2257 ἱστορία
852 2210 910 2247 ο’τι

105 2259 314 2304 Βριάρεως,
344 2261 438 2313 Γῆς
477 2260 539 2294 καὶ
583 2258 761 2303 Ου’ρανοῦ
801 2264 910 2300 παῖς,

103 2304 458 2361 θαλαττοκρατήσας
491 2303 715 2361 ὁρμητηρίῳ
735 2306 909 2351 ἐχρήσατο

99 2350 245 2400 Εὐβοίᾳ
267 2353 323 2409 τῇ
348 2352 472 2407 νήσῳ,
498 2352 673 2388 κάκεῖθεν
699 2350 912 2410 ὁρμώμενος

103 2397 374 2454 κατεστρέψατο
417 2396 484 2438 τᾶς
518 2399 734 2441 Κυκλαδας,
776 2398 817 2438 ὃς
850 2401 912 2434 καὶ

104 2448 275 2502 Αίγαίωνῖ
300 2442 514 2488 αἷνόμασται
546 2443 621 2481 ὑπὸ
656 2448 730 2480 τῶν
763 2445 913 2489 ἀνθρώ-

103 2500 197 2528 πων.
230 2492 341 2533 οὗτος
381 2493 422 2526 δὲ
455 2491 516 2526 καὶ
557 2494 682 2527 αἰτιον
715 2496 915 2552 παρασχεῖν

104 2539 244 2583 λέγεται
271 2540 321 2584 τῷ
348 2539 484 2583 Αἰγαίῳ
519 2538 666 2583 πελάγει
691 2541 742 2579 εἰς
768 2539 910 2574 ἐπωτυ·

106 2588 217 2642 μίαν·
240 2587 338 2628 σῆμα
363 2584 403 2620 δὲ
429 2587 546 2627 αυτοῦ
573 2586 717 2620 δεικνυ
712 2589 788 2620 θοι
815 2582 911 2620 κατὰ

105 2631 173 2668 τὸν
208 2628 421 2666 Ρυνδακόν
461 2630 630 2674 ποταμὸτ
676 2633 736 2676 (in
778 2632 912 2676 Mysia·

107 2677 235 2712 Cellar.
266 2680 299 2713 2.
329 2690 362 2723 p.
393 2678 449 2712 38.
486 2684 522 2712 et
557 2678 678 2721 144),
714 2692 761 2713 ου
784 2677 912 2723 πόρ’ρω

105 2724 319 2768 θαλάσσης,
362 2723 481 2764 λόφον
521 2724 633 2766 τινά,
671 2726 737 2759 καὶ,
777 2727 914 2760 τοῦτον

107 2768 362 2806 ἐπικαλεῖσθαι
397 2771 616 2814 Λίγαίωνος,
650 2772 712 2805 καὶ
744 2769 822 2806 απὸ.
844 2772 914 2806 τοῦ

106 2816 230 2862 λόφου
263 2816 400 2851 τούτου
431 2818 591 2856 πίδακας
617 2816 806 2853 ἐκδιδόναι
831 2817 914 2852 ἑκα-

106 2863 198 2904 τὸν,
233 2863 294 2898 καὶ
338 2862 476 2903 ταύτας
508 2866 702 2898 καλεῖσθαι
722 2863 916 2917 παλάμας

110 2907 288 2966 Βριαρεω.
319 2928 357 2935 -
385 2909 478 2954 βίῃ.
504 2910 585 2943 Sch.
610 2912 658 2943 Α.
684 2906 730 2944 ου’
756 2909 820 2944 διὰ
843 2923 910 2945 του

107 2969 129 2990 ν
151 2953 917 3010 βίην.Ἀρίστιιιρνρς.18913111-1“ς’11.1ιι’-Α»ιί.ο

107 3002 268 3037 starchns
298 3001 334 3037 in
360 3001 469 3036 codd.
478 3003 545 3047 βί
537 3012 592 3043 ν,
626 3007 694 3047 quo
715 3002 827 3047 magis
843 3002 914 3037 z-ad

959 783 1066 817 ducor
1090 786 1127 818 ut
1152 782 1341 838 ponendum
1375 794 1451 817 esse
1474 795 1628 818 censeam
1655 781 1674 819 ὁ
1694 796 1764 829 γαρ

960 828 1129 876 ἀντιβίην
1152 844 1196 865 ου
1221 842 1258 863 π.
1279 827 1327 865 α’.
1352 842 1434 862 nam
1458 831 1537 871 ille,
1562 842 1765 875 congressus

958 889 1034 910 cum
1060 878 1174 921 aliquo
1206 877 1266 919 (v.
1297 877 1376 916 978,
1406 874 1445 917 ε’,
1465 878 1546 918 220,
1574 876 1626 921 φ’,
1624 858 1718 912 13226
1732 877 1764 920 ),
1801 895 1810 929 1

950 923 1080 966 fortior
1104 929 1153 957 est
1174 927 1276 966 patre
1299 933 1360 954 suo
1380 922 1507 963 Coelo,
1533 923 1566 956 h.
1590 935 1621 956 e.
1645 922 1765 956 fortis-

958 969 1084 1005 simus:
1121 980 1209 1012 quae
1244 973 1325 1013 apta
1359 974 1412 1002 est
1450 969 1641 1009 sententia,
1676 980 1764 1009 cum,

960 1016 1048 1049 αὐτε
1073 1015 1152 1060 quid
1186 1015 1253 1048 sibi
1277 1013 1386 1056 velit,
1422 1014 1479 1048 vix
1504 1015 1689 1059 intelligas.
1715 1027 1763 1050 αν

959 1068 994 1095 et
1018 1075 1083 1102 on,
1120 1061 1268 1105 itemque
1304 1072 1318 1094 ε
1343 1067 1377 1094 et
1405 1074 1429 1102 ι,
1461 1061 1649 1106 permutati
1674 1061 1764 1095 inter

957 1119 994 1141 se
1017 1087 1219 1141 tralatitium
1244 1111 1309 1141 est.
1575 1124 1579 1127 -
1601 1120 1625 1129 «“
1655 1123 1659 1128 «
1689 1124 1702 1129 -ν
1754 1123 1758 1128 v

1003 1155 1084 1187 405.
1107 1168 1138 1188 κ.
1162 1154 1323 1198 γαίων.
1348 1154 1394 1198 ’τῇ
1418 1149 1540 1188 αυτοῦ
1564 1151 1654 1198 δόξη
1675 1160 1765 1197 γὰν·

959 1202 1048 1240 ριών
1081 1200 1143 1234 καὶ
1192 1199 1470 1242 σεμνυνόμενος.
1497 1200 1578 1233 Scb.
1613 1200 1649 1232 id
1689 1199 1766 1254 ipse

958 1246 1097 1298 Jupiter
1120 1246 1165 1279 di·
1146 1257 1245 1300 ¹ique
1260 1246 1377 1279 facere
1401 1246 1584 1286 dicuntur,
1609 1245 1705 1279 velut.
1725 1244 1763 1287 ε’,

960 1294 1041 1333 906,
1059 1290 1111 1332 θ’,
1136 1294 1192 1333 51,
1216 1290 1258 1332 λ’,
1285 1294 1341 1326 81.
1367 1291 1445 1325 hinc
1469 1292 1670 1346 κυὸιοῖνβ’,
1681 1294 1765 1332 579,

960 1336 999 1380 ζ,
1021 1340 1089 1372 509
1115 1344 1182 1370 etc

1004 1384 1083 1419 406.
1120 1396 1192 1417 υπ.
1212 1394 1295 1417 11011
1321 1388 1372 1416 est
1405 1382 1518 1417 otiosa
1541 1383 1765 1429 praepositio,

958 1431 1018 1462 sed
1043 1430 1212 1464 actionem
1238 1429 1351 1474 pingit
1382 1435 1473 1463 metu
1506 1441 1544 1463 se
1567 1431 1772 1467 subducen-

957 1476 1040 1509 tium
1071 1476 1221 1509 deorum.
1256 1487 1367 1519 neque
1400 1475 1486 1509 enim
1520 1487 1662 1520 parvum
1693 1481 1767 1510 me-

956 1527 1025 1555 tum
1049 1522 1104 1566 sig
1108 1522 1226 1555 nificat
1250 1522 1282 1554 h.
1307 1521 1330 1554 1.
1355 1518 1396 1556 τὸ
1417 1519 1648 1564 ὑποδεῃδειν
1673 1522 1763 1566 quod

956 1568 1125 1609 alienum,
1159 1568 1219 1601 sed
1255 1566 1467 1611 ἐμφατικῶς
1489 1568 1619 1620 dictum
1652 1573 1721 1602 est·
1729 1580 1764 1614 p.

955 1610 1022 1648 ὑπε
1010 1615 1147 1659 ’φυγον
1173 1615 1369 1654 δείσαντες.

1005 1661 1085 1696 407.
1111 1659 1222 1705 λαβὲ
1257 1661 1460 1704 γούνων.
1485 1645 1674 1704 supplicum
1699 1670 1761 1703 ge·-

956 1712 1043 1748 stus,
1070 1707 1126 1751 qui
1152 1707 1255 1740 etiam
1280 1712 1425 1740 mentum
1444 1707 1618 1749 attingere
1637 1711 1672 1739 et
1688 1716 1769 1742 ma-

956 1765 1019 1787 nus
1055 1753 1202 1787 osculari
1227 1753 1377 1795 (Pollux
1403 1755 1444 1794 2,
1469 1753 1545 1787 144.
1556 1753 1582 1795 )·
1605 1752 1765 1785 solebant

956 1800 1051 1843 ejus,
1086 1800 1143 1833 cui
1175 1800 1425 1844 supplicabant..
1460 1811 1492 1831 v.
1527 1798 1701 1831 Camerar.
1729 1803 1765 1830 et

956 1846 1105 1890 interpp.
1131 1858 1203 1879 cum
1229 1846 1261 1880 11
1291 1847 1325 1884 l.
1351 1851 1419 1878 tum
1444 1844 1589 1878 inferius
1615 1843 1658 1876 ad
1682 1845 1762 1879 501.

957 1904 1067 1937 sequ„
1094 1898 1146 1934 et,
1175 1903 1263 1935 quae
1286 1891 1427 1924 laudant
1454 1891 1541 1931 loca,
1567 1887 1609 1931 ζ’,
1633 1888 1698 1930 45,
1711 1903 1762 1931 φ,

958 1940 1025 1978 65,
1053 1937 1113 1979 ω’,
1138 1917 1240 1972 ’478.
1278 1937 1407 1981 Odyss.
1438 1935 1477 1979 ζ’,
1506 1916 1592 1978 149,
1615 1934 1673 1980 χ’,
1681 1937 1762 1981 31-2,
1810 1960 1811 1983 ;

958 1963 1050 2025 344,
1077 1985 1198 2029 Eurip.
1227 1984 1364 2017 Hecub.
1390 1984 1472 2024 260,
1496 1983 1577 2018 324.
1597 1983 1643 2017 cf.
1661 1979 1762 2017 etiam

958 2010 1073 2064 Feitli.
1091 2043 1123 2076 p.
1143 2033 1224 2066 382.
1242 2041 1349 2084 seqq.

1005 2075 1084 2112 408.
1117 2076 1196 2112 ἐπὶ
1230 2079 1300 2118 Τρ
1327 2088 1394 2119 αρ.
1418 2073 1668 2122 ἐπιβοηθῆσαι
1686 2077 1766 2116 τοῖς

963 2112 1093 2165 Τρωσί.
1119 2124 1199 2158 Sch.
1224 2121 1349 2155 tmesis.

1005 2171 1086 2204 409.
1113 2168 1237 2204 κατά
1263 2180 1459 2211 πρυμνα
1475 2179 1502 2206 ς.
1527 2179 1612 2213 quas
1637 2168 1764 2213 primas

956 2215 991 2249 in
1017 2222 1141 2250 terram
1166 2214 1351 2249 trahebant
1375 2214 1600 2259 appellentes.
1620 2216 1664 2248 cf.
1682 2213 1762 2250 436.

956 2262 1056 2305 Virg.
1091 2264 1131 2302 6,
1153 2264 1207 2297 3.:
1249 2261 1430 2294 obvertunt
1458 2262 1586 2304 pelago
1615 2272 1765 2304 proras,-

957 2313 1029 2342 tum
1056 2310 1157 2342 dente
1196 2308 1312 2342 tenaci
1340 2309 1475 2340 Ancora
1494 2308 1674 2349 fundabat
1698 2319 1765 2340 na-

958 2366 1036 2395 ves,
1070 2360 1103 2388 et
1137 2356 1255 2388 littora
1287 2365 1412 2387 curvae
1439 2354 1649 2387 Praeter-unt
1674 2365 1764 2398 pup-

957 2413 1024 2445 pes
1054 2401 1148 2434 ΕΚ.
1173 2420 1214 2425 -
1241 2399 1386 2435 §.I-oon
1413 2400 1455 2433 ab
1481 2399 1569 2442 ἕλω,
1593 2398 1689 2443 εἷ’λω,
1713 2401 1764 2435 εἰ-

960 2447 1039 2482 λέω.
1066 2451 1152 2492 Ap:
1187 2450 1500 2491 σ1-γκατακλεῖσαι.
1532 2443 1554 2490 ἢ
1590 2444 1669 2480 αντὶ
1695 2446 1766 2481 τοῦ

960 2494 1166 2537 συστρέψας
1196 2494 1257 2528 καὶ
1292 2492 1500 2537 ἐνειλήσας,
1538 2503 1639 2537 quae·
1653 2493 1766 2548 parti-

961 2540 1052 2597 cipia
1102 2539 1276 2584 pertinent
1300 2540 1343 2572 ad
1372 2539 1476 2580 ἔλσας
1495 2539 1621 2582 Odyss.
1636 2538 1672 2580 ε’,
1686 2540 1764 2581 132,

995 2589 1121 2626 ,250
1155 2591 1191 2618 ut
1229 2586 1321 2621 Toll.
1355 2597 1431 2619 ann
1471 2585 1515 2619 cf.
1548 2585 1675 2618 matth.
1706 2587 1763 2628 ἐς.

959 2635 1038 2673 173,
1063 2612 1143 2668 232.
1161 2637 1227 2664 etc.

1005 2679 1084 2713 410.
1107 2690 1253 2712 κτειν.
1280 2689 1370 2712 ωστε
1392 2677 1614 2712 κτείνεσθαι.
1638 2676 1764 2712 Matth.

960 2729 992 2768 §-
1019 2726 1096 2760 550.
1132 2735 1212 2758 ann.
1245 2724 1278 2758 4.
1306 2744 1353 2748 —
1386 2724 1468 2758 ι’να
1496 2741 1541 2748 -·
1572 2724 1670 2768 fias.
1706 2721 1761 2757 ἵν’

961 2768 1108 2806 ducam?
1114 2782 1201 2804 σωσι
1232 2770 1367 2811 πάντες
1397 2770 1462 2814 τῆς
1488 2768 1670 2826 ἀβουλίας
1687 2769 1764 2804 τοῦ

960 2817 1146 2874 βασιλέως
1165 2817 1366 2857 τουτέστιν,
1393 2818 1457 2851 ἵνα
1476 2813 1701 2850 ἀπόλωνται
1706 2813 1763 2850 δι’

961 2862 1090 2899 αὐτόν.
1114 2864 1194 2897 Sch.
1226 2875 1259 2895 v.
1287 2863 1413 2896 Matth.
1444 2864 1476 2904 §.
1506 2863 1608 2902 361,
1638 2863 1707 2898 Th.
1729 2873 1763 2906 p.

959 2911 1038 2946 337.
1064 2910 1237 2952 ἐπαυρ.,
1259 2909 1417 2942 fruantur
1431 2919 1533 2942 sensu
1548 2908 1658 2950 malo,
1681 2909 1713 2941 11.
1734 2920 1769 2942 ω

961 2958 1080 2997 hiant,
1107 2969 1173 3002 quo
1193 2963 1295 2991 sensu
1317 2956 1419 2995 etism
1439 2953 1642 2989 ἀπολαύειν
1662 2955 1771 2988 115111·1

961 3002 1172 3048 9313150131.
1193 3002 1238 3036 ef.
1264 3000 1305 3044 ζ’,
1322 3002 1404 3044 353,
1431 2999 1475 3043 ο’,
1497 3002 1560 3042 17,
1581 3001 1771 3042 11310117,-

1152 3100 1264 3225 t
