1811 3269
644 686 1246 733 ΥΠΟΘΕΣΙΣ

227 835 415 881 ΤΗΣ
472 837 538 883 Η
604 834 1010 881 ΟΜΗΡΟΥ
1074 832 1648 881 ΡΑΨΩΙΔΙΑΣ.

85 1120 284 1191 ’.Ἐκτωρ
315 1136 398 1180 σὺν
422 1135 690 1194 Ἀλεξάνδρῳ
721 1142 782 1195 τῷ
812 1137 990 1196 ἀδελφῷ
1019 1136 1246 1182 κατελθών
1278 1139 1339 1188 εἰς
1364 1136 1445 1194 τὴν
1473 1137 1615 1195 μάχην
1639 1135 1762 1193 ἐβοή-

94 1219 167 1258 θει
196 1221 289 1266 τοῖς
317 1216 461 1272 Τρωσὶ
491 1216 754 1273 κεκμηκόσιν
785 1217 890 1275 ἤδη,
921 1218 1016 1271 καὶ,
1051 1216 1658 1274 συμβουλεύσαντοςἙλένου
1677 1218 1760 1259 τοῦ

94 1293 294 1351 ἀδελφοῦ
333 1295 528 1352 μάντεως
567 1295 718 1349 ὄντος,
758 1302 1042 1353 προκαλεῖται
1084 1296 1238 1348 αὐτὸς,
1280 1298 1345 1348 τίς
1387 1295 1505 1355 αὐτῷ
1547 1295 1759 1353 βούλοιτο

92 1378 181 1417 τῶν
208 1374 431 1431 Ἑλλήνων
460 1380 779 1433 μονομαχῆσαι.
837 1381 1014 1421 πολλῶν
1045 1377 1091 1420 δὲ
1118 1376 1488 1432 προαιρουμένων
1507 1378 1616 1427 Αἴας
1640 1374 1664 1419 ὁ
1688 1379 1762 1418 Τε-

93 1452 317 1509 λαμώνιος
347 1456 592 1512 κληρωθεὶς
622 1460 815 1516 συνιστᾷ.
875 1458 1147 1514 μαχομένους
1178 1457 1223 1501 δὲ
1262 1456 1424 1508 αὐτοὺς
1461 1455 1650 1513 κη’ρυκες
1686 1471 1762 1499 κα-

93 1534 366 1589 ταπαύουσι,
398 1537 472 1580 καὶ
500 1536 581 1589 νύξ
613 1535 784 1580 διαλύει
813 1536 892 1593 τὴν
921 1535 1074 1593 μάχην.
1122 1537 1196 1581 καὶ
1226 1538 1269 1580 οἱ
1297 1537 1376 1593 μὲν
1407 1534 1608 1592 άλλήλοις
1639 1536 1762 1590 δῶρα

94 1613 308 1657 διδόασιν.
369 1615 836 1672 ἐπικηρυκευσαμένων
878 1616 923 1660 δὲ
967 1616 1133 1673 Τρώων
1163 1617 1262 1671 περὶ
1291 1620 1463 1672 νεκρῶν
1494 1613 1760 1669 ἀναιρέσεως

93 1692 147 1736 τά
179 1693 290 1737 αὐτοὶ
322 1697 488 1751 γίνεται
517 1695 623 1750 παρ’
656 1695 925 1752 ἀμφοτέροις
950 1701 1043 1747 τοῖς
1074 1701 1286 1751 στρατοῖς,
1323 1698 1372 1739 οἵ
1396 1712 1440 1739 τε
1459 1693 1664 1751 ’Έλληνες
1684 1693 1760 1736 τά-

95 1789 186 1828 φον
215 1774 516 1830 πολυάνδριον
545 1775 929 1828 κατασκευάζουσι,
960 1776 1032 1819 καὶ
1062 1780 1198 1831 τεῖχος
1228 1779 1310 1819 τοῦ
1341 1774 1648 1830 ναυστάθμου·
1679 1772 1753 1830 ἐφ’

95 1848 130 1910 ᾧ
163 1851 186 1896 ὁ
218 1857 448 1898 Ποσειδῶν
477 1854 773 1911 ἠγανάκτησε,
803 1854 916 1907 Ζεύς
945 1871 989 1899 τε
1019 1854 1168 1907 αὐτοῖς
1200 1855 1271 1899 διά
1300 1854 1460 1906 νυκτὸς
1490 1858 1645 1911 σημεῖα
1675 1852 1760 1898 οὐκ

95 1933 216 1977 αἴσια
245 1938 335 1978 τῶν
364 1935 610 1992 μελλόντων
641 1936 850 1979 δείκνυσι.
