1811 3269
74 142 154 182 102

706 140 1105 181 ΟΜΗΡΟΥ

246 247 352 292 &aad
383 247 487 305 μάλ’
518 248 601 293 οὐκ
628 247 788 305 Ἀχιλῆϊ
800 248 945 322 χόλος
973 251 1154 307 φρεσὶν,
1186 250 1294 295 ἄλλα
1323 251 1554 308 μεθήμων·

243 301 271 361 ἦ
300 306 382 377 γὰρ
411 306 488 358 ἂν,
517 305 730 361 Ἀτρείδη,
760 310 846 350 νῦν
873 307 1038 351 ὕστατα
1067 306 1328 379 λωβήσαιο.“

316 362 400 414 Ὣς
428 362 568 430 φάτο
574 365 771 406 νεικείων
799 362 1115 420 Ἀγαμέμνονα,
1149 364 1335 419 ποιμένα
1365 369 1499 419 λαων,

247 421 476 476 Θερσίτης·
505 422 568 475 τῷ
597 417 639 463 δ’
671 422 763 464 ὠκα
791 424 1030 492 παρίστατο
1060 424 1155 471 δῖος
1177 420 1429 475 Ὀδυσσεύς,

130 479 212 523 245
242 479 314 520 καί
343 493 416 533 μιν
445 464 622 529 ὑπόδρα
655 476 763 520 ἰδών
790 482 960 536 χαλεπῷ
989 476 1178 533 ἠνίπαπε
1192 477 1363 549 μύθῳ·

331 531 530 604 ,,Θερσῖτ’
553 531 852 608 ἀκριτόμυθε,
888 533 1012 589 λιγύς
1040 550 1119 588 περ
1151 533 1234 577 έών
1265 534 1494 593 ἀγορητής,

244 591 384 660 ἰ’σχεο,
414 587 518 661 μηδ’
550 588 669 634 ἔθελ’
703 596 797 642 οἰος
825 591 1060 646 ἐριζέμεναι
1092 594 1367 662 βασιλεῦσιν·

247 647 301 690 οὐ
328 647 411 703 γὰρ
438 644 522 717 ἐγω
552 646 625 691 σέο
633 649 768 719 φημὶ
798 648 1066 718 χερειότερον
1099 648 1278 706 βροτὸν
1294 647 1428 692 ἄλλον

244 704 466 774 ε’μμεναι,
473 702 594 747 ὅσσοι
628 703 704 759 ἅμ’
733 704 962 774 Ἀτρείδης
977 705 1066 748 ὑπὸ
1085 703 1222 748 Ἴλιον
1250 700 1403 775 ἦλθον.

133 766 215 807 250
244 766 303 818 τῷ
336 758 419 804 οὐκ
447 759 503 803 ἂν
531 763 741 830 βασιλῆας
771 761 857 805 οἷνα
887 760 1013 817 στόμ’
1045 762 1153 817 ε’χων
1183 761 1434 831 ἀγορεύοις,

244 819 318 861 καί
339 829 454 888 σφιν
485 816 655 861 ὀνείδεά
685 834 729 861 τε
757 819 1022 874 προφέροις,
1051 819 1214 862 νόστον
1243 835 1287 862 τε
1309 817 1570 891 φυλασσοις.

246 873 349 918 οὐδέ
378 876 420 917 τί
447 890 512 917 πω
544 874 666 930 σάφα
696 877 845 931 ἴδμεν,
877 875 994 925 ὅπως
1025 875 1143 919 ε’σται
1172 874 1275 920 τάδε
1306 876 1423 932 ε’ργα,

244 929 272 987 ἢ
301 933 350 974 εὐ
379 929 427 987 ἠὲ
456 935 600 981 κακῶς
627 932 899 1003 νοστήσομεν
927 936 1019 983 υἷες
1043 932 1243 988 Ἀχαιῶν·

244 992 304 1045 τῷ
333 991 418 1031 νῦν
441 987 633 1045 Ἀτρείδῃ
656 987 966 1059 Ἀγαμέμνονι,
995 989 1169 1044 ποιμένι
1198 992 1331 1039 λαῶν,

134 1049 215 1090 255
246 1039 346 1098 ἧσαι
376 1043 621 1098 ὀνειδίζων,
652 1044 720 1089 ὅτι
750 1048 793 1089 οἱ
821 1045 937 1102 μαλα
967 1046 1107 1089 πολλα
1138 1048 1339 1089 διδοῦσιν

243 1101 379 1156 ἥρωες
407 1104 602 1174 Δαναοί·
635 1115 690 1146 6v
723 1103 768 1146 δὲ
799 1104 1044 1176 κερτομέων
1074 1101 1309 1159 ἀγορεύεις.

246 1158 345 1202 αλλ’
377 1159 425 1202 ἔκ
454 1176 520 1203 τοι
551 1159 680 1211 ἐρέω,
710 1159 759 1203 τό
794 1160 839 1204 δὲ
869 1161 943 1204 καὶ
972 1160 1277 1229 τετελεσμένον
1301 1159 1440 1203 ἔσται·

245 1217 286 1259 εἴ
312 1213 358 1259 κ’
386 1216 447 1260 ἔτι
477 1214 519 1260 σ’
550 1215 825 1271 ἀφραίνοντα
853 1217 1105 1274 κιχήσομαι,
1136 1216 1194 1268 ὥς
1223 1213 1279 1260 νύ
1310 1233 1391 1272 περ
1424 1211 1523 1268 ὦδε,

120 1328 200 1363 241.
249 1327 367 1364 ἄλλα
392 1348 435 1354 -
459 1330 638 1388 φρεσίν.
684 1310 776 1364 αλλα
805 1329 880 1365 πά-

74 1388 119 1408 νυ
141 1371 160 1409 ὁ
181 1374 247 1430 Ἀχ.
269 1375 400 1433 ἅχολος
421 1376 483 1411 καὶ
507 1374 690 1420 ἀόργητος
712 1373 879 1433 υπάρχει.

75 1433 97 1466 f
113 1423 173 1455 ιθ.
203 1420 347 1479 ἀμελής.
372 1423 454 1458 Sch.
478 1442 523 1447 —
540 1424 656 1478 δηλοῖ
676 1422 715 1457 δὲ
737 1420 756 1457 ὃ
783 1425 877 1467 μεθ’·

77 1467 181 1512 ήμυν
204 1466 248 1503 οὗ
271 1469 337 1504 τὸν
356 1469 500 1528 πρᾷον,
526 1465 615 1503 οἷλλὰ
638 1468 706 1504 τὸν
734 1469 879 1504 πέπονα

76 1528 113 1549 κ
113 1516 137 1549 ιὶ
178 1513 376 1573 ἀμελήτην
394 1515 457 1550 καὶ
488 1515 657 1555 ἔκλυτον,
701 1514 774 1551 ἀπὸ
810 1517 880 1551 τοῦ

76 1574 117 1605 με
124 1564 164 1596 θι
169 1560 268 1603 έ,ναι
303 1559 376 1605 ἀφ’
404 1557 449 1597 οὗ
473 1563 534 1597 καὶ
559 1560 581 1606 ἡ
606 1575 650 1605 με
635 1541 706 1606 ε”θη
730 1563 878 1605 γίνεται.

76 1607 114 1643 ἐν
109 1622 163 1642 ἰτς
166 1610 247 1644 νθα
266 1607 306 1643 δε
326 1608 536 1653 λεληθότως
550 1608 612 1643 καὶ
632 1607 708 1667 τὴν
721 1606 880 1652 ἀνδρίαν

77 1656 145 1690 τοῦ
174 1651 357 1698 Ἀχιλλέως
376 1654 657 1712 καταῤῥιπτεῖ,
690 1654 882 1699 ῥωμαλέον

76 1700 118 1745 μὲ
123 1716 142 1734 ..ι
164 1701 264 1737 πάνυ
290 1699 409 1737 αυτὸν
439 1699 707 1758 ὑπεμφαίνων,
740 1704 882 1746 χαῦνον

77 1748 116 1783 δὲ
142 1750 203 1783 ,νοὶ
227 1745 274 1783 ov'
297 1747 510 1793 θαρσαλέον
541 1745 629 1784 ου’δὲ
653 1746 812 1793 ἐντρεχῆ.
836 1749 880 1782 Ε.

121 1807 198 1841 542.
247 1807 362 1851 inepte
387 1807 530 1841 Achillis
555 1807 661 1841 verba
685 1806 811 1850 repetit
831 1803 880 1847 α’,

76 1853 154 1887 232.
168 1878 175 1893 ,
211 1853 309 1897 quasi
338 1853 449 1899 ipsum
481 1853 640 1897 ignavum
672 1852 782 1885 oratio
807 1853 879 1886 for-

75 1901 120 1933 tis
122 1899 195 1932 ‘uni
220 1899 343 1933 deceat
373 1901 599 1933 Glmaecorum
655 1899 776 1932 merito
808 1898 879 1955 igi-

75 1949 131 1979 tur
166 1957 201 1978 c
201 1945 264 1978 nvi
269 1945 333 1979 ciis
362 1946 430 1981 τοῦ
465 1942 727 1988 ἀκριτομύθον
750 1944 814 1979 καὶ
839 1943 879 1980 ἆ-

77 2004 181 2036 φραιι
195 2004 301 2032 οντος
324 2004 400 2026 eum
423 1992 583 2026 verberat
606 1991 764 2036 Ulymsses

121 2049 200 2085 243.
248 2047 461 2094 ποιμένα
502 2049 650 2091 λαων,
706 2053 880 2092 pastorem

76 2099 255 2142 gestiam,
290 2097 324 2129 h.
347 2109 377 2130 e.
403 2107 530 2139 regem.
576 2095 738 2138 frequens
771 2100 881 2128 meta-

77 2147 109 2188 pi*
102 2157 142 2175 ,ιι
147 2154 183 2176 aa
209 2153 263 2186 z.1p
289 2143 389 2176 Hom.
410 2147 446 2175 et
466 2152 584 2175 sacros
603 2141 803 2197 scriptores.
833 2140 882 2174 si-

75 2189 147 2233 gni·
142 2192 211 2250 '10¹2-
215 2196 280 2222 lter
304 2188 373 2222 dici
398 2192 497 2242 putat
514 2188 544 2220 Ε
568 2186 726 2230 ποιμένα
744 2189 787 2227 λ,
813 2198 881 2220 non

78 2234 186 2270 aim:
192 2248 231 2269 οι
256 2235 310 2268 vel
319 2232 535 2290 βουκόλον·
567 2232 678 2269 οὐδὲν
704 2246 796 2290 γαρ,
828 2233 882 2265 ἰιι-

77 2283 171 2326 mit
198 2281 272 2315 τιῖν
303 2278 422 2315 ἄλλων
452 2276 623 2320 εὐπειθὲς
652 2275 703 2320 ὠς
729 2279 771 2314 τὸ
796 2279 881 2314 πῶϋ

77 2329 127 2372 τῷ
157 2315 297 2371 α’γοντι.
354 2326 429 2362 ε’στι
458 2325 498 2361 δὲ
524 2329 609 2361 πῶϋ
614 2324 703 2382 μὲν
736 2325 883 2370 πλῆθος

74 2385 123 2414 -ει,
116 2375 173 2430 3033
176 2387 294 2414 ιιῑ,τον
338 2371 479 2417 ποιμὴν
522 2372 563 2408 δὲ
605 2370 624 2408 ὁ
668 2372 884 2417 κατανέμων

78 2418 187 2456 αὖτέ·

122 2469 201 2502 245.
252 2463 318 2508 ἦν.
351 2462 639 2521 ἐκακολόγησεν,
675 2464 884 2521 ἐπέπληξεν.

75 2513 170 2592 {ciis
176 2512 375 2591 ὶήνίπαπε,
409 2515 449 2545 ut
475 2509 635 2556 ἠρύκακε
660 2510 699 2553 ε’,
723 2513 791 2547 321
817 2515 886 2545 etc.

200 2561 265 2601 .§.
291 2558 380 2599 232,
405 2556 461 2593 47.

123 2616 200 2648 246.
251 2627 347 2659 ακρ.
382 2611 505 2658 ἄκριτε
531 2614 613 2659 περὶ
639 2611 728 2655 τούς
756 2612 888 2658 λόγους

78 2661 141 2695 καὶ.
160 2658 202 2695 ἅτ
207 2673 301 2695 chuta?
327 2680 373 2685 —
399 2662 482 2695 Sch.
514 2667 642 2696 temere
674 2666 710 2694 et
733 2661 807 2695 siue
827 2661 887 2704 ju-

78 2707 168 2741 'licio
195 2708 355 2752 loquens,
380 2707 525 2741 blatern.
565 2708 716 2741 Hessus.
742 2707 887 2761 garrule

80 2750 888 2807 ‘flurs-5¹12.Odyss.z‘‚560.:·6v2290cd⁴arj-

76 2811 134 2843 ,τοι
138 2813 181 2834 οι
218 2797 482 2842 ἀκριτόμυθοι.
538 2800 678 2844 saepius
713 2801 797 2834 haec
821 2810 887 2832 vox

78 2857 142 2879 ειοιι
169 2846 224 2890 leg
216 2846 296 2879 itur
320 2856 376 2889 ap.
401 2845 502 2879 Hom.
547 2847 592 2878 cf.
618 2847 701 2881 796.
735 2865 777 2870 —
817 2848 887 2880 λι-

77 2897 128 2935 §⁷³2³
143 2905 175 2932 ις,
203 2893 301 2925 clara
320 2902 401 2925 voce
417 2892 591 2936 praedite,
619 2897 657 2925 ut
683 2891 814 2926 Nestor
837 2891 885 2931 α’,

78 2939 156 2973 ὲέ-δ.
193 2939 237 2971 cf.
263 2938 343 2972 222.

124 2994 201 3031 2227.
250 2992 361 3040 μηδ’
389 3000 457 3029 etc.
494 2995 539 3028 cf.
568 2992 613 3034 α’,
639 2994 717 3029 277.

971 1330 1052 1366 248.
1099 1342 1192 1375 χερ.
1223 1330 1384 1375 χείρονα.
1410 1331 1491 1364 Sch.
1537 1330 1663 1366 Matth.
1697 1333 1729 1374 §.

971 1402 1050 1458 250.
1076 1433 1174 1479 sequ.
1221 1422 1298 1476 τῷ.
1338 1421 1398 1458 διὸ
1405 1420 1487 1479 δή.
1545 1419 1638 1458 ἄνα
1672 1435 1731 1458 στ.

926 1467 1063 1513 ε’χων.
1097 1466 1160 1503 διὰ
1186 1458 1368 1523 στόματος
1393 1467 1503 1511 ε’χων,
1538 1471 1732 1512 λοιδορων.

925 1534 972 1540 -—
995 1528 1136 1559 προφ.
1173 1510 1377 1556 όνειδίζοις.
1412 1515 1469 1558 (ut
1494 1515 1626 1560 Theog.
1654 1517 1732 1552 156.

926 1561 986 1594 sed
1012 1562 1045 1595 h.
1069 1561 1092 1594 l.
1116 1561 1317 1606 προφέρειν
1342 1560 1487 1597 ὀνείδεα
1515 1568 1569 1596 est
1597 1566 1729 1606 profer-

925 1619 963 1641 re
995 1608 1168 1651 convicia,
1212 1608 1328 1642 facere
1368 1608 1559 1642 convicium
1600 1609 1734 1664 alicui.)

927 1652 1100 1689 νόστον
1124 1666 1170 1688 τε
1180 1657 1297 1710 φυλ.
1330 1654 1392 1689 καὶ
1429 1653 1644 1699 ἐπιτηροίης
1666 1651 1734 1691 τόν

926 1699 1056 1743 καιρὸν
1074 1702 1144 1734 τοῦ
1164 1697 1344 1735 α’πόπλου.
1372 1701 1514 1744 (Vossa
1535 1702 1621 1735 noch
1643 1702 1734 1736 laur‘

927 1750 995 1790 auf
1030 1749 1086 1781 die
1123 1747 1366 1790 Heimfahrt.)
1400 1747 1481 1781 Sch.
1525 1753 1626 1782 vetat
1658 1759 1734 1783 eum

925 1793 993 1827 ista
1016 1794 1168 1835 facere,
1179 1794 1241 1827 sed
1265 1793 1409 1835 leniter,
1435 1805 1544 1840 neque
1568 1798 1734 1840 usurpato

925 1839 1141 1885 imperativo.

971 1888 1052 1921 252.
1100 1883 1211 1920 οὐδέ
1234 1885 1280 1920 τί
1303 1897 1383 1919 πω.
1432 1881 1536 1920 οὔπω
1561 1883 1620 1929 δή.

971 1932 1052 1967 254.
1098 1933 1160 1977 τῷ
1184 1935 1249 1966 etc.
1283 1941 1462 1976 perperam
1487 1931 1572 1966 haec
1597 1944 1660 1978 per
1681 1931 1736 1966 in-

925 1967 1196 2022 terrogationem
1221 1978 1325 2011 effert
1354 1978 1417 2011 Ε.·
1408 2001 1418 2018 ,
1453 1990 1518 2011 nec
1549 1983 1646 2012 recte
1677 1978 1737 2013 alii

925 2035 1046 2057 versus
1071 2025 1140 2058 252
1163 2043 1207 2050 -
1229 2026 1318 2065 256,
1352 2023 1410 2057 alii
1446 2023 1515 2060 254
1533 2043 1579 2049 ·-
1595 2025 1665 2061 256
1699 2024 1735 2059 in

925 2070 1153 2114 suspicionem
1178 2070 1331 2104 adduxe1
1335 2075 1406 2103 unt

974 2117 1052 2151 256.
1087 2129 1206 2159 κερτ.
1230 2116 1247 2151 ε’
1250 2117 1421 2171 ρέθιζων,
1440 2114 1638 2160 χλευάζων.
1651 2117 1735 2151 Sch.

929 2160 975 2203 α’,
1011 2163 1100 2206 539,
1148 2160 1192 2204 δ’,
1228 2164 1271 2204 6,
1305 2160 1354 2205 π’,
1388 2162 1480 2204 261,
1525 2162 1655 2208 Odyss.
1691 2162 1736 2205 6',

928 2210 997 2245 350
1022 2213 1090 2242 etc.

974 2256 1055 2289 257.
1103 2254 1150 2287 cf.
1175 2252 1220 2293 α’,
1244 2255 1334 2295 212,
1359 2251 1412 2297 θ,
1435 2256 1506 2291 286
1530 2259 1598 2290 etc.

975 2302 1055 2336 258.
1102 2313 1186 2357 κιχ.
1215 2300 1432 2355 κιχήσωμαι.
1471 2321 1508 2326 -
1543 2302 1647 2336 Sch.:

930 2345 982 2382 νύ
1007 2358 1090 2391 περ
1115 2341 1214 2382 ωδε.
1251 2344 1372 2388 οὕτως
1397 2360 1448 2388 ως
1477 2349 1559 2383 νῦν.
1600 2347 1737 2392 accepit

930 2391 974 2428 νύ
1001 2403 1064 2447 pro
1091 2394 1182 2434 νῦν,
1209 2399 1249 2427 ut
1273 2392 1313 2433 ε’,
1334 2395 1412 2429 311.
1438 2397 1474 2428 et
1498 2393 1550 2438 ψ’,
1579 2392 1647 2429 485
1677 2406 1738 2427 ex-

931 2439 1013 2485 poni
1038 2450 1138 2484 posse
1161 2439 1345 2473 videbatur
1369 2440 1499 2485 Vigero
1519 2453 1553 2486 p.
1571 2439 1649 2475 425.
1675 2439 1737 2473 sed

932 2485 1173 2520 desiderantur
1218 2490 1314 2520 certa
1355 2487 1430 2531 ejus
1475 2485 1738 2531 significationis

933 2531 1087 2575 exempla
1113 2543 1168 2576 ap.
1192 2531 1292 2566 Hom.
1332 2532 1450 2577 itaque
1475 2533 1576 2577 plane
1601 2531 1737 2578 quidam

934 2579 1162 2622 desperarunt
1186 2577 1229 2611 de
1253 2579 1317 2611 hoc
1342 2578 1436 2620 loco,
1469 2579 1565 2612 velut
1597 2582 1739 2612 curator

931 2624 1011 2659 olim
1036 2623 1222 2680 Sinopicae
1245 2624 1318 2665 ed„
1344 2624 1401 2669 qui
1426 2624 1564 2667 scripsit
1578 2623 1738 2678 κιχήσο-

931 2683 1000 2712 μαι
1019 2666 1068 2710 ὠς
1089 2673 1132 2704 τό
1153 2682 1274 2713 παρος
1296 2682 1376 2712 περ.
1411 2671 1454 2704 cf.
1483 2671 1528 2704 H.
1554 2669 1638 2704 nihil
1670 2682 1739 2704 mu-

933 2716 1072 2751 tandum
1097 2719 1162 2756 est,
1185 2716 1246 2749 sed
1263 2715 1740 2776 intelligendumepgoximis,

933 2762 1111 2796 notissima
1133 2762 1268 2806 figura,
1294 2760 1484 2819 ἐκίχανον.
1507 2762 1546 2797 εἴ
1562 2760 1603 2797 κ’
1633 2761 1685 2796 ἔτι
1708 2759 1740 2797 6’

934 2807 1183 2865 ἀφραίνοντα
1192 2807 1411 2864 κιχήσομαι,
1446 2806 1497 2849 ὥς
1519 2807 1565 2843 νύ
1591 2806 1680 2852 περ,
1706 2809 1739 2842 h.

934 2868 964 2890 e.
991 2852 1110 2898 ω’σπερ
1167 2851 1336 2898 ε’κίχανον
1369 2848 1462 2897 ωδε,
1495 2855 1526 2889 εἰ
1550 2860 1585 2889 te
1616 2856 1654 2889 in
1675 2866 1739 2899 po.-

933 2907 1061 2935 sterum
1092 2902 1114 2935 d
1140 2901 1297 2934 'irantem
1324 2901 1508 2943 invenero,
1536 2902 1588 2936 uti
1614 2902 1662 2935 sic
1684 2901 1740 2934 in-

933 2949 1022 2981 veni.
1062 2948 1150 2981 idem
1176 2948 1242 2980 hoc
1266 2947 1367 2981 modo
1392 2947 1535 2981 dixisset
1568 2947 1606 2983 εἴ
1622 2946 1660 2983 κ’
1688 2945 1741 2982 ἔτι

935 2993 972 3028 α’
1005 2989 1076 3030 ὦδε
1105 2990 1340 3038 ἀφραίνοντα
1383 2992 1604 3039 κιχήσομαι,
1635 2993 1742 3040 idque

1782 3191 1798 3269 ϋηο-ν
