1811 3269
705 140 1111 182 ΟΜΗΡΟΥ

253 252 332 303 ἕως
361 249 386 295 ὁ
415 250 552 296 ταῦθ’
584 266 778 306 ωρμαινε
806 250 918 295 κατὰ
928 249 1131 322 φρένα
1121 250 1196 293 καὶ
1225 249 1333 293 κατὰ
1361 249 1520 304 θυμὸν

253 308 398 353 ε’λκετο
430 305 473 352 δ’
506 308 553 352 ἐκ
582 312 755 352 κολεοῖο
786 307 894 366 μέγα
924 307 1074 362 ξίφος,
1102 301 1211 363 ἦλθε
1243 304 1284 350 δ’
1313 304 1476 364 ’Λθήνη

144 371 222 412 195
255 363 526 435 οὐρανόθεν·
557 364 644 418 πρὸ
674 364 756 420 γὰρ
784 367 863 420 ἠκε
891 364 974 408 θεὰ
1001 364 1267 414 λευκώλενος
1283 361 1414 419 Ήρη,

252 419 534 522 ‘'QPQQ

255 481 390 534 στηδ

554 426 696 479 θυμῷ
727 420 942 478 φιλέουσά
970 436 1014 464 τε
1043 420 1264 490 κηδομένη
1292 436 1350 463 τε.

444 478 622 530 οπιίῗει,
656 481 826 549 ξανθῆς
850 479 897 522 δὲ
924 475 1154 545 ndslssssm
1093 476 1158 520 ε’λε
1192 478 1435 545 Πηλείωνα,

256 538 335 594 οἵῳ
366 533 633 606 φαινομένη,
663 552 752 579 των
783 534 826 579 δ’
858 534 1004 578 ἄλλων
1033 527 1154 582 οὔτις
1184 530 1330 585 ὁρᾶτο.

251 595 482 649 θάμβησεν
511 589 557 635 δ’
585 589 797 649 Ἀχιλευς,
826 608 931 648 μετα
960 586 1009 634 δ’
1040 587 1246 660 ἐτράπετ’

84 718 274 766 ἐρητύειν,
307 729 406 764 quam
431 713 507 752 ἀπὸ
540 718 605 762 τῆς
630 717 774 776 εἱρκτῆς
800 715 893 750 deri-

86 779 188 802 vasse
213 767 375 800 dicuntur
402 769 504 803 veta,
532 772 570 798 ut
590 771 681 798 esset
701 761 894 807 εἱρκτύειν,

87 813 129 849 τὸ
165 812 281 848 οἱοιεὶ
313 811 526 854 καθείργειν
557 816 622 843 etc.
654 823 688 844 v.
716 810 759 843 E.
785 809 894 842 idem.

86 861 305 902 ταυτολογεῖ
315 855 497 912 ”Ομηρος,
521 856 643 901 inquit.
659 857 707 890 sic
725 867 807 889 sane
826 860 899 899 est-

87 907 149 940 sed
166 904 407 957 perspicuitati
429 902 548 937 studet
572 905 694 946 poeta,
719 913 819 946 quam
838 900 900 934 ad-

85 954 210 997 juvant
228 950 391 995 ejusmodi
408 947 641 993 ταυτολόγως
660 955 695 982 et
713 947 751 982 ἐκ
764 949 901 993 παραλ-

88 998 202 1045 λήλου
227 998 340 1039 dicta,
365 1008 458 1031 more
477 995 717 1030 Orientalium.

138 1067 218 1104 193.
252 1064 360 1105 ἕως,
396 1065 490 1097 dum.
523 1061 820 1118 μονοσυλλάβως
822 1073 904 1107 pro-

92 1113 315 1147 nuntiandum
334 1116 387 1144 est
412 1109 501 1151 ἕως,
527 1110 581 1143 cui
599 1110 786 1154 subjectum
806 1106 825 1143 ὁ
850 1109 903 1142 ef-

93 1159 169 1193 ficit
194 1159 414 1200 trochaeum,
453 1155 592 1190 similem
616 1156 755 1200 dactylo
783 1155 903 1200 pedem

94 1205 293 1245 metricum,
327 1202 609 1254 quemadmodum
637 1208 826 1256 anapaesto
855 1201 904 1234 si-

94 1252 185 1285 milis
215 1256 269 1284 est
298 1250 440 1283 iambus.
465 1251 577 1291 ireque
597 1249 685 1282 enim
701 1249 756 1282 vel
776 1247 904 1282 Wolfio

94 1298 289 1335 assentiar,
316 1294 591 1341 amphibrachum
606 1302 807 1340 usurpatum
829 1304 906 1326 esse

94 1342 308 1377 existimanti
329 1353 393 1386 pro
416 1340 555 1383 dactylo
577 1346 634 1373 aut
652 1341 805 1384 spondeo
824 1351 907 1382 pro-

97 1396 178 1436 pter
207 1389 442 1432 ἰσοχρονίαν,
492 1386 547 1419 vel
574 1387 769 1419 Hermanno
796 1385 904 1419 Elem.

95 1438 208 1470 doctr.
226 1443 325 1469 metr.
346 1445 379 1479 p.
402 1435 459 1468 58.
479 1437 515 1466 et
546 1432 752 1466 Thierschio
776 1443 829 1475 gr.
851 1441 906 1475 gr.

96 1494 132 1528 p.
162 1482 242 1516 221.
235 1506 255 1523 .,
281 1480 341 1526 qui
367 1477 442 1519 εἷος
475 1489 539 1523 pro
568 1479 672 1519 εἶ’,ως
708 1478 907 1521 pariterque

94 1531 196 1568 τεῖος
222 1539 286 1572 pro
312 1527 438 1567 τείως,
464 1525 495 1557 Ιι.
516 1525 537 1558 l.
568 1531 604 1558 et
626 1525 794 1558 similibus
819 1522 906 1556 scri-

95 1575 245 1610 bendum
276 1577 422 1617 putant,
454 1582 542 1615 quae
569 1572 699 1604 formae
720 1568 907 1603 inusitatae

96 1627 200 1662 sunt,
232 1618 384 1664 quamvis
420 1618 555 1660 legatur
592 1617 677 1657 εἵως
716 1623 754 1650 et
791 1617 907 1655 τεί.ως

95 1678 166 1702 non
198 1671 268 1699 tam
307 1668 431 1708 regnat
464 1663 499 1696 in
524 1663 666 1696 Homeri
701 1661 906 1696 carminibus

96 1717 243 1748 metrum
259 1722 360 1756 quam
376 1710 572 1754 rhythmus,
601 1720 711 1754 neque
729 1710 773 1742 ad
793 1707 907 1741 vivum

96 1759 322 1794 resecandum
340 1762 394 1790 est
420 1757 485 1788 hoc
506 1766 613 1798 genus
631 1767 686 1800 ap.
706 1758 825 1799 poetas
845 1766 907 1788 an-

96 1804 330 1850 tiquissimos,
361 1801 420 1846 qui
443 1802 565 1835 breves
583 1812 821 1845 nonuunquam
845 1812 907 1834 vo-

98 1851 195 1886 cales
227 1849 464 1895 producebant
493 1848 544 1890 (v.
561 1859 639 1881 ann.
667 1847 710 1881 ad
735 1849 847 1891 205),
874 1851 909 1880 et

100 1903 225 1931 contra
242 1897 361 1939 longas
390 1893 641 1946 corripiebant,
666 1905 766 1927 ιετ5ιι
786 1894 822 1927 id
844 1894 909 1927 ssa-

100 1943 257 1996 gitante‚
280 1944 377 1985 cujus
395 1939 445 1973 rei
462 1941 616 1994 exempla
634 1940 784 1973 vidimus
804 1941 912 1974 verba

102 1988 241 2033 ξυνήϊα
273 1996 308 2021 et
342 1984 578 2030 ὶλασσαμενοι
606 1989 682 2021 100.
703 1992 740 2020 et
760 1987 837 2021 124.
865 1986 909 2018 cf.

103 2036 202 2070 Guil.
230 2033 369 2068 Miilleri
393 2034 481 2066 hom.
518 2033 701 2066 Iorschule
735 2043 767 2076 p.
800 2035 854 2067 16.
877 2037 913 2065 et

102 2082 161 2117 40.
198 2101 244 2106 ——
278 2077 385 2134 ὥρμ.
425 2078 642 2122 ἐνεθυμεῖτο
661 2104 670 2120 ‚
720 2081 912 2136 dcevpsito.

104 2128 188 2161 Sch.
209 2128 274 2161 E.:
300 2123 490 2169 ὁρμαίνειν
514 2125 555 2160 δὲ
581 2126 643 2169 (ab
665 2122 759 2169 ὅρω)
785 2124 840 2161 ἀεὶ
861 2124 914 2158 λε’-

103 2187 161 2220 γει
195 2171 214 2208 ὁ
239 2174 353 2207 π.τὸ
390 2173 441 2206 ἔτι
475 2171 513 2207 ἐν
548 2183 691 2214 κιιησει
724 2172 786 2206 καὶ
820 2169 917 2216 ἀρχῇ

103 2219 296 2274 τυγχάνειν
319 2217 572 2265 βουλεύματος
589 2224 655 2252 etc.
676 2238 721 2242 —
738 2231 821 2253 κατ
835 2218 858 2252 οὶ
871 2237 916 2241 -

105 2264 280 2311 θυμόν.
306 2271 419 2299 mente
444 2265 771 2310 anin1oque.Cam.·
797 2262 917 2308 ,,φρε’-

105 2327 153 2349 να
179 2319 345 2353 mentem,
385 2311 512 2355 θυμὸν
547 2311 692 2345 animum
719 2316 918 2345 commotum

105 2361 392 2404 interpretantur.
437 2358 498 2392 sed
548 2359 691 2391 videtur
731 2358 820 2391 idem
864 2358 918 2390 bis

107 2406 236 2440 dixisse
258 2404 495 2449 ἐξηγητικαῖςι
518 2416 584 2438 non
598 2404 686 2437 euim
705 2404 844 2437 dubium
865 2407 919 2436 est

107 2453 194 2496 quin
214 2453 313 2485 Hom.
334 2458 476 2484 mentem
489 2478 496 2492 ‚
534 2450 788 2494 cogitationem,
807 2450 920 2483 consi-

108 2498 178 2539 lia,
202 2498 391 2538 rationem,
415 2497 450 2530 in
471 2503 612 2542 pectore
631 2496 820 2530 collocarit.
837 2500 918 2520 ⁴⁴—

109 2545 154 2578 οἳ.
171 2556 248 2578 ann.
278 2543 321 2577 ad
342 2545 601 2577 antecedentem
619 2554 770 2577 versum.

158 2613 236 2647 194.
263 2611 424 2648 ἕλκετο
450 2609 516 2647 δὲ.
545 2612 787 2655 educebatque.
812 2611 917 2644 sch.-

112 2657 249 2699 εἷλκεν,
284 2671 346 2692 nec
392 2658 493 2692 aliter
517 2658 558 2691 E.
606 2659 651 2690 cf.
695 2659 761 2692 187
786 2663 853 2690 etc.
875 2675 916 2680 —

110 2708 215 2746 χολη,
237 2706 403 2749 vaginae.
429 2709 528 2738 erant
546 2704 693 2748 vaginae
708 2703 843 2736 metallo
863 2701 919 2735 vel

112 2752 239 2792 ebore,
265 2758 302 2785 ut
330 2751 406 2794 Ody
404 2761 457 2783 ss.
478 2752 511 2793 8,
532 2749 612 2786 404.
645 2750 689 2783 cf.
709 2749 808 2793 Virg.
833 2751 917 2783 Aen.

112 2799 148 2839 9,
172 2799 252 2837 305.
278 2801 313 2830 et
335 2796 553 2840 Ktipkeuml.
581 2797 601 2829 Ι.
630 2796 672 2829 ad
702 2797 777 2831 190.
805 2813 850 2820 —
875 2793 918 2829 τὸ

113 2841 154 2880 δὲ
195 2842 314 2888 μέγα
359 2845 507 2886 ξίφος
548 2841 709 2886 μεγάλην
751 2840 818 2885 τήν
850 2841 920 2876 τοῦ

112 2887 234 2936 ἥρωος
255 2892 360 2934 χεῖρα
379 2890 487 2932 δηλοῖ
504 2889 778 2932 συλλογιστικῶς
794 2893 861 2921 etc.
872 2887 917 2920 E.

114 2938 233 2971 eodem
262 2947 363 2970 sensu
393 2934 656 2990 Agamemnonii
675 2935 812 2991 ξίφεος
825 2932 920 2977 μέγα

114 2981 268 3018 κουλεὸν
290 2981 380 3019 dixit
397 2979 442 3026 γ’,
465 2982 546 3017 272.
562 3000 607 3006 -
633 2975 748 3025 ἦλθε
772 2976 812 3016 δ’
837 2978 918 3015 Ἀθ.

1258 605 1266 613 ·
1299 588 1458 633 αὐτίκα
1489 588 1531 633 δ’
1563 589 1674 644 ἔγνω

1189 686 1289 709 ..οῦ

942 714 1126 761 apodosis‚
1151 715 1248 760 quus
1280 714 1383 749 index
1413 719 1468 750 est
1493 713 1534 751 δε
1560 713 1747 761 particula,

942 769 983 796 ut
999 762 1135 806 passim

992 809 1069 844 195.
1095 805 1194 848 ου’ρ.
1236 809 1388 844 coelitus.
1420 807 1567 842 vicinum
1592 818 1669 841 esse
1697 805 1748 839 vi-

945 854 1092 887 debatur
1108 856 1238 889 coelum
1252 855 1295 888 Ol
1299 854 1391 899 )ιιιρὶ
1403 853 1628 894 verticibus,'
1620 865 1655 890 ιιι
1672 851 1748 897 qui·

947 902 1009 933 bus
1037 900 1194 934 habitare
1220 900 1323 945 vulgo
1340 900 1529 934 credebant
1556 899 1650 934 deos.
1674 898 1754 933 binc

947 946 1161 991 promiscuus
1198 946 1330 980 illorum
1371 947 1612 980 vocabulorum
1650 956 1754 987 usus3

948 1004 1012 1026 nec
1042 993 1163 1036 negari
1191 997 1326 1037 potest,
1358 992 1460 1027 etiam
1492 992 1526 1026 in
1553 992 1631 1037 ipso
1658 991 1754 1025 coelo

948 1047 1125 1072 versantes
1156 1038 1239 1082 fingi
1271 1051 1326 1083 ap.
1362 1039 1547 1073 Homerum
1572 1039 1676 1080 deos,
1713 1047 1754 1070 ex

949 1095 1016 1130 quo
1040 1085 1157 1124 coelo,
1182 1096 1248 1118 non
1271 1086 1444 1130 Olympo,
1471 1090 1507 1118 et
1526 1083 1731 1118 Vulcanus
1720 1095 1755 1117 ιιι

949 1136 1077 1165 terram
1090 1131 1258 1186 dejicitur
1278 1132 1363 1174 (591
1369 1132 1421 1174 ·,)
1456 1137 1492 1164 et
1511 1142 1615 1165 aurea
1633 1134 1757 1164 catena

949 1176 1008 1211 illa
1033 1175 1118 1219 (θ’,
1144 1177 1223 1220 19)
1248 1177 1444 1222 dependere
1474 1176 1658 1220 cogitanda
1690 1180 1756 1216 est,

951 1235 993 1256 ex
1018 1235 1084 1277 qua
1109 1223 1157 1256 dii
1181 1224 1335 1267 deaeque
1364 1234 1479 1257 omnes
1509 1234 1581 1256 cum
1603 1228 1700 1256 terra
1722 1226 1757 1255 et

951 1269 1036 1303 mari
1061 1270 1324 1313 suspendantur.
1349 1281 1448 1314 quam
1470 1275 1583 1303 tamen
1603 1275 1757 1301 catenam

953 1327 995 1349 ex
1012 1315 1144 1348 ιειῐίοε
1174 1316 1312 1360 Olympi
1339 1321 1453 1359 aptam
1480 1315 1565 1348 dicit
1573 1317 1688 1369 poeta
1704 1310 1758 1355 θ’,

950 1363 1006 1395 25.
1025 1388 1032 1402 ,
1055 1367 1157 1395 antea
1193 1372 1275 1394 usus
1318 1362 1436 1395 verbis
1466 1358 1505 1404 ἐξ
1537 1356 1761 1403 οὐρανόθεν

951 1407 1049 1442 497.;
1074 1403 1187 1453 ἀνέβη
1204 1407 1263 1452 με’,
1265 1420 1318 1442 αν
1343 1405 1552 1451 ουρανὸν
1579 1405 1760 1450 Οὔλυμ-

952 1467 978 1488 π
994 1452 1046 1488 όν
1070 1467 1130 1488 τε.
1157 1465 1188 1487 v.
1209 1454 1406 1488 Carnmanni
1429 1454 1611 1487 Iorschule
1635 1466 1677 1486 zu
1697 1454 1760 1486 der

953 1501 997 1534 Il.
1020 1513 1053 1533 u.
1073 1500 1133 1532 Od.
1155 1500 1214 1533 des
1235 1501 1337 1533 Hom·
1369 1511 1405 1555 p.
1425 1502 1503 1535 157.
1521 1511 1631 1544 sequ„
1655 1499 1759 1533 colla-

953 1546 999 1579 tis
1017 1548 1071 1580 18.
1092 1550 1128 1579 et
1146 1545 1225 1581 420.
1253 1566 1290 1570 -
1317 1545 1405 1587 πρὸ
1429 1566 1473 1571 —
1487 1543 1614 1589 ”.Ηρη
1641 1545 1760 1580 summi

954 1593 1094 1626 deorum
1121 1591 1259 1636 Jupiter
1288 1597 1323 1625 et
1353 1593 1462 1633 Juno,
1498 1592 1621 1635 quibus
1651 1590 1760 1625 ceteri

954 1643 1079 1684 parent
1103 1642 1139 1670 et
1167 1649 1282 1672 eorum
1308 1639 1402 1682 jussa
1428 1639 1618 1683 perferunt.
1643 1639 1764 1671 favent

954 1691 1065 1719 autem
1088 1684 1237 1717 Graecis
1264 1684 1352 1718 Juno
1377 1688 1413 1718 et
1438 1684 1619 1725 Minerva,
1645 1683 1763 1728 itaque

955 1730 1073 1764 nolunt
1091 1730 1197 1763 rixari
1220 1730 1348 1764 diutius
1371 1731 1462 1763 inter
1478 1742 1516 1764 se
1537 1730 1667 1763 illorum
1689 1730 1762 1764 for-

952 1776 1115 1811 tissimum
1136 1777 1485 1822 potentissimumque.

1003 1824 1082 1858 195.
1107 1825 1198 1866 φιλ.
1211 1843 1256 1847 —
1273 1836 1326 1867 κη
1340 1825 1371 1857 ὂ.
1398 1835 1454 1858 τε.
1475 1822 1664 1866 incongrua
1683 1832 1764 1855 con-

955 1868 1123 1909 structio,
1159 1869 1275 1913 quales
1306 1882 1361 1913 ap.
1385 1875 1544 1902 auctores
1574 1874 1657 1902 v.ett
1704 1879 1763 1901 as-

956 1917 1018 1950 sim
1043 1920 1251 1954 occurrunt,
1275 1921 1312 1949 ut
1330 1915 1554 1968 virgilianum
1576 1914 1598 1947 h
1660 1914 1763 1957 (Aen.

959 1966 1015 2002 11,
1037 1962 1144 2004 280.)
1168 1973 1229 1994 nec
1262 1967 1416 1995 veterum
1441 1961 1581 1994 memini
1611 1962 1624 1994 l
1651 1966 1765 1994 etorve

958 2008 1146 2043 malorum:
1170 2019 1236 2040 non
1266 2009 1355 2041 enim
1382 2007 1510 2041 dicitur
1529 2005 1689 2051 κήδομαί
1713 2018 1764 2049 σε,

960 2054 1021 2089 sed
1049 2054 1136 2090 σοῦ
1161 2065 1272 2097 neque
1292 2055 1402 2087 laetor
1419 2054 1600 2089 malorum.
1623 2054 1719 2086 Cam.

1008 2102 1086 2135 197.
1113 2098 1305 2134 ὄπιθεν.
1330 2097 1499 2134 ὄπισθεν.
1521 2111 1590 2133 vox
1614 2099 1765 2143 poetica,

963 2151 1069 2180 metro
1110 2152 1193 2190 apta
1215 2171 1225 2185 ,
1272 2146 1550 2191 quemadmodum
1596 2142 1765 2188 Ἀχιλεύς,

960 2191 1143 2232 Ὀὁυσενς
1172 2197 1207 2225 et
1230 2191 1351 2225 similia
1379 2192 1549 2226 dicuntur.
1582 2203 1616 2225 v.
1644 2191 1712 2225 Th.
1732 2202 1766 2236 p.

962 2240 1042 2274 230.
1069 2245 1135 2272 etc.
1169 2257 1212 2262 —-
1252 2239 1436 2292 ξανθῆς
1476 2236 1641 2281 κόμης.
1680 2249 1768 2282 quae

964 2295 1047 2330 pars
1068 2284 1328 2329 pulcritudinis,
1354 2285 1455 2318 etiam
1470 2284 1506 2318 in
1528 2284 1688 2318 Menelao
1708 2295 1768 2317 ce-

964 2332 1098 2365 lebrata
1126 2331 1265 2374 saepius
1292 2328 1349 2375 (γ’
1354 2329 1485 2371 ,284,
1510 2327 1566 2371 δ,
1594 2331 1662 2366 183
1683 2329 1768 2374 etc.)

965 2383 1001 2412 et
1021 2377 1055 2410 in
1088 2378 1266 2420 Meleagro
1285 2377 1329 2422 β’,
1349 2356 1442 2418 642,
1466 2381 1505 2410 ut
1529 2376 1687 2410 Feithius
1703 2386 1767 2408 au-

964 2428 1080 2457 notav·
1072 2424 1099 2456 't
1123 2435 1154 2468 p.
1179 2425 1260 2457 350.
1292 2424 1335 2458 cf.
1365 2423 1514 2456 Theocr.
1545 2424 1607 2464 18,
1632 2424 1676 2462 1.,
1699 2421 1769 2454 Ca·

964 2469 1039 2502 tull.
1061 2470 1125 2508 66,
1152 2471 1184 2504 8.
1221 2480 1318 2513 sequ.
1330 2494 1339 2511 ,
1373 2469 1471 2511 Virg.
1501 2470 1587 2503 Aen.
1616 2467 1650 2509 4,
1674 2468 1769 2508 559„

965 2516 1050 2549 Hor.
1085 2515 1153 2548 Od
1180 2514 1312 2554 1,5‚.4
1345 2519 1381 2548 et
1404 2514 1501 2549 alios.
1527 2525 1621 2548 coma
1643 2524 1768 2558 appre-

965 2561 1068 2595 hendi
1097 2529 1262 2595 Achillem
1292 2559 1406 2594 mirati
1430 2565 1512 2594 sunt
1539 2560 1677 2604 quidam
1707 2570 1767 2592 re-

965 2608 1170 2646 centiorum,
1215 2618 1289 2640 cum
1323 2607 1374 2640 ita
1401 2606 1496 2640 ferat
1533 2611 1655 2641 natura
1683 2616 1768 2638 aevo

963 2653 1113 2688 rudiore.
1146 2632 1289 2686 ridicule
1313 2653 1378 2686 E.:
1410 2653 1552 2695 ξανθῆς
1581 2649 1621 2686 δὲ
1653 2648 1770 2694 κόμης

964 2699 1057 2736 ἑλεῖν
1102 2698 1167 2735 τὸν
1198 2697 1355 2742 Αχιλλέα
1400 2696 1422 2742 ἡ
1456 2696 1596 2741 Ἀθηνᾶ
1614 2697 1771 2755 λε’,γεται

965 2745 1210 2801 συμβολικῶς,
1243 2744 1306 2779 καὶ
1338 2746 1451 2780 τοῦτο
1484 2743 1550 2779 δια
1579 2741 1623 2778 τὸ
1661 2742 1700 2779 ἐν
1724 2744 1771 2791 τῇ

965 2794 1106 2838 κεφαλῇ
1130 2790 1310 2847 ἱδρύσθαι
1333 2788 1374 2825 τὸ
1402 2786 1631 2850 ἡγεμονικόν.

1013 2841 1090 2875 199.
1117 2850 1235 2881 μετα
1269 2834 1308 2871 δ’
1346 2835 1434 2880 ε’τρ.
1467 2836 1529 2871 και
1553 2835 1769 2879 mmmmd-

967 2899 1031 2930 φη.
1057 2885 1139 2919 Sch.
1156 2885 1290 2918 cf.160.
1309 2903 1354 2908 -
1380 2881 1551 2918 αὐτίκα
1577 2880 1617 2918 δ’
1643 2881 1767 2926 ε’γνω.

966 2938 1002 2966 et
1020 2932 1053 2968 Ιι.
1073 2931 1095 2964 l.
1115 2936 1150 2965 et
1167 2930 1201 2963 in
1222 2929 1445 2986 sequentibus
1462 2929 1578 2964 verbis
1600 2927 1707 2964 δειναὶ
1723 2947 1769 2953 --

966 2976 1141 3023 φάανθεν
1162 2980 1216 3012 est
1238 2974 1279 3011 δὲ
1305 2975 1458 3017 causale,
1484 2981 1522 3010 ut
1538 2975 1678 3022 passim.
