1811 3269
600 196 1036 237 ΙΛΙΑΔΟΣ
1090 199 1142 237 Λ.

223 306 300 376 ἠδε
329 306 424 362 μέλι
453 304 646 362 χλωρόν,
679 322 799 359 παρα
831 303 876 348 δ’

1628 199 1711 239 117

907 304 1096 358 άλφίτου
1124 303 1243 355 ἷερὸν
1269 303 1433 374 ἀκτήν·

221 364 310 416 πὰρ
342 363 388 405 δὲ
419 363 550 414 δέπας
579 362 852 418 περικαλλὲς,
884 361 912 405 ὂ
943 363 1123 404 οι’κοθεν
1152 359 1224 433 ἦγ’
1257 359 1281 405 6
1313 360 1499 416 γεραιὸς,

184 420 449 504 1,ιχρυσείομς
460 418 605 475 ἥλοισι
635 419 937 474 πεπαρμένον,
968 417 1106 461 οὔατα
1138 416 1182 460 δ’
1214 415 1354 460 αὐτοῦ

184 473 393 544 *τέσσαρ’
427 475 553 525 ἔσαν,
587 477 705 520 δοιαὶ
736 476 781 520 δὲ
811 472 1031 524 πελειάδες
1062 472 1209 543 ἀμφὶς
1227 473 1411 516 ἕκαστον

106 536 188 579 635
221 530 417 587 χρύσειαι
449 532 713 603 νεμέθοντο,
747 531 839 576 δύω
871 529 915 574 δ’
944 529 1031 573 ὑπὸ
1061 528 1283 600 πυθμένες
1311 532 1436 587 ἦσαν.

216 588 348 640 ἄλλος
376 589 455 644 μὲν
484 588 655 645 μογέων
684 587 1008 660 ἀποκινήσασκε
1037 586 1274 658 τραπέζης

214 650 366 689 πλεῖον
395 646 488 717 έρν,
520 646 702 701 Νέστωρ
734 644 829 690 δ’ὁ
860 645 1004 700 γέρων
1033 641 1218 698 ἀμογητὶ
1248 641 1407 698 άειρεν.

215 702 262 746 ἐν
292 706 352 759 τῷ
384 701 440 756 ρά
472 681 551 758 σφι
579 704 739 759 κύκησε
768 701 880 775 γυνὴ
913 702 1055 744 εἰκυῖα
1083 704 1243 768 θεῇσιν

217 761 326 816 οἴνῳ
357 761 614 817 Πραμνείῳ,
647 761 716 804 ἐπὶ
746 758 790 804 δ’
824 761 990 815 αἴγειον
1018 760 1102 814 κνῆ
1133 754 1274 812 τυρὸν

47 873 252 908 Billerbeck.
287 872 382 906 Flor.
417 873 517 907 class.
554 885 588 930 p.
613 873 714 929 90.)
750 872 855 917 μέλι

46 919 245 976 χλωρόν.
276 917 507 963 πρόσφατον,
532 921 628 955 νέον.
666 932 764 954 ουτω
782 933 854 964 γαρ

45 980 78 1001 κ.
102 964 206 1010 ἡμεῖς
224 964 364 1009 χλωρὸν
382 966 496 1007 τυρὸν
512 966 660 1010 λέγομεν
678 964 744 1000 τὸν
761 966 856 1002 νέον.

46 1011 205 1055 (ἱερὸν
230 1010 380 1054 α’κτήν
412 1013 541 1055 Harlej.
575 1013 684 1053 liber,
719 1019 757 1046 ut
780 1013 858 1045 He-

45 1059 163 1092 sindus
187 1059 231 1091 O.
258 1063 293 1091 et
316 1057 360 1092 D
387 1056 486 1093 4664
520 1057 734 1102 Δημήτερος
757 1057 858 1100 ἱερὸν

46 1102 182 1149 ἀκτήντ
220 1100 404 1145 Ἀττικῶς,
441 1104 554 1148 inquit
588 1105 639 1143 Ε,
679 1105 737 1149 qui
771 1105 858 1138 hanc

46 1151 251 1195 scripturam
276 1157 532 1184 commemorat:
557 1148 652 1185 καθ’
675 1150 854 1204 ὁμοιότη-

45 1210 92 1231 τα
125 1209 192 1231 του
229 1194 398 1237 κλυτὸς
430 1193 756 1240 [πποδάμεια
790 1193 855 1242 [β’,

46 1244 156 1298 742..]
203 1243 328 1285 vulget
364 1243 510 1299 ἱεροῦ.)
567 1242 672 1288 αλφ.
711 1243 856 1285 ἱεροῦ

47 1286 211 1345 ἀκτήν.
252 1288 337 1335 ἦτοι
372 1286 510 1333 ἄλφιτα
547 1290 854 1348 περιφραστικῶς,

47 1333 122 1371 α’πὸ
162 1337 232 1370 τοῦ
269 1335 644 1391 κατασκευάσματος,
691 1333 714 1370 ὅ
756 1335 854 1371 ἐστιν

46 1379 215 1425 ἄλευρον.
241 1379 430 1437 (ἄλλως)
442 1386 549 1426 δηλοῖ
573 1382 613 1418 δὲ
638 1382 659 1427 ἡ
683 1380 809 1425 λέξις
794 1396 854 1418 οτε

44 1429 123 1484 μὲν
136 1427 178 1463 τὸ
203 1427 383 1484 άλευρον,
408 1426 479 1464 άπὸ
505 1431 573 1464 τοῦ
579 1429 855 1486 κατάγνυσθαι

44 1489 77 1510 κ.
100 1472 275 1511 άλεῖσθαι
296 1473 362 1510 τὸν
386 1479 506 1511 σῖτον·
533 1473 594 1511 ὁτε
613 1474 653 1511 δὲ
672 1475 854 1520 αἰγιαλὸν,

45 1520 120 1556 άπὸ
153 1523 222 1556 τοῦ
251 1520 585 1565 περικατάσσεσθαι
617 1521 642 1568 ἢ
672 1521 854 1567 κατάγνυ-

46 1571 140 1604 σθαι
164 1568 210 1603 τοὶ
235 1567 392 1612 κύματα.
417 1570 486 1612 (Ez
513 1589 555 1594 —
575 1566 855 1613 άλφιτον-τι-

45 1613 106 1655 νὲς
137 1611 392 1660 απλούστερόν
424 1626 516 1658 φασι
540 1614 580 1650 τὸ
606 1614 856 1660 ἐκπεφρυγμέ-

44 1674 122 1698 νων
145 1662 309 1704 κριθῶν,
332 1661 435 1706 παρὰ
461 1660 502 1696 τό
530 1659 659 1705 άλφαῖ,
685 1662 727 1697 τό
753 1664 854 1706 πρῶ-

43 1721 112 1744 τον
145 1706 360 1766 ἐφευρεθέν.
414 1706 645 1764 προεύρηται
676 1707 745 1763 γάρ
778 1710 853 1743 τῶν

44 1767 234 1798 σποριμων
241 1753 284 1805 ἦ
308 1752 445 1809 κριθή·
477 1753 535 1789 διὸ
567 1755 630 1790 καὶ
663 1751 761 1790 ου’τω
795 1754 853 1790 κε’-

43 1805 190 1846 κληται,
216 1799 278 1835 οἶα
301 1802 347 1846 τῇ
372 1798 489 1844 αυτῆς
511 1801 635 1845 χρήσει
660 1802 852 1845 διακρί-να

45 1860 92 1884 σα
124 1848 198 1881 τῶν
235 1845 373 1891 ἀγρίων
403 1848 507 1888 ζώων
539 1849 604 1883 τὸν
635 1846 852 1891 ἄνθρωπον.

44 1894 165 1937 (aliter
189 1893 387 1927 Buttmann.
414 1893 523 1928 Lexil.
542 1894 568 1927 Ι.
595 1905 630 1949 p.
656 1896 734 1929 198.
755 1895 852 1938 ann.)

45 1960 92 1966 ——
125 1938 338 1995 άλφίτου
360 1937 400 1973 δὲ
427 1939 543 1984 οἷκτή
578 1937 625 1975 ου’
649 1940 766 1982 μόνον
789 1953 853 1975 πε-

43 1997 293 2041 ριφραστικως
320 1983 339 2020 6
365 1983 498 2029 άρτος,
521 2005 565 2010 -
590 1984 681 2021 ἄλλα
698 1988 758 2021 καὶ
780 1986 853 2028 μά-

43 2037 147 2068 λιστα
172 2029 214 2068 τὸ
239 2031 408 2076 αλευρον,
431 2031 533 2076 παρά
550 2030 592 2067 τό
613 2030 689 2078 άγω
708 2032 749 2068 τὸ
764 2035 850 2068 κλῶ.

43 2078 103 2115 διὸ
127 2079 188 2114 καὶ
206 2078 376 2124 κάταγμα
395 2078 640 2123 ἓρμηνεύουσι
658 2079 724 2123 τὴν
739 2078 854 2124 ἀκτὴν

43 2127 80 2162 οὶ
104 2127 269 2161 παλαιοί.
303 2145 350 2151 -
381 2137 493 2170 neque
526 2126 612 2159 hanc
645 2127 853 2160 notationem

41 2173 140 2208 verbi
173 2171 263 2217 oium)
300 2171 566 2206 addubitandam
599 2183 675 2206 esse
712 2173 761 2206 ait
794 2173 853 2212 H,

42 2219 132 2262 „sed
155 2220 307 2264 frangi,
312 2221 335 2237 ‘⁶
366 2218 500 2261 inquit,
538 2218 675 2259 „videri
710 2224 854 2264 possunt

44 2267 164 2320 fruges
189 2270 225 2299 et
250 2264 456 2305 triturando,
481 2271 517 2298 et
531 2265 696 2298 molendo.
725 2265 853 2308 Etyma

45 2309 262 2368 Δημήτερος
288 2308 403 2365 ἀκτή,
438 2310 502 2345 δια
527 2309 568 2345 τὸ
593 2311 854 2368 κατάγνυσθαι

44 2357 95 2415 ἐν,
115 2359 161 2415 τῇ
195 2356 271 2402 α’λῳ
305 2353 370 2392 τὸν
395 2356 530 2415 στάχυν
559 2356 625 2391 τὸν
658 2357 797 2400 εὐαγῆ,
830 2353 853 2400 ἦ

45 2403 164 2439 αὐτὸν
206 2404 271 2439 τόν
302 2407 403 2439 σῖτον
435 2402 473 2438 έν
508 2404 559 2447 τῷ
592 2403 694 2448 μύλῳ
731 2403 856 2446 θραύ-

43 2453 166 2487 εσθαι.
213 2451 247 2484 ἰιι
280 2450 344 2484 hoc
375 2449 484 2484 altero
518 2450 674 2484 substitit
706 2461 855 2484 commu-

44 2497 97 2532 nis
121 2496 248 2542 opinio.
252 2499 276 2516 “
325 2493 439 2540 άκτήν
465 2497 508 2530 ab
534 2495 665 2538 ακτὸς,
693 2497 856 2555 Ῑῖαὲἱίἰε,

42 2543 216 2587 intelligas
264 2542 410 2589 φορβὴν
427 2567 437 2584 ,
485 2540 632 2587 ἐδωδὴν
649 2568 658 2584 ,
705 2540 854 2587 ἐδητυν,

44 2588 160 2634 άκτὴν
184 2589 298 2634 potius
323 2600 422 2633 quam
448 2588 588 2633 κριθὴν
613 2593 673 2622 aut
696 2588 853 2632 δωρεάν.

42 2636 111 2670 fuit
135 2643 247 2669 autem
273 2634 527 2680 antiquissimus
550 2636 583 2668 in
603 2635 791 2669 Graecia
772 2646 855 2668 usus

43 2681 188 2721 hordei,
233 2681 456 2724 solebantque
498 2682 629 2714 hordea
670 2688 781 2721 tosta,
820 2685 856 2714 et

45 2727 170 2763 deinde
192 2727 312 2761 fractis
336 2727 503 2772 pinsendo
522 2726 640 2771 granis
662 2739 750 2771 aqua
771 2727 855 2760 mol-

44 2774 128 2815 lita,
152 2773 243 2807 nulla
267 2772 410 2806 furfuris
434 2775 529 2807 facta
549 2773 752 2815 secretione,
774 2774 855 2816 pul-

46 2821 92 2855 tis
127 2820 163 2853 in
195 2818 329 2853 modum
363 2818 510 2863 apponi;
546 2831 634 2863 quae
668 2819 762 2863 puls,
795 2818 854 2851 ubi

45 2865 176 2900 siccata
206 2863 376 2905 induruit,
410 2865 591 2909 placentae
618 2864 766 2909 speciem
790 2865 854 2897 ha-

44 2913 152 2953 bens,
176 2917 329 2955 tempore
353 2911 545 2954 prandendi
569 2910 757 2945 identidem
782 2921 855 2943 ma-

47 2958 188 2991 defacta
212 2958 267 2990 vel
291 2957 518 2997 sorbebatur,
542 2957 597 2990 vel
622 2956 855 2990 manducaba-

45 3009 112 3038 tur.
161 3003 304 3047 „itaque
331 3000 516 3046 ἄλφιτα,“
547 3002 659 3047 inquit
678 3003 733 3043 H,
758 3013 855 3043 „mo-

46 3049 90 3084 do
115 3054 196 3084 sunt
222 3048 342 3083 hordei
365 3059 483 3094 grana
510 3053 614 3093 tusa,
640 3048 741 3083 modo
763 3049 853 3093 puls,

901 871 1000 905 modo
1032 871 1135 914 panis
1159 870 1326 909 siccatus,
1360 871 1401 901 ut
1424 867 1458 900 h.
1482 865 1504 900 l.
1528 867 1565 899 et
1588 862 1713 919 passim

901 918 936 951 in
967 916 1040 961 od>
1039 919 1164 950 sseaf‘
1227 915 1427 967 plerumque
1460 916 1573 945 tamen
1604 908 1711 954 ἄλφι-

900 977 966 998 τον
989 964 1119 1006 pultem
1144 963 1371 995 hordeaceam
1397 957 1593 1002 significare
1615 956 1712 996 dicit,

902 1010 1044 1044 laudans
1076 1021 1118 1043 ea
1150 1008 1194 1042 de
1227 1019 1266 1041 re
1292 1007 1533 1049 Etymologum
1559 1003 1591 1035 h.
1618 1014 1650 1037 v.
1677 1008 1713 1036 et

901 1067 966 1089 sua
989 1055 1099 1099 ipsius
1112 1053 1310 1110 Opuscula
1335 1060 1414 1086 tom.
1442 1052 1474 1085 1.
1501 1061 1534 1094 p.
1555 1050 1635 1083 371.
1668 1068 1713 1072 —

902 1099 1226 1144 πεπαρμένον.
1270 1097 1316 1140 α’,
1349 1097 1430 1132 246.
1480 1095 1635 1140 poculum
1671 1093 1714 1127 li-

903 1159 1044 1191 gneum,
1071 1146 1178 1180 clavis
1204 1145 1316 1180 aureis
1341 1144 1445 1176 fixum
1466 1145 1607 1175 ornatus
1631 1151 1713 1174 cau-

902 1205 953 1234 sa,
980 1197 1016 1226 et
1040 1193 1174 1237 quidem
1204 1187 1482 1234 ἀμφικύπελλον
1503 1187 1568 1231 (α’,
1589 1186 1713 1227 5842)

903 1239 1004 1283 quale
1032 1238 1191 1283 poculum
1217 1243 1252 1271 et
1278 1248 1381 1270 ansae
1398 1234 1419 1269 4
1436 1234 1602 1273 indicant,
1628 1244 1713 1277 qua-

901 1296 974 1319 rum
1007 1285 1095 1317 duas
1129 1283 1346 1329 superiores,
1380 1282 1592 1324 totidemque
1624 1278 1714 1312 infe-

902 1331 1012 1364 riores
1047 1330 1154 1364 fuisse
1188 1335 1450 1363 consentaneum
1485 1332 1558 1365 est,
1593 1330 1628 1359 et
1659 1325 1713 1358 in-

901 1377 1019 1422 primis
1044 1375 1123 1412 δύω
1148 1375 1358 1419 πυθμένες,
1383 1374 1451 1407 duo
1474 1370 1583 1406 fundi.
1608 1384 1642 1405 v.
1666 1372 1712 1405 Η.

947 1434 1025 1468 634.
1073 1433 1209 1467 soloece
1234 1433 1361 1466 dictum
1397 1434 1450 1464 est
1485 1427 1643 1473 ‹implg‘
1630 1427 1713 1464 ἐκα-

902 1490 1000 1514 στον.
1050 1479 1237 1513 scribamus
1269 1477 1426 1514 ἑκάστου
1458 1476 1513 1510 vel
1536 1474 1712 1517 ἑκάστων,

900 1528 935 1561 h.
962 1538 991 1561 e.
1015 1523 1169 1560 εκάστου
1196 1523 1344 1566 οὔατος,
1370 1522 1531 1559 ἑκάστων
1552 1520 1713 1563 ον’άτων,

902 1584 991 1617 quae
1016 1573 1106 1606 duae
1131 1583 1234 1606 ansae
1258 1570 1503 1614 intelligendae
1520 1574 1599 1603 sunt
1620 1568 1710 1602 utri-

901 1618 995 1653 usvis
1028 1617 1165 1663 poculi,
1211 1616 1402 1663 superioris
1434 1615 1490 1649 vel
1526 1614 1712 1648 inferioris.

901 1665 956 1697 vel
981 1664 1173 1722 ponendum
1198 1671 1271 1708 est,
1306 1663 1399 1709 quod
1432 1662 1466 1696 H
1491 1661 1573 1707 poni
1594 1660 1710 1705 jussit,

901 1709 998 1755 ἀμφι
1023 1709 1189 1745 ἓᾛκαστον

946 1757 1156 1792 635—638.
1197 1765 1291 1798 νεμ.
1305 1778 1313 1795 ,
1335 1753 1582 1809 pascebantur.
1608 1751 1709 1785 sch.-

899 1802 1117 1846 νεμομέναις
1142 1801 1331 1846 [τουτέστι
1355 1796 1512 1843 ζώσαις]
1537 1796 1712 1843 ἐῴκεισαν

899 1849 939 1882 αἱ
963 1848 1117 1884 πέλειαι
1142 1867 1185 1873 --
1219 1847 1406 1892 μογέων
1431 1845 1495 1892 (β,
1520 1847 1588 1880 690
1609 1850 1675 1878 etc.
1679 1844 1710 1888 ),

897 1893 1072 1938 κάμνων,
1112 1893 1240 1938 μόγις,
1280 1904 1400 1937 aegre.
1448 1911 1492 1916 --
1537 1892 1712 1926 εἰκυῖα

899 1943 1100 1986 θεῇσιν,
1145 1941 1276 1973 deabus
1315 1939 1436 1971 similis
1469 1937 1711 1982 pulcritudine.

901 1987 981 2029 ,,’,θ
1014 1989 1117 2022 305.=
1158 1984 1250 2027 καλὴ
1288 1983 1563 2025 Καστιάνειρα,
1598 1983 1712 2027 δέμας

901 2012 1023 2069 εΐκύῖα
1047 2035 1196 2087 θεῇσι.“
1229 2033 1273 2066 Κ.
1309 2031 1354 2065 cf.
1379 2029 1423 2073 τ’,
1448 2032 1536 2073 286,
1569 2030 1639 2064 Od.
1663 2028 1709 2074 η’,

900 2081 1047 2121 291,1ι.
1073 2079 1108 2113 in
1134 2079 1300 2113 Venerem
1328 2078 1404 2111 154.

947 2127 1026 2161 639.
1076 2126 1194 2171 οι’νιρ
1220 2123 1500 2168 Πραμνείῳ,
1527 2121 1711 2155 vinoPra—

900 2174 1003 2206 mnio.
1039 2173 1085 2206 cf.
1111 2173 1180 2208 Od.
1205 2170 1248 2213 κ’,
1273 2172 1354 2205 235.
1393 2168 1482 2203 ΡΙίιι.
1507 2168 1554 2201 H.
1577 2168 1623 2201 N.
1653 2165 1710 2208 14,

900 2231 926 2252 5.
953 2221 1006 2254 6.=
1033 2223 1067 2252 et
1092 2198 1252 2251 Ρναπιπίδ
1272 2216 1380 2259 (sicut
1400 2214 1598 2257 Maroneo),
1620 2214 1711 2258 quod

901 2266 994 2298 idem
1038 2265 1207 2298 Homerus
1245 2263 1450 2302 celebravit,
1487 2262 1593 2294 etiam
1620 2272 1710 2293 num·

900 2312 1005 2345 honos
1038 2312 1155 2346 durat.
1210 2310 1366 2343 nascitur
1390 2311 1555 2350 Smyrnae
1587 2307 1710 2351 regio—

900 2369 965 2398 ne,
990 2358 1096 2400 juxta
1126 2357 1304 2390 delubrum
1337 2355 1459 2388 matris
1489 2354 1603 2388 (Ictim.
1660 2352 1710 2385 ibi

901 2403 1126 2438 Harduinus:
1171 2407 1234 2444 „et
1266 2402 1301 2435 in
1333 2402 1432 2435 Icaro
1463 2399 1594 2439 insula,
1599 2401 1624 2417 “
1656 2398 1711 2431 in-

901 2449 1001 2494 quit,
1037 2449 1127 2490 „ubi
1161 2448 1323 2493 scopulus
1359 2446 1538 2480 Pramnius
1573 2443 1711 2489 (Πρά-

901 2507 1008 2539 μνιος
1032 2495 1187 2539 πέτρα),
1219 2494 1310 2527 unde
1340 2492 1421 2526 vino
1444 2503 1587 2532 nomen,
1620 2495 1712 2524 teste

904 2542 1105 2586 Eparchide
1131 2553 1186 2587 ap.
1214 2541 1338 2574 Athen.
1359 2543 1390 2574 1.
1410 2549 1492 2583 pag.
1512 2539 1593 2572 30.-
1582 2561 1593 2578 ‚
1619 2542 1655 2571 et
1674 2537 1711 2570 in

901 2588 1026 2628 Lesbo,
1051 2593 1143 2621 teste
1166 2586 1331 2631 Ephippo
1350 2596 1393 2629 ap
1421 2583 1564 2617 eundem
1580 2595 1612 2627 p.
1629 2584 1710 2617 28.
1698 2606 1710 2623 ,
1733 2604 1744 2619 ,Δ

902 2640 938 2667 et
962 2633 996 2666 in
1024 2633 1199 2678 Ephesino
1224 2643 1330 2675 agro,
1356 2630 1416 2674 qui
1441 2628 1641 2674 8ηι)ιιιειι5ἰ
1668 2629 1712 2661 fi-

902 2679 1050 2719 nitimus,
1076 2686 1167 2712 teste
1191 2678 1402 2732 Alciphrone
1424 2676 1548 2728 ibidem
1568 2687 1603 2720 p.
1623 2676 1694 2709 315
1685 2677 1710 2693 “

901 2727 983 2758 Sch.
1008 2725 1100 2759 inter
1124 2724 1214 2758 alia·
1239 2722 1343 2758 άλλοι
1368 2720 1406 2756 δε
1429 2720 1502 2756 απὸ
1531 2719 1712 2764 Πράμνης

903 2770 1019 2806 εἶπον.
1069 2774 1109 2806 Π
1108 2768 1228 2815 ράμνη
1262 2768 1302 2804 δε
1334 2766 1420 2813 ὄρος
1443 2767 1480 2803 ἐν
1506 2769 1551 2812 τῇ
1573 2765 1711 2813 ’Ῑκαρὶα

903 2785 1126 2860 οἰνοφόρονρ
1176 2816 1220 2849 de
1253 2817 1319 2849 hac
1347 2814 1460 2848 insula
1490 2814 1617 2847 Strabo
1653 2816 1709 2849 10.

902 2864 966 2897 sub
992 2864 1109 2896 finem.
1146 2859 1168 2906 ἡ
1204 2874 1270 2904 μεν
1300 2859 1437 2903 Ἰκαρία
1464 2858 1605 2916 ἔρημός
1620 2859 1708 2914 ἐστι,

901 2909 1022 2953 νομάς
1047 2907 1088 2944 δ’
1115 2908 1196 2952 ἔχει,
1220 2921 1282 2942 και
1305 2919 1466 2951 χρωνται
1490 2903 1712 2945 αὐταῖς-Σά-

902 2969 992 2999 μιοι.
1025 2955 1197 2999 antiquius
1219 2954 1326 2998 igitur
1349 2959 1484 2996 tempus
1503 2952 1587 2986 dicit
1602 2953 1710 2985 Scho-

903 3003 1017 3036 liasta.
1066 3002 1229 3035 Aelianus
1263 3000 1304 3032 V.
1330 2999 1372 3032 Η
1403 3001 1468 3039 12,
1492 3001 1570 3034 31.·
1608 2997 1710 3042 Πρά-

903 3047 1032 3093 μνειόν
1056 3061 1140 3083 τινα
1166 3045 1309 3090 (οἶνον)
1335 3022 1511 3081 ἐκάλούν·
1546 3043 1647 3088 ἱερὸν
1670 3043 1707 3079 δ’
