1811 3269
631 130 1060 171 ΙΛΙΑΔΟΣ
1114 131 1169 169 Δ.

1654 128 1739 169 213

243 243 316 287 καὶ
343 241 428 298 γὰρ
458 237 544 294 ἐγώ
575 250 647 283 σοι
677 241 797 283 δῶκα
827 238 942 282 ἓκων
972 238 1149 282 ἀέκοντί
1178 254 1227 294 γε
1242 241 1409 308 θυμῷ·

243 303 289 343 αἲ
317 301 399 367 γὰρ
430 295 513 340 ὑπ’
543 293 676 352 ἠελίῳ
708 312 753 339 τε
782 295 856 339 καὶ
886 292 1065 365 οὐρανῷ
1094 294 1345 350 οἷστερόεντι

156 361 211 403 45
241 354 492 424 ναιετάουσι
520 353 680 423 πόληες
709 353 986 423 ἐπιχθονίων
1002 351 1268 406 ἀνθρώπων,

242 411 359 456 τάων
388 427 463 466 μοι
492 409 594 464 πέρι
623 415 726 466 κῆρι
755 408 944 452 τιέσκετο
966 407 1096 459 Ἴλιος
1127 409 1216 478 ἷρη,

239 468 314 512 καὶ
344 469 546 522 Πρίαμος
575 468 648 510 καὶ
678 466 784 517 λαός
813 465 1027 535 ἐϋμμελίω
1060 465 1295 522 Πριάμοιο.

239 523 295 568 ου’
324 524 410 579 γάρ
441 525 515 580 μοί
544 540 648 567 ποτε
678 521 846 592 βωμός
855 520 1027 566 ἐδεύετο
1058 523 1206 574 δαιτός
1236 523 1395 592 ἐΐσης,

238 585 391 651 λοιβῆς
419 597 464 624 τε
477 582 671 652 κνίσσης
699 594 765 624 τε·
796 596 846 623 το
874 579 959 635 γὰρ
989 576 1179 648 λάχομεν
1208 579 1338 635 γέρας
1369 577 1536 635 ἡμεῖς.“

154 643 209 685 50

330 638 418 682 Τὸν
446 635 488 681 δ’
518 635 708 693 ἠμείβετ’
739 637 886 681 ἔπειτα
912 639 1079 691 βοῶπις
1108 635 1267 679 πότνια
1287 637 1427 704 ᾝρη·

226 691 364 765 ,,,ἧτοι
395 695 490 751 ἐμοὶ
518 700 632 749 τρεῖς
661 695 742 749 μὲν
771 692 886 737 πολυ
916 694 1122 747 φίλταταί
1150 694 1233 736 εἰσι
1262 692 1434 762 πόληες,

226 750 388 821 ’Ἀργος
418 767 463 794 τε
492 751 676 820 Σπάρτη
705 766 751 794 τε
779 751 853 794 καὶ
884 749 1129 804 εὐρυάγυια
1158 748 1377 805 Μυκήνη·

235 808 313 860 τοὶς
343 808 595 862 διαπέρσαι,
633 807 741 851 όταν
769 823 838 850 τοι
868 805 1144 876 ἀπέχθωνται
1173 806 1274 860 πέρι
1303 810 1420 861 κῆρι.

236 864 355 909 τάων
386 864 513 909 ου’τοι
543 863 625 920 ἐγω
655 863 820 919 πρόσθ’
851 865 1029 934 ἵσταμαι
1064 861 1169 906 οὐδὲ
1198 864 1414 933 μεγαίρω·

152 927 205 968 55
237 923 356 992 είπερ
365 922 468 993 γὰρ
501 921 680 992 φθονέω
711 937 755 964 τε
783 921 857 965 καὶ
887 919 972 964 οὐκ
1002 922 1076 964 εἰω
1107 919 1354 990 διαπέρσαι,

235 976 319 1022 οὐκ
350 978 475 1022 ἀνύω
506 976 766 1050 φθονέουσζ
798 977 919 1034 έπειη
948 977 1064 1021 πολὺ
1092 976 1303 1050 φέρτερός
1333 977 1437 1020 ἐσσι.

234 1034 346 1078 α’λλα
375 1035 457 1091 χρὴ
491 1035 566 1078 καὶ
595 1034 703 1089 ἐμὸν
731 1033 915 1090 θέμεναι
944 1034 1086 1078 πόνον
1116 1035 1199 1078 οὐκ
1229 1033 1483 1077 άτέλεστον·

233 1092 308 1136 καὶ
336 1108 422 1147 γαρ
453 1091 536 1146 ἐγώ
568 1091 672 1142 θεός
701 1093 811 1162 εἰμι,
840 1091 968 1147 γένος
999 1090 1040 1134 δ’
1073 1091 1170 1161 εμοὶ
1199 1091 1352 1144 έ’,νθεν
1384 1089 1493 1133 ὅθεν
1524 1089 1609 1135 σοὶ,

237 1150 313 1192 καί
340 1165 393 1219 με
422 1147 726 1205 πρεσβυτάτην
753 1148 898 1192 τέκετο
929 1147 1106 1201 Κρόνος
1138 1146 1445 1217 ἀγκυλομήτης

151 1212 206 1252 60
237 1203 515 1261 ἀμφότερον,
537 1209 670 1276 γενεῇ
699 1221 765 1259 τε,
796 1206 869 1249 καὶ
901 1205 1061 1249 οὕνεκα
1093 1205 1146 1261 σὴ
1177 1204 1436 1258 παράκοιτις

230 1262 460 1320 κέκλημαι·
491 1262 546 1306 συ
578 1262 625 1307 δὲ
653 1275 761 1306 πασι
789 1260 881 1319 μετ’

107 1364 166 1401 43.
215 1367 356 1401 δῶκα.
410 1366 520 1401 intell.
557 1378 600 1400 ex
634 1366 873 1425 superioribus

60 1410 190 1454 πόλιν,
225 1410 294 1448 ὅθι
325 1425 391 1457 μοι
421 1414 525 1458 φίλοι
549 1412 677 1456 ἀνέρες
700 1412 873 1458 ἐγγεγάα-

61 1469 141 1501 σιν,
166 1460 282 1492 urbem
304 1460 390 1493 mihi
406 1472 537 1502 caram,
563 1461 719 1504 Trojam.
754 1459 872 1496 εκών

92 1517 170 1549 ,γε
194 1508 235 1540 θ.
270 1511 402 1549 sponte,
427 1507 583 1549 quamvis
607 1507 747 1539 invitus.
776 1507 871 1539 Sch:

59 1570 105 1576 —
61 1518 293 1609 οΔζηιέῖτοιι,
316 1553 396 1592 πῶς
419 1551 438 1586 ὁ
457 1550 550 1591 Ζευς
566 1550 645 1595 ἅμα
662 1552 730 1593 μὲν
752 1550 836 1586 ἑκω
849 1564 870 1585 ν

59 1596 153 1641 λέγει
176 1600 222 1644 τῇ
236 1596 334 1656 ’Ἡρα
357 1600 605 1644 χαρίσασθαι,
619 1596 718 1652 α’μα
753 1597 794 1633 δὲ
820 1596 871 1632 ἀ-

58 1643 188 1680 έκων.
237 1643 334 1679 ε’στιν
359 1657 430 1680 ουν
450 1645 580 1685 εἰπεῖν,
604 1641 664 1680 ὅτι
688 1643 784 1680 ἑκών
800 1644 868 1688 μὲν

57 1691 237 1733 δίδωσιν,
271 1688 322 1732 (ὃς
352 1688 400 1726 ἂν
433 1690 577 1748 αδελφῇ
612 1691 673 1725 καὶ
701 1693 866 1736 γυναικί

58 1735 177 1772 ἀέκων
211 1736 273 1779 δε,
315 1735 374 1773 ὅτι
412 1751 503 1779 τους
536 1737 741 1796 φιλτάτους
772 1738 868 1781 πρὸς

58 1782 246 1819 απώλειαν
271 1784 416 1820 δίδωσι.
465 1784 527 1819 καὶ
557 1785 627 1842 γάρ
663 1785 700 1819 οἱ
725 1783 765 1819 ἐν
788 1787 865 1820 θα-

56 1829 169 1877 λάσση
200 1829 390 1873 πλέοντες,
425 1827 540 1866 ὁπότ’
566 1828 615 1866 ἂν
647 1830 868 1874 περιπέσωσι

56 1879 242 1921 κινδύνῳ,
285 1875 500 1936 ἐκβάλλουσι
531 1877 598 1913 τὸν
631 1878 773 1937 φόρτον
815 1879 868 1919 εἰς

56 1922 126 1968 τὴν
148 1925 345 1958 θάλασσαν
368 1922 511 1964 εκόντες
535 1936 573 1959 τε
597 1925 659 1958 καὶ
676 1924 867 1965 ἀέκοντες·

55 1969 205 2012 εκόντες
226 1982 313 2026 μεν,
339 1970 402 2005 ἵνα
426 1971 598 2014 σωθῆναι
629 1973 866 2026 δυνηθῶσιν·

55 2014 226 2056 ἀέκοντες
252 2014 307 2058 δὲ,
332 2015 392 2052 ὅτι
415 2015 481 2052 τὸν
506 2016 651 2061 φόρτον
675 2014 868 2060 ἀπολλῦσι,

55 2063 112 2098 δι’
138 2059 181 2098 ὃν
204 2062 368 2100 πλέουσι.
392 2082 431 2087 —-
461 2063 619 2097 similiter
643 2064 686 2099 E.

98 2109 155 2145 45.
204 2122 355 2145 ναιετ.
387 2112 661 2145 κατοικοῦνται.
718 2108 865 2167 ἐνεργη-

52 2154 157 2191 τικὸν
181 2154 282 2192 εἶπεν
305 2154 390 2192 ἀντὶ
412 2158 642 2202 παθητικοῦ.
676 2155 741 2203 (β’,
765 2158 867 2201 648.)

53 2203 157 2284 80416.
190 2248 329 2304 πέρι.
362 2250 565 2306 περισσῶς,
589 2251 705 2283 valde.
741 2250 787 2283 cf.
806 2250 864 2289 53,

53 2295 143 2336 375,
166 2293 213 2338 α’,
237 2296 330 2338 258,
355 2298 485 2341 Odyss
511 2293 559 2337 α’,
584 2296 652 2338 66,
677 2297 803 2330 Matth.
831 2298 863 2337 §.

53 2342 122 2376 589
147 2345 213 2375 etc.
248 2361 294 2367 —-
337 2342 565 2378 τιέσκετο.
602 2342 713 2376 rarior
736 2342 864 2395 imper-

52 2387 138 2422 fecti
169 2389 278 2422 forma
309 2389 439 2424 Ionica.
485 2391 624 2424 τίεσκεν
656 2388 786 2432 legitur
819 2385 865 2428 ν,

52 2431 141 2475 461,
164 2434 308 2469 τίεσκον
333 2436 462 2481 Odyss.
483 2449 526 2479 χ,
550 2435 640 2476 414,
665 2433 720 2476 ψ’,
744 2434 800 2468 65.
819 2453 863 2458 -

44 2477 200 2521 Ἴλιος.
237 2481 287 2515 sic
311 2482 401 2516 solet
424 2484 549 2521 Ηοιῐι.;
584 2482 689 2515 semel
710 2460 819 2514 'dixit'
819 2476 864 2513 ‘I-

51 2528 133 2562 λιον
157 2526 249 2562 αἰπυ
276 2526 321 2569 o',
345 2531 402 2565 71.
437 2547 480 2555 —
517 2527 607 2573 ἱρή.
641 2540 676 2562 v.
710 2538 789 2562 ann.
818 2525 862 2560 ad

52 2585 102 2614 α,
123 2574 188 2618 38,
212 2575 281 2609 366
301 2580 370 2611 etc.

98 2618 155 2654 47.
203 2618 332 2665 ἐϋμμ.
343 2646 354 2663 ,
380 2622 424 2655 ab
449 2620 645 2664 ἐϋμμελίης
665 2616 730 2663 (ρ’,
747 2621 782 2659 9,
802 2618 861 2659 59,

54 2665 196 2700 Hesiod.
226 2668 284 2700 Sc.
309 2668 417 2703 Herc.
441 2669 521 2703 368.
546 2667 656 2710 etc),
690 2668 729 2699 ut
760 2663 860 2699 Ἀσίω

55 2710 102 2756 β’,
125 2712 205 2747 461.
242 2713 346 2748 Sch.=
376 2715 446 2749 τοῦ
478 2711 521 2749 εὖ
555 2725 645 2747 ποτε
677 2712 722 2756 τῇ
753 2712 861 2756 μελίᾳ

54 2757 301 2813 χρησαμένου,
325 2762 539 2816 πολεμικοῦ
563 2760 669 2803 μελία
683 2755 747 2803 (β,
759 2757 860 2801 543.)

55 2802 96 2839 δὲ
121 2802 219 2845 εἶδος
249 2806 410 2861 δένδρου
441 2806 600 2842 εὐθέτου
624 2806 676 2845 εἰς
700 2802 861 2859 δόρατος

55 2851 293 2905 κατασκευήν.
330 2854 376 2887 cf.
403 2854 488 2896 165,
513 2851 554 2896 ζ’,
579 2851 660 2894 449,
685 2864 728 2895 ρ,
748 2853 782 2892 9,
802 2851 860 2891 23,

55 2898 186 2941 Odyss.
208 2911 253 2942 γ,
274 2898 343 2934 400
367 2903 434 2934 etc.

98 2944 162 2987 48,
186 2943 243 2979 49.
289 2945 473 2991 descriptio
491 2944 750 2984 sacrificiorum,
775 2954 862 2986 quo-

54 3001 150 3031 uum,
173 3002 240 3025 una
262 3002 335 3025 cum
358 2992 486 3027 ceteris
509 2991 575 3025 diis
599 2992 687 3035 (quo
713 2988 864 3035 pertinet

915 1261 1208 1307 αθανάτοισιν
1239 1261 1456 1313 ἀνάσσεις.

919 1366 1004 1407 δαις
1034 1365 1190 1412 ἐῖση),
1229 1377 1334 1410 saepe
1369 1376 1406 1399 se
1432 1363 1564 1407 'lrojae
1589 1361 1733 1419 partici-

919 1426 995 1468 pem
1019 1413 1127 1447 fuisse
1150 1412 1337 1457 significat.
1367 1430 1413 1436 —-
1445 1408 1498 1446 τὸ
1522 1429 1567 1434 -—
1591 1406 1731 1452 ἡμεῖς.

917 1459 1057 1515 ταύτης
1088 1457 1157 1515 γὰρ
1193 1460 1260 1502 τῆς
1301 1459 1410 1502 τιμῆς
1446 1455 1733 1500 κατηξιώθημεν

916 1504 994 1542 ’ὑπὸ
1019 1507 1093 1540 τῶν
1125 1503 1352 1549 ἀνθρώπων.
1378 1505 1460 1537 Sch.
1506 1501 1660 1548 ἡμεῖς,
1694 1501 1730 1536 οἱ

916 1554 1018 1634 θ851.
1070 1612 1097 1641 φ
1110 1599 1317 1633 ίλταται.
1355 1600 1500 1641 propter
1526 1594 1654 1628 cultum
1680 1593 1728 1627 ibi

914 1646 935 1680 J
938 1656 1057 1680 unoms
1082 1643 1367 1689 antiquissimum.

962 1704 1018 1738 52.
1068 1701 1184 1734 Schol.
1212 1701 1323 1745 Soph.
1348 1699 1393 1733 ad
1419 1698 1471 1731 El
1489 1696 1544 1733 4.
1559 1693 1645 1740 ”Ομ.
1659 1710 1729 1742 χω-

915 1750 1004 1792 ρίζει
1038 1746 1080 1782 τὸ
1106 1745 1236 1792 ’Ἄργος
1268 1747 1330 1781 καὶ
1354 1745 1423 1789 τήν
1447 1744 1652 1789 Μυκήνην·
1693 1744 1730 1779 οὶ

915 1794 956 1830 δε
981 1793 1154 1837 νεώτεροι
1179 1792 1349 1851 (inprimis
1373 1790 1539 1835 Ἱταςίοἰ)
1570 1790 1638 1835 τήν
1662 1788 1729 1826 αὕ-

914 1841 982 1887 τὴν
1003 1841 1193 1885 Μυκήνην
1205 1840 1267 1875 καὶ
1278 1838 1409 1882 ’Ἄργος
1426 1840 1529 1882 φασί.
1556 1838 1601 1871 cf.
1612 1838 1729 1874 Strab.

915 1890 958 1930 8,
984 1891 1037 1927 6.
1065 1887 1193 1921 Cellar.
1219 1889 1250 1921 1.
1275 1898 1309 1931 p.
1330 1887 1475 1921 1213—
1488 1885 1603 1924 1216„
1628 1884 1730 1917 Man-

914 1939 1004 1969 nert.
1029 1936 1061 1969 8.
1087 1945 1121 1978 p.
1147 1932 1229 1969 374.
1255 1938 1292 1966 et
1316 1943 1349 1976 p.
1376 1930 1440 1966 641
1457 1931 1587 1965 -651,
1613 1936 1681 1966 etc.

960 1993 1016 2027 53.
1065 1991 1194 2025 διαπ.
1219 1987 1470 2032 ἐκπόρθησον.
1505 1985 1727 2033 ἅπαρέμφα-

912 2051 979 2073 τον
1004 2035 1086 2072 ἀντὶ
1110 2035 1394 2081 προστακτικοῦ.
1423 2035 1506 2069 Sch.
1541 2035 1587 2068 cf.
1601 2034 1657 2078 64,
1669 2035 1726 2077 71,

913 2085 1040 2120 Matth.
1067 2086 1099 2126 §-
1124 2082 1203 2118 544.
1229 2086 1294 2116 etc.

958 2140 1027 2183 54,
1050 2142 1083 2176 5.
1131 2152 1205 2183 πρ.
1232 2139 1316 2175 ἲ’.στ
1349 2138 1588 2196 προΐσταμαι,
1614 2135 1725 2181 ὓπερ-

912 2189 1030 2246 μαχῶ.
1039 2187 1185 2244 ‚Q
1209 2183 1325 2221 οὐδε
1349 2198 1442 2230 μεγ.
1468 2183 1557 2220 οὐδε
1575 2187 1724 2229 φθονω,

913 2233 1002 2271 οὐδε
1026 2231 1273 2277 αντιπράττω.
1302 2232 1367 2289 (cf.
1394 2231 1553 2266 Passovii
1577 2232 1644 2266 lex.
1669 2244 1725 2289 gr.

912 2294 943 2315 v.
970 2281 1145 2325 μεγαίρω.
1169 2280 1234 2324 U.)
1272 2277 1355 2314 οὐκ
1382 2279 1475 2314 εἰῶ
1503 2276 1571 2314 οὐκ
1590 2276 1651 2320 ἐῶ,
1677 2277 1725 2314 ου’

911 2340 1094 2371 συγχωρω.
1121 2326 1204 2361 Sch.

956 2377 1014 2409 56.
1062 2386 1148 2408 ουκ
1174 2370 1242 2406 ἄν.
1267 2373 1349 2417 φθ.
1373 2371 1462 2404 nihil
1477 2371 1617 2415 prqficio
1633 2371 1723 2404 invi—

910 2421 1034 2454 dendo.

955 2468 1011 2502 59.
1060 2465 1222 2510 πρεσβ.
1253 2461 1513 2520 ἐντιμοτάτην.
1547 2461 1721 2498 τέκετο.

909 2507 1721 2568 ε’γέννησεν.8(;11.οἷγκ.β’,205.110110τᾶ115-

908 2560 1026 2594 simam
1051 2570 1089 2592 se
1111 2569 1187 2591 esse
1212 2557 1299 2590 dicit
1316 2561 1417 2601 patre
1429 2556 1581 2589 Saturno
1599 2559 1634 2589 et
1652 2567 1720 2589 ma-

906 2606 974 2640 rito
998 2606 1096 2640 Jove.
1143 2604 1205 2637 sed
1240 2604 1384 2637 confuse
1416 2601 1589 2646 loquitur,
1623 2601 1720 2646 quasi

906 2652 1009 2686 etiam
1036 2650 1189 2695 conjugii
1217 2649 1273 2683 sui
1306 2654 1429 2683 auctor
1460 2648 1568 2681 suerit
1592 2648 1719 2681 Satur-

905 2709 1008 2779 nugo.
1059 2740 1118 2786 οῗμ
1130 2756 1170 2786 φ.
1203 2740 1288 2776 κατ’
1309 2738 1505 2784 ἀμφότερα
1524 2738 1587 2774 δια
1601 2738 1642 2773 τὸ
1655 2738 1716 2773 καὶ

906 2789 1024 2834 αδελφ
1028 2789 1074 2834 ὴν
1099 2787 1198 2824 εἷναί
1223 2799 1312 2829 σου,
1345 2800 1407 2823 και
1436 2789 1604 2831 γυναῖκα.
1633 2785 1716 2819 sch.

906 2838 952 2873 cf.
979 2838 1068 2878 145,
1093 2835 1140 2882 β,
1167 2835 1232 2870 179
1258 2839 1326 2868 etc.

953 2893 1114 2931 61.σύ
1140 2890 1448 2930 -οἷνάσσεις,
1474 2888 1716 2923 rectehociu-

907 2945 1120 2998 terpretatur
1154 2939 1272 2974 Schol.
1308 2939 1360 2972 Β.
1406 2933 1502 2972 διότι
1535 2935 1604 2969 σοῦ
1641 2935 1716 2979 εἰμι

909 2987 1027 3034 γυνὴ,
1050 2988 1121 3024 τοῦ
1144 2985 1297 3022 πάντων
1318 2983 1421 3019 θεῶν
1443 2979 1714 3029 βασιλεύοντος.
