<?xml version="1.0" encoding="UTF-8"?>
<!DOCTYPE html PUBLIC "-//W3C//DTD XHTML 1.0 Transitional//EN"
    "http://www.w3.org/TR/xhtml1/DTD/xhtml1-transitional.dtd">
<html xmlns="http://www.w3.org/1999/xhtml" xml:lang="en" lang="en">
 <head>
  <title>
</title>
<meta http-equiv="Content-Type" content="text/html;charset=utf-8" />
  <meta name='ocr-system' content='tesseract 3.04.00' />
  <meta name='ocr-capabilities' content='ocr_page ocr_carea ocr_par ocr_line ocrx_word'/>
</head>
<body>
  <div class='ocr_page' id='page_1' title='image "./carmina01home_0462.png"; bbox 0 0 1811 3269; ppageno 0'>
   <div class='ocr_carea' id='block_1_1' title="bbox 94 168 151 208">
    <p class='ocr_par' dir='ltr' id='par_1_1' title="bbox 94 168 151 208">
     <span class='ocr_line' id='line_1_1' title="bbox 94 168 151 208; baseline 0.018 -1"><span class='ocrx_word' id='word_1_1' title='bbox 94 168 151 208; x_wconf 81' lang='lat'><em>68</em></span> 
     </span>
    </p>
   </div>
   <div class='ocr_carea' id='block_1_2' title="bbox 741 168 1140 211">
    <p class='ocr_par' dir='ltr' id='par_1_2' title="bbox 741 168 1140 211">
     <span class='ocr_line' id='line_1_2' title="bbox 741 168 1140 211; baseline 0.005 -2"><span class='ocrx_word' id='word_1_2' title='bbox 741 168 1140 211; x_wconf 70' lang='grc' dir='ltr'><em>ΟΜΗΡΟΥ</em></span> 
     </span>
    </p>
   </div>
   <div class='ocr_carea' id='block_1_3' title="bbox 152 274 1587 506">
    <p class='ocr_par' dir='ltr' id='par_1_3' title="bbox 152 274 1587 506">
     <span class='ocr_line' id='line_1_3' title="bbox 233 274 1587 351; baseline 0.007 -34"><span class='ocrx_word' id='word_1_3' title='bbox 233 274 361 325; x_wconf 79' lang='grc' dir='ltr'><em>*πῶς</em></span> <span class='ocrx_word' id='word_1_4' title='bbox 391 274 430 318; x_wconf 85' lang='grc' dir='ltr'><em>δ’</em></span> <span class='ocrx_word' id='word_1_5' title='bbox 465 279 510 319; x_wconf 85' lang='grc' dir='ltr'><em>αἱ</em></span> <span class='ocrx_word' id='word_1_6' title='bbox 539 280 626 319; x_wconf 78' lang='grc' dir='ltr'><em>τιῦν</em></span> <span class='ocrx_word' id='word_1_7' title='bbox 657 277 802 321; x_wconf 80' lang='grc' dir='ltr'><em>ἄλλων</em></span> <span class='ocrx_word' id='word_1_8' title='bbox 840 277 1006 351; x_wconf 69' lang='grc' dir='ltr'><em>Τρώων</em></span> <span class='ocrx_word' id='word_1_9' title='bbox 1038 282 1235 348; x_wconf 85' lang='grc' dir='ltr'><em>φυλακαί</em></span> <span class='ocrx_word' id='word_1_10' title='bbox 1263 296 1308 324; x_wconf 86' lang='grc' dir='ltr'><em>τε</em></span> <span class='ocrx_word' id='word_1_11' title='bbox 1338 282 1410 325; x_wconf 78' lang='grc' dir='ltr'><em>καὶ</em></span> <span class='ocrx_word' id='word_1_12' title='bbox 1439 280 1587 334; x_wconf 67' lang='grc' dir='ltr'><em>εὐναί,</em></span> 
     </span>
     <span class='ocr_line' id='line_1_4' title="bbox 269 331 1363 406; baseline 0.006 -33"><span class='ocrx_word' id='word_1_13' title='bbox 269 331 404 389; x_wconf 83' lang='grc' dir='ltr'><em>[ἅσσα</em></span> <span class='ocrx_word' id='word_1_14' title='bbox 433 349 475 376; x_wconf 87' lang='grc' dir='ltr'><em>τε</em></span> <span class='ocrx_word' id='word_1_15' title='bbox 505 331 717 403; x_wconf 79' lang='grc' dir='ltr'><em>μητιόωσι</em></span> <span class='ocrx_word' id='word_1_16' title='bbox 747 334 851 389; x_wconf 75' lang='grc' dir='ltr'><em>μετα</em></span> <span class='ocrx_word' id='word_1_17' title='bbox 883 337 1062 389; x_wconf 67' lang='grc' dir='ltr'><em>σφίσιν,</em></span> <span class='ocrx_word' id='word_1_18' title='bbox 1093 334 1120 391; x_wconf 78' lang='grc' dir='ltr'><em>ἢ</em></span> <span class='ocrx_word' id='word_1_19' title='bbox 1145 335 1363 406; x_wconf 77' lang='grc' dir='ltr'><em>μεμάασιν</em></span> 
     </span>
     <span class='ocr_line' id='line_1_5' title="bbox 152 382 1484 463; baseline 0.007 -34"><span class='ocrx_word' id='word_1_20' title='bbox 152 392 233 433; x_wconf 74' lang='grc'><em>410</em></span> <span class='ocrx_word' id='word_1_21' title='bbox 265 382 371 430; x_wconf 79' lang='grc' dir='ltr'><em>αὖθι</em></span> <span class='ocrx_word' id='word_1_22' title='bbox 401 389 548 443; x_wconf 86' lang='grc' dir='ltr'><em>μένειν</em></span> <span class='ocrx_word' id='word_1_23' title='bbox 577 390 694 442; x_wconf 75' lang='grc' dir='ltr'><em>παρὰ</em></span> <span class='ocrx_word' id='word_1_24' title='bbox 723 393 882 463; x_wconf 78' lang='grc' dir='ltr'><em>νηυσὶν</em></span> <span class='ocrx_word' id='word_1_25' title='bbox 911 392 1194 446; x_wconf 77' lang='grc' dir='ltr'><em>ἀπόπροθεν,</em></span> <span class='ocrx_word' id='word_1_26' title='bbox 1213 391 1273 463; x_wconf 78' lang='grc' dir='ltr'><em>ἠὲ</em></span> <span class='ocrx_word' id='word_1_27' title='bbox 1304 394 1433 438; x_wconf 85' lang='grc' dir='ltr'><em>πόλιν</em></span> <span class='ocrx_word' id='word_1_28' title='bbox 1437 398 1484 439; x_wconf 86' lang='grc' dir='ltr'><em>δε</em></span> 
     </span>
     <span class='ocr_line' id='line_1_6' title="bbox 265 444 1535 506; baseline 0.008 -20"><span class='ocrx_word' id='word_1_29' title='bbox 265 444 326 495; x_wconf 76' lang='grc' dir='ltr'><em>ἂψ</em></span> <span class='ocrx_word' id='word_1_30' title='bbox 356 444 744 502; x_wconf 79' lang='grc' dir='ltr'><em>α’ναχωρήσουσιν,</em></span> <span class='ocrx_word' id='word_1_31' title='bbox 776 448 866 492; x_wconf 74' lang='grc' dir='ltr'><em>ἐπεὶ</em></span> <span class='ocrx_word' id='word_1_32' title='bbox 897 448 1150 505; x_wconf 81' lang='grc' dir='ltr'><em>δαμάσαντό</em></span> <span class='ocrx_word' id='word_1_33' title='bbox 1178 447 1223 504; x_wconf 79' lang='grc' dir='ltr'><em>γ’</em></span> <span class='ocrx_word' id='word_1_34' title='bbox 1251 448 1535 506; x_wconf 81' lang='grc' dir='ltr'><em>Ἀχαιοὺς;]“</em></span> 
     </span>
    </p>
   </div>
   <div class='ocr_carea' id='block_1_4' title="bbox 150 511 1560 1039">
    <p class='ocr_par' dir='ltr' id='par_1_4' title="bbox 267 511 1536 686">
     <span class='ocr_line' id='line_1_7' title="bbox 348 511 1536 585; baseline 0.009 -31"><span class='ocrx_word' id='word_1_35' title='bbox 348 512 438 555; x_wconf 82' lang='grc' dir='ltr'><em>Τόν</em></span> <span class='ocrx_word' id='word_1_36' title='bbox 468 511 511 556; x_wconf 85' lang='grc' dir='ltr'><em>δ’</em></span> <span class='ocrx_word' id='word_1_37' title='bbox 546 515 650 557; x_wconf 87' lang='grc' dir='ltr'><em>αὐτε</em></span> <span class='ocrx_word' id='word_1_38' title='bbox 679 516 911 568; x_wconf 82' lang='grc' dir='ltr'><em>προσέειπε</em></span> <span class='ocrx_word' id='word_1_39' title='bbox 940 514 1124 566; x_wconf 82' lang='grc' dir='ltr'><em>Δόλων,</em></span> <span class='ocrx_word' id='word_1_40' title='bbox 1138 515 1385 585; x_wconf 82' lang='grc' dir='ltr'><em>Εὐμήδεος</em></span> <span class='ocrx_word' id='word_1_41' title='bbox 1414 520 1536 572; x_wconf 84' lang='grc' dir='ltr'><em>υιός·</em></span> 
     </span>
     <span class='ocr_line' id='line_1_8' title="bbox 265 569 1472 639; baseline 0.007 -28.102"><span class='ocrx_word' id='word_1_42' title='bbox 265 584 448 624; x_wconf 83' lang='grc' dir='ltr'><em>,,τοιγαρ</em></span> <span class='ocrx_word' id='word_1_43' title='bbox 480 569 565 639; x_wconf 81' lang='grc' dir='ltr'><em>έγιό</em></span> <span class='ocrx_word' id='word_1_44' title='bbox 594 587 662 614; x_wconf 90' lang='grc' dir='ltr'><em>τοι</em></span> <span class='ocrx_word' id='word_1_45' title='bbox 691 575 829 615; x_wconf 82' lang='grc' dir='ltr'><em>ταῦτα</em></span> <span class='ocrx_word' id='word_1_46' title='bbox 859 571 965 627; x_wconf 82' lang='grc' dir='ltr'><em>μάλ’</em></span> <span class='ocrx_word' id='word_1_47' title='bbox 997 571 1209 624; x_wconf 84' lang='grc' dir='ltr'><em>ατρεκέως</em></span> <span class='ocrx_word' id='word_1_48' title='bbox 1240 577 1472 629; x_wconf 79' lang='grc' dir='ltr'><em>καταλέξω</em></span> 
     </span>
     <span class='ocr_line' id='line_1_9' title="bbox 253 623 1451 701; baseline 0.008 -34.118"><span class='ocrx_word' id='word_1_49' title='bbox 253 623 425 679; x_wconf 71' lang='grc' dir='ltr'><em>’Ἕκτωρ</em></span> <span class='ocrx_word' id='word_1_50' title='bbox 454 626 534 681; x_wconf 83' lang='grc' dir='ltr'><em>μὲν</em></span> <span class='ocrx_word' id='word_1_51' title='bbox 564 626 670 682; x_wconf 78' lang='grc' dir='ltr'><em>μετὰ</em></span> <span class='ocrx_word' id='word_1_52' title='bbox 699 633 863 680; x_wconf 88' lang='grc' dir='ltr'><em>τοῖσιν,</em></span> <span class='ocrx_word' id='word_1_53' title='bbox 895 628 992 671; x_wconf 86' lang='grc' dir='ltr'><em>ὅσοι</em></span> <span class='ocrx_word' id='word_1_54' title='bbox 1022 628 1298 701; x_wconf 81' lang='grc' dir='ltr'><em>βουληφόροι</em></span> <span class='ocrx_word' id='word_1_55' title='bbox 1330 634 1451 686; x_wconf 82' lang='grc' dir='ltr'><em>εἰσὶν,</em></span> 
     </span>
    </p>

    <p class='ocr_par' dir='ltr' id='par_1_5' title="bbox 152 682 1560 967">
     <span class='ocr_line' id='line_1_10' title="bbox 152 682 1311 757; baseline 0.003 -31"><span class='ocrx_word' id='word_1_56' title='bbox 152 684 234 727; x_wconf 88' lang='grc'><em>415</em></span> <span class='ocrx_word' id='word_1_57' title='bbox 266 682 432 736; x_wconf 82' lang='grc' dir='ltr'><em>βουλὰς</em></span> <span class='ocrx_word' id='word_1_58' title='bbox 461 684 665 753; x_wconf 81' lang='grc' dir='ltr'><em>βουλεύει</em></span> <span class='ocrx_word' id='word_1_59' title='bbox 694 686 820 728; x_wconf 83' lang='grc' dir='ltr'><em>θείου</em></span> <span class='ocrx_word' id='word_1_60' title='bbox 849 701 971 738; x_wconf 89' lang='grc' dir='ltr'><em>παρα</em></span> <span class='ocrx_word' id='word_1_61' title='bbox 1003 687 1179 757; x_wconf 81' lang='grc' dir='ltr'><em>σήματι</em></span> <span class='ocrx_word' id='word_1_62' title='bbox 1179 685 1311 737; x_wconf 89' lang='grc' dir='ltr'><em>Ίλου,</em></span> 
     </span>
     <span class='ocr_line' id='line_1_11' title="bbox 264 737 1560 812; baseline 0.005 -30"><span class='ocrx_word' id='word_1_63' title='bbox 264 737 430 808; x_wconf 86' lang='grc' dir='ltr'><em>νόσφιν</em></span> <span class='ocrx_word' id='word_1_64' title='bbox 460 739 546 784; x_wconf 88' lang='grc' dir='ltr'><em>απὸ</em></span> <span class='ocrx_word' id='word_1_65' title='bbox 578 743 822 812; x_wconf 85' lang='grc' dir='ltr'><em>φλοίσβου·</em></span> <span class='ocrx_word' id='word_1_66' title='bbox 856 741 1059 797; x_wconf 72' lang='grc' dir='ltr'><em>φυλακάς</em></span> <span class='ocrx_word' id='word_1_67' title='bbox 1090 741 1129 785; x_wconf 85' lang='grc' dir='ltr'><em>δ’</em></span> <span class='ocrx_word' id='word_1_68' title='bbox 1163 759 1212 793; x_wconf 85' lang='grc' dir='ltr'><em>ας</em></span> <span class='ocrx_word' id='word_1_69' title='bbox 1243 745 1397 797; x_wconf 80' lang='grc' dir='ltr'><em>εἴρεαι,</em></span> <span class='ocrx_word' id='word_1_70' title='bbox 1429 743 1560 800; x_wconf 86' lang='grc' dir='ltr'><em>η’ρως,</em></span> 
     </span>
     <span class='ocr_line' id='line_1_12' title="bbox 264 793 1437 854; baseline 0.004 -16"><span class='ocrx_word' id='word_1_71' title='bbox 264 793 385 846; x_wconf 78' lang='grc' dir='ltr'><em>οὔτις</em></span> <span class='ocrx_word' id='word_1_72' title='bbox 415 797 643 852; x_wconf 80' lang='grc' dir='ltr'><em>κεκριμένη</em></span> <span class='ocrx_word' id='word_1_73' title='bbox 673 797 823 852; x_wconf 79' lang='grc' dir='ltr'><em>ρύεται</em></span> <span class='ocrx_word' id='word_1_74' title='bbox 855 799 1044 851; x_wconf 80' lang='grc' dir='ltr'><em>στρατόν</em></span> <span class='ocrx_word' id='word_1_75' title='bbox 1074 796 1179 842; x_wconf 81' lang='grc' dir='ltr'><em>οὐδὲ</em></span> <span class='ocrx_word' id='word_1_76' title='bbox 1209 799 1437 854; x_wconf 86' lang='grc' dir='ltr'><em>φυλασσει.</em></span> 
     </span>
     <span class='ocr_line' id='line_1_13' title="bbox 267 851 1463 913; baseline 0.003 -18"><span class='ocrx_word' id='word_1_77' title='bbox 267 851 392 895; x_wconf 81' lang='grc' dir='ltr'><em>ὅσσαι</em></span> <span class='ocrx_word' id='word_1_78' title='bbox 424 871 504 907; x_wconf 87' lang='grc' dir='ltr'><em>μευ</em></span> <span class='ocrx_word' id='word_1_79' title='bbox 537 855 704 907; x_wconf 79' lang='grc' dir='ltr'><em>Τρώων</em></span> <span class='ocrx_word' id='word_1_80' title='bbox 733 854 871 907; x_wconf 80' lang='grc' dir='ltr'><em>πυρὸς</em></span> <span class='ocrx_word' id='word_1_81' title='bbox 902 856 1101 911; x_wconf 80' lang='grc' dir='ltr'><em>ἐσχάραι,</em></span> <span class='ocrx_word' id='word_1_82' title='bbox 1136 854 1251 898; x_wconf 80' lang='grc' dir='ltr'><em>οἶσιν</em></span> <span class='ocrx_word' id='word_1_83' title='bbox 1281 855 1463 913; x_wconf 74' lang='grc' dir='ltr'><em>ἀνάγκη,</em></span> 
     </span>
     <span class='ocr_line' id='line_1_14' title="bbox 264 907 1372 981; baseline 0.004 -29"><span class='ocrx_word' id='word_1_84' title='bbox 264 910 308 951; x_wconf 84' lang='grc' dir='ltr'><em>οἱ</em></span> <span class='ocrx_word' id='word_1_85' title='bbox 338 907 379 952; x_wconf 83' lang='grc' dir='ltr'><em>δ’</em></span> <span class='ocrx_word' id='word_1_86' title='bbox 413 909 722 981; x_wconf 79' lang='grc' dir='ltr'><em>ἐγρηγόρθασι</em></span> <span class='ocrx_word' id='word_1_87' title='bbox 742 912 1070 966; x_wconf 85' lang='grc' dir='ltr'><em>φυλασσέμεναί</em></span> <span class='ocrx_word' id='word_1_88' title='bbox 1099 928 1142 954; x_wconf 89' lang='grc' dir='ltr'><em>τε</em></span> <span class='ocrx_word' id='word_1_89' title='bbox 1171 912 1372 957; x_wconf 79' lang='grc' dir='ltr'><em>κέλονται</em></span> 
     </span>
    </p>

    <p class='ocr_par' dir='ltr' id='par_1_6' title="bbox 150 964 1323 1039">
     <span class='ocr_line' id='line_1_15' title="bbox 150 964 1323 1039; baseline 0.004 -31"><span class='ocrx_word' id='word_1_90' title='bbox 150 966 233 1010; x_wconf 86' lang='grc'><em>420</em></span> <span class='ocrx_word' id='word_1_91' title='bbox 263 964 487 1035; x_wconf 79' lang='grc' dir='ltr'><em>ἀλλήλοις·</em></span> <span class='ocrx_word' id='word_1_92' title='bbox 519 967 629 1020; x_wconf 81' lang='grc' dir='ltr'><em>ατὰρ</em></span> <span class='ocrx_word' id='word_1_93' title='bbox 662 970 767 1010; x_wconf 82' lang='grc' dir='ltr'><em>αὐτε</em></span> <span class='ocrx_word' id='word_1_94' title='bbox 795 967 1065 1039; x_wconf 86' lang='grc' dir='ltr'><em>πολύκλητοι</em></span> <span class='ocrx_word' id='word_1_95' title='bbox 1093 968 1323 1022; x_wconf 80' lang='grc' dir='ltr'><em>ἐπίκουροι</em></span> 
     </span>
    </p>
   </div>
   <div class='ocr_carea' id='block_1_5' title="bbox 264 1021 1550 1139">
    <p class='ocr_par' dir='ltr' id='par_1_7' title="bbox 264 1021 1550 1139">
     <span class='ocr_line' id='line_1_16' title="bbox 264 1021 1432 1080; baseline 0.003 -14"><span class='ocrx_word' id='word_1_96' title='bbox 264 1021 469 1066; x_wconf 80' lang='grc' dir='ltr'><em>εὕδουσι·</em></span> <span class='ocrx_word' id='word_1_97' title='bbox 506 1023 681 1077; x_wconf 86' lang='grc' dir='ltr'><em>Τρωσὶν</em></span> <span class='ocrx_word' id='word_1_98' title='bbox 709 1024 792 1079; x_wconf 79' lang='grc' dir='ltr'><em>γὰρ</em></span> <span class='ocrx_word' id='word_1_99' title='bbox 824 1024 1135 1079; x_wconf 79' lang='grc' dir='ltr'><em>ἐπιτραπέουσι</em></span> <span class='ocrx_word' id='word_1_100' title='bbox 1166 1026 1432 1080; x_wconf 84' lang='grc' dir='ltr'><em>φυλάσσειν·</em></span> 
     </span>
     <span class='ocr_line' id='line_1_17' title="bbox 264 1077 1550 1139; baseline 0.003 -17"><span class='ocrx_word' id='word_1_101' title='bbox 264 1077 319 1122; x_wconf 81' lang='grc' dir='ltr'><em>οὐ</em></span> <span class='ocrx_word' id='word_1_102' title='bbox 349 1078 435 1135; x_wconf 76' lang='grc' dir='ltr'><em>γάρ</em></span> <span class='ocrx_word' id='word_1_103' title='bbox 466 1092 575 1135; x_wconf 88' lang='grc' dir='ltr'><em>σφιν</em></span> <span class='ocrx_word' id='word_1_104' title='bbox 604 1082 756 1131; x_wconf 84' lang='grc' dir='ltr'><em>παῖδες</em></span> <span class='ocrx_word' id='word_1_105' title='bbox 787 1081 941 1137; x_wconf 82' lang='grc' dir='ltr'><em>σχεδόν</em></span> <span class='ocrx_word' id='word_1_106' title='bbox 972 1084 1135 1135; x_wconf 80' lang='grc' dir='ltr'><em>είαται,</em></span> <span class='ocrx_word' id='word_1_107' title='bbox 1166 1082 1270 1126; x_wconf 80' lang='grc' dir='ltr'><em>οὐδὲ</em></span> <span class='ocrx_word' id='word_1_108' title='bbox 1302 1087 1550 1139; x_wconf 76' lang='grc' dir='ltr'><em>γυναῖκες.“</em></span> 
     </span>
    </p>
   </div>
   <div class='ocr_carea' id='block_1_6' title="bbox 150 1145 1686 1320">
    <p class='ocr_par' dir='ltr' id='par_1_8' title="bbox 150 1145 1686 1320">
     <span class='ocr_line' id='line_1_18' title="bbox 351 1145 1686 1221; baseline 0.004 -31"><span class='ocrx_word' id='word_1_109' title='bbox 351 1147 440 1190; x_wconf 89' lang='grc' dir='ltr'><em>Τὸν</em></span> <span class='ocrx_word' id='word_1_110' title='bbox 470 1145 516 1192; x_wconf 82' lang='grc' dir='ltr'><em>δ’</em></span> <span class='ocrx_word' id='word_1_111' title='bbox 546 1146 898 1219; x_wconf 80' lang='grc' dir='ltr'><em>ἀπαμειβόμενος</em></span> <span class='ocrx_word' id='word_1_112' title='bbox 926 1151 1129 1221; x_wconf 83' lang='grc' dir='ltr'><em>προσέφη</em></span> <span class='ocrx_word' id='word_1_113' title='bbox 1160 1150 1401 1206; x_wconf 83' lang='grc' dir='ltr'><em>πολύμητις</em></span> <span class='ocrx_word' id='word_1_114' title='bbox 1428 1149 1686 1202; x_wconf 80' lang='grc' dir='ltr'><em>Ὀδυσσεύς·</em></span> 
     </span>
     <span class='ocr_line' id='line_1_19' title="bbox 267 1205 1513 1277; baseline 0.005 -32"><span class='ocrx_word' id='word_1_115' title='bbox 267 1206 386 1253; x_wconf 66' lang='lat' dir='ltr'><strong>„nois</strong></span> <span class='ocrx_word' id='word_1_116' title='bbox 414 1221 500 1275; x_wconf 81' lang='grc' dir='ltr'><em>γαρ</em></span> <span class='ocrx_word' id='word_1_117' title='bbox 531 1222 635 1253; x_wconf 90' lang='grc' dir='ltr'><em>νυν,</em></span> <span class='ocrx_word' id='word_1_118' title='bbox 672 1205 869 1260; x_wconf 78' lang='grc' dir='ltr'><em>Τρώεσσι</em></span> <span class='ocrx_word' id='word_1_119' title='bbox 898 1206 1152 1277; x_wconf 82' lang='grc' dir='ltr'><em>μεμιγμένοι</em></span> <span class='ocrx_word' id='word_1_120' title='bbox 1182 1207 1513 1263; x_wconf 84' lang='grc' dir='ltr'><em>ἵπποδαμοισιν,</em></span> 
     </span>
     <span class='ocr_line' id='line_1_20' title="bbox 150 1258 1452 1320; baseline 0.005 -17"><span class='ocrx_word' id='word_1_121' title='bbox 150 1261 233 1304; x_wconf 83' lang='grc'>425</span> <span class='ocrx_word' id='word_1_122' title='bbox 264 1258 458 1314; x_wconf 55' lang='grc' dir='ltr'><em>εὕδουσζ</em></span> <span class='ocrx_word' id='word_1_123' title='bbox 488 1260 518 1319; x_wconf 79' lang='grc' dir='ltr'><em>ἢ</em></span> <span class='ocrx_word' id='word_1_124' title='bbox 548 1261 801 1314; x_wconf 71' lang='grc' dir='ltr'><em>ἀπάνευθες</em></span> <span class='ocrx_word' id='word_1_125' title='bbox 831 1265 966 1308; x_wconf 85' lang='grc' dir='ltr'><em>δίειπέ</em></span> <span class='ocrx_word' id='word_1_126' title='bbox 995 1280 1092 1320; x_wconf 85' lang='grc' dir='ltr'><em>μοι,</em></span> <span class='ocrx_word' id='word_1_127' title='bbox 1125 1263 1245 1320; x_wconf 83' lang='grc' dir='ltr'><em>ὄφρα</em></span> <span class='ocrx_word' id='word_1_128' title='bbox 1278 1266 1424 1309; x_wconf 82' lang='grc' dir='ltr'><em>δαείω.</em></span> <span class='ocrx_word' id='word_1_129' title='bbox 1429 1267 1452 1287; x_wconf 86' lang='lat'>“</span> 
     </span>
    </p>
   </div>
   <div class='ocr_carea' id='block_1_7' title="bbox 94 1383 908 1568">
    <p class='ocr_par' dir='ltr' id='par_1_9' title="bbox 94 1383 908 1568">
     <span class='ocr_line' id='line_1_21' title="bbox 94 1383 904 1433; baseline 0.011 -16"><span class='ocrx_word' id='word_1_130' title='bbox 94 1383 179 1418; x_wconf 80' lang='lat' dir='ltr'><strong>locis</strong></span> <span class='ocrx_word' id='word_1_131' title='bbox 202 1385 289 1418; x_wconf 87' lang='lat' dir='ltr'><strong>haec</strong></span> <span class='ocrx_word' id='word_1_132' title='bbox 314 1383 353 1420; x_wconf 79' lang='grc' dir='ltr'><em>ἐκ</em></span> <span class='ocrx_word' id='word_1_133' title='bbox 377 1385 616 1430; x_wconf 83' lang='grc' dir='ltr'><em>παραλλήλου</em></span> <span class='ocrx_word' id='word_1_134' title='bbox 641 1389 736 1425; x_wconf 88' lang='lat' dir='ltr'><strong>dicta</strong></span> <span class='ocrx_word' id='word_1_135' title='bbox 753 1395 844 1432; x_wconf 88' lang='lat' dir='ltr'><strong>sunt,</strong></span> <span class='ocrx_word' id='word_1_136' title='bbox 870 1392 904 1433; x_wconf 87' lang='lat'><em>7,</em></span> 
     </span>
     <span class='ocr_line' id='line_1_22' title="bbox 95 1417 907 1481; baseline 0.007 -16"><span class='ocrx_word' id='word_1_137' title='bbox 95 1433 139 1470; x_wconf 89' lang='lat'><em>1,</em></span> <span class='ocrx_word' id='word_1_138' title='bbox 163 1432 230 1472; x_wconf 94' lang='lat'><em>22,</em></span> <span class='ocrx_word' id='word_1_139' title='bbox 254 1430 313 1467; x_wconf 89' lang='lat'><em>24.</em></span> <span class='ocrx_word' id='word_1_140' title='bbox 339 1443 372 1465; x_wconf 85' lang='lat' dir='ltr'>v.</span> <span class='ocrx_word' id='word_1_141' title='bbox 394 1433 620 1468; x_wconf 85' lang='lat' dir='ltr'><strong>Bornemanni</strong></span> <span class='ocrx_word' id='word_1_142' title='bbox 653 1435 707 1469; x_wconf 87' lang='lat' dir='ltr'><strong>ed.</strong></span> <span class='ocrx_word' id='word_1_143' title='bbox 732 1437 808 1481; x_wconf 89' lang='lat' dir='ltr'><strong>ejus</strong></span> <span class='ocrx_word' id='word_1_144' title='bbox 829 1417 907 1471; x_wconf 87' lang='lat' dir='ltr'><strong>libri</strong></span> 
     </span>
     <span class='ocr_line' id='line_1_23' title="bbox 94 1476 908 1528; baseline 0.009 -18"><span class='ocrx_word' id='word_1_145' title='bbox 94 1476 232 1518; x_wconf 88' lang='lat' dir='ltr'><strong>indice,</strong></span> <span class='ocrx_word' id='word_1_146' title='bbox 257 1489 314 1511; x_wconf 90' lang='lat' dir='ltr'>vv.</span> <span class='ocrx_word' id='word_1_147' title='bbox 339 1481 487 1514; x_wconf 77' lang='grc' dir='ltr'><em>κεῖσθαι</em></span> <span class='ocrx_word' id='word_1_148' title='bbox 511 1484 546 1513; x_wconf 85' lang='lat' dir='ltr'><em>et</em></span> <span class='ocrx_word' id='word_1_149' title='bbox 570 1481 730 1517; x_wconf 84' lang='grc' dir='ltr'><em>τιθέναι.</em></span> <span class='ocrx_word' id='word_1_150' title='bbox 771 1484 908 1528; x_wconf 86' lang='lat' dir='ltr'><strong>quaerit</strong></span> 
     </span>
     <span class='ocr_line' id='line_1_24' title="bbox 94 1502 907 1568; baseline 0.011 -13"><span class='ocrx_word' id='word_1_151' title='bbox 94 1521 201 1566; x_wconf 83' lang='lat' dir='ltr'><strong>igitur</strong></span> <span class='ocrx_word' id='word_1_152' title='bbox 222 1502 392 1568; x_wconf 66' lang='lat' dir='ltr'><strong>’Ulysses,</strong></span> <span class='ocrx_word' id='word_1_153' title='bbox 426 1525 563 1559; x_wconf 83' lang='lat' dir='ltr'><strong>ubinam</strong></span> <span class='ocrx_word' id='word_1_154' title='bbox 587 1527 719 1562; x_wconf 89' lang='lat' dir='ltr'><strong>Hector</strong></span> <span class='ocrx_word' id='word_1_155' title='bbox 746 1541 820 1563; x_wconf 85' lang='lat' dir='ltr'><strong>curn</strong></span> <span class='ocrx_word' id='word_1_156' title='bbox 847 1542 907 1564; x_wconf 90' lang='lat' dir='ltr'><em>co-</em></span> 
     </span>
    </p>
   </div>
   <div class='ocr_carea' id='block_1_8' title="bbox 95 1568 908 1984">
    <p class='ocr_par' dir='ltr' id='par_1_10' title="bbox 95 1568 908 1984">
     <span class='ocr_line' id='line_1_25' title="bbox 95 1568 907 1619; baseline 0.01 -18"><span class='ocrx_word' id='word_1_157' title='bbox 95 1568 162 1613; x_wconf 89' lang='lat' dir='ltr'><strong>piis</strong></span> <span class='ocrx_word' id='word_1_158' title='bbox 187 1569 258 1603; x_wconf 90' lang='lat' dir='ltr'><strong>suis</strong></span> <span class='ocrx_word' id='word_1_159' title='bbox 283 1581 376 1604; x_wconf 87' lang='lat' dir='ltr'><strong>arma</strong></span> <span class='ocrx_word' id='word_1_160' title='bbox 400 1573 582 1616; x_wconf 81' lang='lat' dir='ltr'><strong>posuerit,</strong></span> <span class='ocrx_word' id='word_1_161' title='bbox 606 1575 696 1618; x_wconf 89' lang='lat' dir='ltr'><strong>quod</strong></span> <span class='ocrx_word' id='word_1_162' title='bbox 712 1575 907 1619; x_wconf 81' lang='lat' dir='ltr'><strong>germanice</strong></span> 
     </span>
     <span class='ocr_line' id='line_1_26' title="bbox 95 1614 908 1665; baseline 0.011 -18"><span class='ocrx_word' id='word_1_163' title='bbox 95 1614 213 1648; x_wconf 88' lang='lat' dir='ltr'><strong>dicas·</strong></span> <span class='ocrx_word' id='word_1_164' title='bbox 246 1627 297 1648; x_wconf 91' lang='lat' dir='ltr'><strong>wo</strong></span> <span class='ocrx_word' id='word_1_165' title='bbox 321 1617 413 1651; x_wconf 81' lang='lat' dir='ltr'><strong>steht</strong></span> <span class='ocrx_word' id='word_1_166' title='bbox 437 1629 494 1660; x_wconf 89' lang='lat' dir='ltr'><em>er,</em></span> <span class='ocrx_word' id='word_1_167' title='bbox 528 1630 578 1652; x_wconf 87' lang='lat' dir='ltr'><strong>wo</strong></span> <span class='ocrx_word' id='word_1_168' title='bbox 603 1620 721 1665; x_wconf 81' lang='lat' dir='ltr'><strong>lagert</strong></span> <span class='ocrx_word' id='word_1_169' title='bbox 751 1633 808 1663; x_wconf 88' lang='lat' dir='ltr'><em>er,</em></span> <span class='ocrx_word' id='word_1_170' title='bbox 844 1623 908 1655; x_wconf 84' lang='lat' dir='ltr'><strong>mit</strong></span> 
     </span>
     <span class='ocr_line' id='line_1_27' title="bbox 95 1662 907 1706; baseline 0.01 -13"><span class='ocrx_word' id='word_1_171' title='bbox 95 1662 212 1694; x_wconf 81' lang='lat' dir='ltr'><strong>seinen</strong></span> <span class='ocrx_word' id='word_1_172' title='bbox 246 1663 436 1706; x_wconf 80' lang='lat' dir='ltr'><strong>Truppcn?</strong></span> <span class='ocrx_word' id='word_1_173' title='bbox 470 1662 554 1698; x_wconf 84' lang='lat' dir='ltr'><strong>mire</strong></span> <span class='ocrx_word' id='word_1_174' title='bbox 589 1666 709 1700; x_wconf 61' lang='grc' dir='ltr'><em>Ῡο55.·</em></span> <span class='ocrx_word' id='word_1_175' title='bbox 745 1680 795 1700; x_wconf 83' lang='lat' dir='ltr'><strong>wo</strong></span> <span class='ocrx_word' id='word_1_176' title='bbox 828 1669 907 1701; x_wconf 79' lang='lat' dir='ltr'><strong>sind</strong></span> 
     </span>
     <span class='ocr_line' id='line_1_28' title="bbox 95 1707 906 1756; baseline 0.009 -16"><span class='ocrx_word' id='word_1_177' title='bbox 95 1707 167 1741; x_wconf 81' lang='lat' dir='ltr'><em>ihm</em></span> <span class='ocrx_word' id='word_1_178' title='bbox 191 1708 247 1741; x_wconf 82' lang='lat' dir='ltr'><em>die</em></span> <span class='ocrx_word' id='word_1_179' title='bbox 269 1710 417 1752; x_wconf 78' lang='lat' dir='ltr'><strong>gerc&#39;ithe</strong></span> <span class='ocrx_word' id='word_1_180' title='bbox 441 1710 501 1743; x_wconf 82' lang='lat' dir='ltr'><strong>des</strong></span> <span class='ocrx_word' id='word_1_181' title='bbox 525 1711 673 1756; x_wconf 82' lang='lat' dir='ltr'><em>kriegs?</em></span> <span class='ocrx_word' id='word_1_182' title='bbox 696 1732 742 1737; x_wconf 88' lang='lat'><em>—-</em></span> <span class='ocrx_word' id='word_1_183' title='bbox 766 1714 809 1747; x_wconf 88' lang='lat' dir='ltr'><em>de</em></span> <span class='ocrx_word' id='word_1_184' title='bbox 832 1715 906 1747; x_wconf 80' lang='lat' dir='ltr'><strong>He-</strong></span> 
     </span>
     <span class='ocr_line' id='line_1_29' title="bbox 96 1755 907 1800; baseline 0.007 -14"><span class='ocrx_word' id='word_1_185' title='bbox 96 1755 200 1787; x_wconf 75' lang='lat' dir='ltr'><strong>cteris</strong></span> <span class='ocrx_word' id='word_1_186' title='bbox 220 1755 326 1798; x_wconf 80' lang='lat' dir='ltr'><strong>equis,</strong></span> <span class='ocrx_word' id='word_1_187' title='bbox 350 1767 434 1799; x_wconf 87' lang='lat' dir='ltr'><strong>quos</strong></span> <span class='ocrx_word' id='word_1_188' title='bbox 453 1760 621 1800; x_wconf 79' lang='lat' dir='ltr'><strong>appetere</strong></span> <span class='ocrx_word' id='word_1_189' title='bbox 640 1758 779 1792; x_wconf 88' lang='lat' dir='ltr'><strong>videtur</strong></span> <span class='ocrx_word' id='word_1_190' title='bbox 801 1760 907 1804; x_wconf 78' lang='lat' dir='ltr'><strong>Ulys-</strong></span> 
     </span>
     <span class='ocr_line' id='line_1_30' title="bbox 96 1801 907 1859; baseline 0.009 -27"><span class='ocrx_word' id='word_1_191' title='bbox 96 1810 161 1838; x_wconf 85' lang='lat' dir='ltr'><em>ses</em></span> <span class='ocrx_word' id='word_1_192' title='bbox 187 1804 226 1833; x_wconf 84' lang='lat' dir='ltr'><em>ut</em></span> <span class='ocrx_word' id='word_1_193' title='bbox 250 1801 392 1834; x_wconf 86' lang='lat' dir='ltr'><strong>Achillis</strong></span> <span class='ocrx_word' id='word_1_194' title='bbox 416 1801 540 1842; x_wconf 89' lang='lat' dir='ltr'><strong>Dolon,</strong></span> <span class='ocrx_word' id='word_1_195' title='bbox 566 1815 632 1847; x_wconf 92' lang='lat' dir='ltr'><em>quo</em></span> <span class='ocrx_word' id='word_1_196' title='bbox 658 1816 721 1849; x_wconf 91' lang='lat' dir='ltr'><em>par</em></span> <span class='ocrx_word' id='word_1_197' title='bbox 745 1817 807 1859; x_wconf 79' lang='lat' dir='ltr'><em>pro</em></span> <span class='ocrx_word' id='word_1_198' title='bbox 831 1806 907 1859; x_wconf 84' lang='lat' dir='ltr'><strong>pari</strong></span> 
     </span>
     <span class='ocr_line' id='line_1_31' title="bbox 97 1846 907 1896; baseline 0.006 -17"><span class='ocrx_word' id='word_1_199' title='bbox 97 1846 246 1887; x_wconf 80' lang='lat' dir='ltr'><strong>referat,</strong></span> <span class='ocrx_word' id='word_1_200' title='bbox 272 1851 311 1879; x_wconf 85' lang='lat' dir='ltr'><em>ut</em></span> <span class='ocrx_word' id='word_1_201' title='bbox 341 1847 373 1880; x_wconf 91' lang='lat' dir='ltr'><strong>K</strong></span> <span class='ocrx_word' id='word_1_202' title='bbox 402 1847 666 1893; x_wconf 82' lang='lat' dir='ltr'><strong>animadvertit,</strong></span> <span class='ocrx_word' id='word_1_203' title='bbox 692 1862 726 1883; x_wconf 87' lang='lat' dir='ltr'>v.</span> <span class='ocrx_word' id='word_1_204' title='bbox 752 1851 907 1896; x_wconf 74' lang='lat' dir='ltr'><strong>inprimis</strong></span> 
     </span>
     <span class='ocr_line' id='line_1_32' title="bbox 96 1876 907 1938; baseline 0.008 -12"><span class='ocrx_word' id='word_1_205' title='bbox 96 1890 149 1933; x_wconf 78' lang='grc' dir='ltr'><em>θ,</em></span> <span class='ocrx_word' id='word_1_206' title='bbox 177 1891 244 1928; x_wconf 90' lang='grc'>184</span> <span class='ocrx_word' id='word_1_207' title='bbox 269 1903 330 1937; x_wconf 91' lang='lat' dir='ltr'><em>seq</em></span> <span class='ocrx_word' id='word_1_208' title='bbox 308 1904 366 1938; x_wconf 91' lang='lat' dir='ltr'><em>qq</em></span> <span class='ocrx_word' id='word_1_209' title='bbox 399 1911 445 1917; x_wconf 89' lang='lat'><em>-—-</em></span> <span class='ocrx_word' id='word_1_210' title='bbox 477 1896 571 1928; x_wconf 82' lang='grc' dir='ltr'><em>ποῦ</em></span> <span class='ocrx_word' id='word_1_211' title='bbox 596 1894 645 1930; x_wconf 85' lang='grc' dir='ltr'><em>δέ</em></span> <span class='ocrx_word' id='word_1_212' title='bbox 657 1876 751 1931; x_wconf 67' lang='lat'><em>&#39;⁶02</em></span> <span class='ocrx_word' id='word_1_213' title='bbox 738 1898 907 1937; x_wconf 84' lang='grc' dir='ltr'><em>ιπποι,·</em></span> 
     </span>
     <span class='ocr_line' id='line_1_33' title="bbox 97 1916 649 1984; baseline 0.007 -13"><span class='ocrx_word' id='word_1_214' title='bbox 97 1916 204 1972; x_wconf 85' lang='lat' dir='ltr'><strong>int’ell.</strong></span> <span class='ocrx_word' id='word_1_215' title='bbox 230 1939 346 1980; x_wconf 82' lang='grc' dir='ltr'><em>εἰσὶν,</em></span> <span class='ocrx_word' id='word_1_216' title='bbox 371 1939 483 1984; x_wconf 88' lang='lat' dir='ltr'><strong>ellipsi</strong></span> <span class='ocrx_word' id='word_1_217' title='bbox 507 1940 649 1975; x_wconf 83' lang='lat' dir='ltr'><strong>usitata.</strong></span> 
     </span>
    </p>
   </div>
   <div class='ocr_carea' id='block_1_9' title="bbox 98 2004 908 2425">
    <p class='ocr_par' dir='ltr' id='par_1_11' title="bbox 98 2004 908 2425">
     <span class='ocr_line' id='line_1_34' title="bbox 143 2004 907 2052; baseline 0.004 -11"><span class='ocrx_word' id='word_1_218' title='bbox 143 2004 223 2041; x_wconf 87' lang='lat'>408.</span> <span class='ocrx_word' id='word_1_219' title='bbox 272 2008 359 2041; x_wconf 87' lang='lat' dir='ltr'><strong>Ven.</strong></span> <span class='ocrx_word' id='word_1_220' title='bbox 392 2011 534 2042; x_wconf 88' lang='lat' dir='ltr'><strong>auctore</strong></span> <span class='ocrx_word' id='word_1_221' title='bbox 569 2009 792 2043; x_wconf 71' lang='lat' dir='ltr'><strong>Aristarcbot</strong></span> <span class='ocrx_word' id='word_1_222' title='bbox 828 2022 907 2052; x_wconf 83' lang='grc' dir='ltr'><em>πως</em></span> 
     </span>
     <span class='ocr_line' id='line_1_35' title="bbox 98 2052 906 2098; baseline 0.004 -11"><span class='ocrx_word' id='word_1_223' title='bbox 98 2052 160 2088; x_wconf 81' lang='grc' dir='ltr'><em>δαὶ</em></span> <span class='ocrx_word' id='word_1_224' title='bbox 185 2054 260 2087; x_wconf 80' lang='grc' dir='ltr'><em>τῶν</em></span> <span class='ocrx_word' id='word_1_225' title='bbox 284 2058 350 2087; x_wconf 89' lang='lat' dir='ltr'><strong>etc.</strong></span> <span class='ocrx_word' id='word_1_226' title='bbox 363 2080 370 2094; x_wconf 96' lang='lat'>‚</span> <span class='ocrx_word' id='word_1_227' title='bbox 406 2065 506 2098; x_wconf 89' lang='lat' dir='ltr'><strong>quam</strong></span> <span class='ocrx_word' id='word_1_228' title='bbox 531 2067 648 2089; x_wconf 81' lang='lat' dir='ltr'><strong>vocem</strong></span> <span class='ocrx_word' id='word_1_229' title='bbox 683 2057 726 2089; x_wconf 92' lang='lat' dir='ltr'><em>ab</em></span> <span class='ocrx_word' id='word_1_230' title='bbox 756 2057 906 2091; x_wconf 83' lang='lat' dir='ltr'><strong>Homero</strong></span> 
     </span>
     <span class='ocr_line' id='line_1_36' title="bbox 98 2099 908 2143; baseline 0.003 -9"><span class='ocrx_word' id='word_1_231' title='bbox 98 2099 296 2143; x_wconf 79' lang='lat' dir='ltr'><strong>abjudicant</strong></span> <span class='ocrx_word' id='word_1_232' title='bbox 320 2099 387 2132; x_wconf 91' lang='lat' dir='ltr'><strong>viri</strong></span> <span class='ocrx_word' id='word_1_233' title='bbox 410 2100 517 2137; x_wconf 84' lang='lat' dir='ltr'><strong>docti.</strong></span> <span class='ocrx_word' id='word_1_234' title='bbox 562 2101 623 2135; x_wconf 88' lang='lat' dir='ltr'><em>sed</em></span> <span class='ocrx_word' id='word_1_235' title='bbox 648 2102 823 2135; x_wconf 87' lang='lat' dir='ltr'><strong>Homerici</strong></span> <span class='ocrx_word' id='word_1_236' title='bbox 851 2114 908 2136; x_wconf 88' lang='lat' dir='ltr'><em>sa-</em></span> 
     </span>
     <span class='ocr_line' id='line_1_37' title="bbox 99 2143 906 2200; baseline 0.006 -22"><span class='ocrx_word' id='word_1_237' title='bbox 99 2145 193 2200; x_wconf 87' lang='lat' dir='ltr'><strong>poris</strong></span> <span class='ocrx_word' id='word_1_238' title='bbox 225 2150 319 2180; x_wconf 89' lang='lat' dir='ltr'><strong>certe</strong></span> <span class='ocrx_word' id='word_1_239' title='bbox 350 2156 419 2179; x_wconf 91' lang='lat' dir='ltr'><strong>non</strong></span> <span class='ocrx_word' id='word_1_240' title='bbox 453 2152 506 2180; x_wconf 84' lang='lat' dir='ltr'><strong>est</strong></span> <span class='ocrx_word' id='word_1_241' title='bbox 534 2147 599 2181; x_wconf 93' lang='lat' dir='ltr'><em>hoc</em></span> <span class='ocrx_word' id='word_1_242' title='bbox 624 2147 663 2182; x_wconf 77' lang='grc' dir='ltr'><em>αἱ</em></span> <span class='ocrx_word' id='word_1_243' title='bbox 688 2149 761 2183; x_wconf 76' lang='grc' dir='ltr'><em>τῶν</em></span> <span class='ocrx_word' id='word_1_244' title='bbox 787 2143 906 2183; x_wconf 74' lang='grc' dir='ltr'><em>ἄλλων</em></span> 
     </span>
     <span class='ocr_line' id='line_1_38' title="bbox 103 2189 904 2236; baseline 0.006 -11"><span class='ocrx_word' id='word_1_245' title='bbox 103 2189 241 2233; x_wconf 83' lang='grc' dir='ltr'><em>Τρώων</em></span> <span class='ocrx_word' id='word_1_246' title='bbox 267 2192 441 2235; x_wconf 79' lang='grc' dir='ltr'><em>φυλακαί.</em></span> <span class='ocrx_word' id='word_1_247' title='bbox 488 2204 595 2236; x_wconf 85' lang='lat' dir='ltr'><strong>quare</strong></span> <span class='ocrx_word' id='word_1_248' title='bbox 619 2194 730 2228; x_wconf 89' lang='lat' dir='ltr'><strong>malim</strong></span> <span class='ocrx_word' id='word_1_249' title='bbox 755 2207 834 2234; x_wconf 83' lang='grc' dir='ltr'><em>πως</em></span> <span class='ocrx_word' id='word_1_250' title='bbox 863 2192 904 2230; x_wconf 84' lang='grc' dir='ltr'><em>δ’</em></span> 
     </span>
     <span class='ocr_line' id='line_1_39' title="bbox 100 2236 907 2292; baseline 0.004 -21"><span class='ocrx_word' id='word_1_251' title='bbox 100 2236 173 2279; x_wconf 77' lang='grc' dir='ltr'><em>αὖ,</em></span> <span class='ocrx_word' id='word_1_252' title='bbox 209 2238 298 2282; x_wconf 89' lang='lat' dir='ltr'><strong>quod</strong></span> <span class='ocrx_word' id='word_1_253' title='bbox 332 2237 542 2292; x_wconf 83' lang='lat' dir='ltr'><strong>aptissimum</strong></span> <span class='ocrx_word' id='word_1_254' title='bbox 577 2246 613 2272; x_wconf 88' lang='lat' dir='ltr'><em>et</em></span> <span class='ocrx_word' id='word_1_255' title='bbox 636 2241 722 2274; x_wconf 89' lang='lat' dir='ltr'><strong>satis</strong></span> <span class='ocrx_word' id='word_1_256' title='bbox 745 2242 908 2296; x_wconf 86' lang='lat' dir='ltr'><strong>frequens</strong></span> 
     </span>
     <span class='ocr_line' id='line_1_40' title="bbox 100 2263 908 2340; baseline 0.005 -22"><span class='ocrx_word' id='word_1_257' title='bbox 100 2296 154 2340; x_wconf 86' lang='lat' dir='ltr'><em>ap.</em></span> <span class='ocrx_word' id='word_1_258' title='bbox 163 2263 296 2320; x_wconf 65' lang='lat' dir='ltr'><strong>&#39;.:Hom</strong></span> <span class='ocrx_word' id='word_1_259' title='bbox 322 2296 355 2317; x_wconf 93' lang='lat' dir='ltr'>v.</span> <span class='ocrx_word' id='word_1_260' title='bbox 384 2283 427 2328; x_wconf 82' lang='grc' dir='ltr'><em>γ’,</em></span> <span class='ocrx_word' id='word_1_261' title='bbox 453 2286 540 2326; x_wconf 92' lang='grc'><em>200,</em></span> <span class='ocrx_word' id='word_1_262' title='bbox 566 2286 635 2321; x_wconf 87' lang='grc'><em>323</em></span> <span class='ocrx_word' id='word_1_263' title='bbox 653 2292 721 2320; x_wconf 91' lang='lat' dir='ltr'><strong>etc.</strong></span> <span class='ocrx_word' id='word_1_264' title='bbox 758 2288 838 2326; x_wconf 75' lang='grc' dir='ltr'><em>πῶς</em></span> <span class='ocrx_word' id='word_1_265' title='bbox 863 2283 908 2322; x_wconf 83' lang='grc' dir='ltr'><em>δ’</em></span> 
     </span>
     <span class='ocr_line' id='line_1_41' title="bbox 101 2329 908 2374; baseline 0.002 -9"><span class='ocrx_word' id='word_1_266' title='bbox 101 2344 149 2365; x_wconf 86' lang='grc' dir='ltr'><em>αν</em></span> <span class='ocrx_word' id='word_1_267' title='bbox 175 2330 266 2371; x_wconf 86' lang='grc' dir='ltr'><em>εἰσὶ,</em></span> <span class='ocrx_word' id='word_1_268' title='bbox 290 2331 369 2370; x_wconf 72' lang='grc' dir='ltr'><em>πῶς</em></span> <span class='ocrx_word' id='word_1_269' title='bbox 394 2329 528 2374; x_wconf 84' lang='grc' dir='ltr'><em>ε’.χουσι</em></span> <span class='ocrx_word' id='word_1_270' title='bbox 562 2345 575 2366; x_wconf 89' lang='grc' dir='ltr'><em>ι</em></span> <span class='ocrx_word' id='word_1_271' title='bbox 591 2337 626 2365; x_wconf 81' lang='lat' dir='ltr'><em>et</em></span> <span class='ocrx_word' id='word_1_272' title='bbox 650 2345 673 2367; x_wconf 89' lang='lat' dir='ltr'><em>v</em></span> <span class='ocrx_word' id='word_1_273' title='bbox 698 2333 837 2367; x_wconf 83' lang='lat' dir='ltr'><strong>litterae</strong></span> <span class='ocrx_word' id='word_1_274' title='bbox 854 2335 908 2367; x_wconf 85' lang='lat' dir='ltr'><em>fa—</em></span> 
     </span>
     <span class='ocr_line' id='line_1_42' title="bbox 101 2377 908 2425; baseline 0.005 -15"><span class='ocrx_word' id='word_1_275' title='bbox 101 2377 167 2410; x_wconf 87' lang='lat' dir='ltr'><strong>cile</strong></span> <span class='ocrx_word' id='word_1_276' title='bbox 198 2377 473 2410; x_wconf 79' lang='lat' dir='ltr'><strong>confunduntur·</strong></span> <span class='ocrx_word' id='word_1_277' title='bbox 506 2387 540 2410; x_wconf 85' lang='lat' dir='ltr'>v.</span> <span class='ocrx_word' id='word_1_278' title='bbox 575 2388 654 2412; x_wconf 85' lang='lat' dir='ltr'><strong>ann.</strong></span> <span class='ocrx_word' id='word_1_279' title='bbox 679 2378 724 2412; x_wconf 92' lang='lat' dir='ltr'><em>ad</em></span> <span class='ocrx_word' id='word_1_280' title='bbox 748 2380 908 2425; x_wconf 75' lang='lat' dir='ltr'><strong>Aeschyl-</strong></span> 
     </span>
    </p>
   </div>
   <div class='ocr_carea' id='block_1_10' title="bbox 102 2421 271 2466">
    <p class='ocr_par' dir='ltr' id='par_1_12' title="bbox 102 2421 271 2466">
     <span class='ocr_line' id='line_1_43' title="bbox 102 2421 271 2466; baseline -0.006 -9"><span class='ocrx_word' id='word_1_281' title='bbox 102 2424 167 2466; x_wconf 77' lang='lat' dir='ltr'>Ag.</span> <span class='ocrx_word' id='word_1_282' title='bbox 194 2421 271 2457; x_wconf 91' lang='lat'>104.</span> 
     </span>
    </p>
   </div>
   <div class='ocr_carea' id='block_1_11' title="bbox 103 2488 912 2766">
    <p class='ocr_par' dir='ltr' id='par_1_13' title="bbox 103 2488 911 2766">
     <span class='ocr_line' id='line_1_44' title="bbox 147 2488 911 2537; baseline 0.003 -12"><span class='ocrx_word' id='word_1_283' title='bbox 147 2488 271 2525; x_wconf 88' lang='lat'>409—</span> <span class='ocrx_word' id='word_1_284' title='bbox 281 2490 361 2527; x_wconf 86' lang='lat'>411.</span> <span class='ocrx_word' id='word_1_285' title='bbox 408 2491 559 2536; x_wconf 86' lang='lat' dir='ltr'><strong>suspecti</strong></span> <span class='ocrx_word' id='word_1_286' title='bbox 585 2503 705 2526; x_wconf 90' lang='lat' dir='ltr'><strong>versus</strong></span> <span class='ocrx_word' id='word_1_287' title='bbox 726 2497 911 2537; x_wconf 80' lang='lat' dir='ltr'><strong>propterea</strong></span> 
     </span>
     <span class='ocr_line' id='line_1_45' title="bbox 103 2537 911 2581; baseline 0.004 -12"><span class='ocrx_word' id='word_1_288' title='bbox 103 2537 196 2581; x_wconf 93' lang='lat' dir='ltr'><strong>quod</strong></span> <span class='ocrx_word' id='word_1_289' title='bbox 222 2548 327 2580; x_wconf 82' lang='lat' dir='ltr'><strong>supra</strong></span> <span class='ocrx_word' id='word_1_290' title='bbox 350 2538 510 2581; x_wconf 85' lang='lat' dir='ltr'><strong>leguntur</strong></span> <span class='ocrx_word' id='word_1_291' title='bbox 533 2537 569 2571; x_wconf 91' lang='lat' dir='ltr'><em>in</em></span> <span class='ocrx_word' id='word_1_292' title='bbox 599 2538 754 2572; x_wconf 89' lang='lat' dir='ltr'><strong>oratione</strong></span> <span class='ocrx_word' id='word_1_293' title='bbox 782 2540 911 2573; x_wconf 87' lang='lat' dir='ltr'><strong>Nesto-</strong></span> 
     </span>
     <span class='ocr_line' id='line_1_46' title="bbox 104 2582 910 2640; baseline 0.005 -25"><span class='ocrx_word' id='word_1_294' title='bbox 104 2582 176 2622; x_wconf 86' lang='lat' dir='ltr'><strong>ris,</strong></span> <span class='ocrx_word' id='word_1_295' title='bbox 208 2584 444 2624; x_wconf 71' lang='grc'><em>208-210,</em></span> <span class='ocrx_word' id='word_1_296' title='bbox 480 2595 543 2617; x_wconf 86' lang='lat' dir='ltr'><em>nec</em></span> <span class='ocrx_word' id='word_1_297' title='bbox 577 2584 684 2617; x_wconf 90' lang='lat' dir='ltr'><strong>locum</strong></span> <span class='ocrx_word' id='word_1_298' title='bbox 718 2584 764 2640; x_wconf 47' lang='lat' dir='ltr'><strong>in,</strong></span> <span class='ocrx_word' id='word_1_299' title='bbox 777 2585 910 2619; x_wconf 88' lang='lat' dir='ltr'><strong>directa</strong></span> 
     </span>
     <span class='ocr_line' id='line_1_47' title="bbox 103 2607 910 2672; baseline 0.005 -11"><span class='ocrx_word' id='word_1_300' title='bbox 103 2607 373 2672; x_wconf 83' lang='lat' dir='ltr'><strong>interrogatione</strong></span> <span class='ocrx_word' id='word_1_301' title='bbox 397 2629 501 2662; x_wconf 87' lang='lat' dir='ltr'><strong>habet</strong></span> <span class='ocrx_word' id='word_1_302' title='bbox 525 2628 620 2663; x_wconf 78' lang='grc' dir='ltr'><em>ἅσσα</em></span> <span class='ocrx_word' id='word_1_303' title='bbox 645 2629 717 2663; x_wconf 83' lang='lat' dir='ltr'><strong>sive</strong></span> <span class='ocrx_word' id='word_1_304' title='bbox 739 2627 846 2672; x_wconf 73' lang='grc' dir='ltr'><em>ἄσσα,</em></span> <span class='ocrx_word' id='word_1_305' title='bbox 867 2629 910 2664; x_wconf 74' lang='grc' dir='ltr'><em>ὁὶ-</em></span> 
     </span>
     <span class='ocr_line' id='line_1_48' title="bbox 103 2674 912 2722; baseline 0.003 -13"><span class='ocrx_word' id='word_1_306' title='bbox 103 2687 206 2709; x_wconf 66' lang='grc' dir='ltr'><em>τινας</em></span> <span class='ocrx_word' id='word_1_307' title='bbox 239 2685 313 2708; x_wconf 91' lang='lat' dir='ltr'><em>nam</em></span> <span class='ocrx_word' id='word_1_308' title='bbox 347 2674 437 2718; x_wconf 88' lang='lat' dir='ltr'><strong>quod</strong></span> <span class='ocrx_word' id='word_1_309' title='bbox 469 2676 498 2707; x_wconf 81' lang='lat' dir='ltr'>A</span> <span class='ocrx_word' id='word_1_310' title='bbox 522 2676 635 2710; x_wconf 87' lang='lat' dir='ltr'><strong>Schol.</strong></span> <span class='ocrx_word' id='word_1_311' title='bbox 660 2674 753 2711; x_wconf 74' lang='grc' dir='ltr'><em>ἅττα</em></span> <span class='ocrx_word' id='word_1_312' title='bbox 777 2677 912 2722; x_wconf 86' lang='lat' dir='ltr'><strong>signifi-</strong></span> 
     </span>
     <span class='ocr_line' id='line_1_49' title="bbox 105 2720 744 2766; baseline 0.002 -11"><span class='ocrx_word' id='word_1_313' title='bbox 105 2732 185 2755; x_wconf 86' lang='lat' dir='ltr'><strong>care</strong></span> <span class='ocrx_word' id='word_1_314' title='bbox 208 2720 259 2754; x_wconf 84' lang='lat' dir='ltr'><em>ait</em></span> <span class='ocrx_word' id='word_1_315' title='bbox 281 2721 385 2761; x_wconf 84' lang='grc' dir='ltr'><em>τίνα,</em></span> <span class='ocrx_word' id='word_1_316' title='bbox 410 2726 506 2754; x_wconf 88' lang='lat' dir='ltr'><strong>caret</strong></span> <span class='ocrx_word' id='word_1_317' title='bbox 530 2722 744 2766; x_wconf 87' lang='lat' dir='ltr'><strong>fidejussore.</strong></span> 
     </span>
    </p>
   </div>
   <div class='ocr_carea' id='block_1_12' title="bbox 106 2788 912 3020">
    <p class='ocr_par' dir='ltr' id='par_1_14' title="bbox 106 2788 912 3020">
     <span class='ocr_line' id='line_1_50' title="bbox 150 2788 911 2834; baseline 0.001 -11"><span class='ocrx_word' id='word_1_318' title='bbox 150 2788 239 2829; x_wconf 87' lang='lat'>415,</span> <span class='ocrx_word' id='word_1_319' title='bbox 273 2789 307 2823; x_wconf 89' lang='lat'>6.</span> <span class='ocrx_word' id='word_1_320' title='bbox 359 2789 447 2821; x_wconf 83' lang='lat' dir='ltr'><em>llum</em></span> <span class='ocrx_word' id='word_1_321' title='bbox 484 2789 626 2824; x_wconf 90' lang='lat' dir='ltr'><strong>alterum</strong></span> <span class='ocrx_word' id='word_1_322' title='bbox 661 2790 735 2834; x_wconf 87' lang='lat' dir='ltr'><strong>ejus</strong></span> <span class='ocrx_word' id='word_1_323' title='bbox 769 2790 911 2825; x_wconf 88' lang='lat' dir='ltr'><strong>nominis</strong></span> 
     </span>
     <span class='ocr_line' id='line_1_51' title="bbox 106 2833 911 2878; baseline 0.004 -11"><span class='ocrx_word' id='word_1_324' title='bbox 106 2834 211 2876; x_wconf 87' lang='lat' dir='ltr'><strong>dicit,</strong></span> <span class='ocrx_word' id='word_1_325' title='bbox 249 2834 355 2868; x_wconf 81' lang='lat' dir='ltr'><strong>Trois</strong></span> <span class='ocrx_word' id='word_1_326' title='bbox 386 2833 478 2878; x_wconf 83' lang='lat' dir='ltr'><strong>regis</strong></span> <span class='ocrx_word' id='word_1_327' title='bbox 515 2847 534 2868; x_wconf 91' lang='lat' dir='ltr'><em>e</em></span> <span class='ocrx_word' id='word_1_328' title='bbox 567 2835 758 2869; x_wconf 84' lang='lat' dir='ltr'><strong>Callirrhoe</strong></span> <span class='ocrx_word' id='word_1_329' title='bbox 792 2837 911 2878; x_wconf 89' lang='lat' dir='ltr'><strong>filium,</strong></span> 
     </span>
     <span class='ocr_line' id='line_1_52' title="bbox 107 2880 910 2927; baseline 0.004 -14"><span class='ocrx_word' id='word_1_330' title='bbox 107 2880 165 2925; x_wconf 92' lang='lat' dir='ltr'><em>qui</em></span> <span class='ocrx_word' id='word_1_331' title='bbox 189 2891 300 2913; x_wconf 88' lang='lat' dir='ltr'><strong>arcem</strong></span> <span class='ocrx_word' id='word_1_332' title='bbox 327 2880 534 2924; x_wconf 84' lang='lat' dir='ltr'><strong>Trojanam‚</strong></span> <span class='ocrx_word' id='word_1_333' title='bbox 570 2882 613 2914; x_wconf 88' lang='lat' dir='ltr'><em>ab</em></span> <span class='ocrx_word' id='word_1_334' title='bbox 648 2881 724 2926; x_wconf 90' lang='lat' dir='ltr'><strong>ipso</strong></span> <span class='ocrx_word' id='word_1_335' title='bbox 755 2883 910 2927; x_wconf 81' lang='lat' dir='ltr'><strong>appella-</strong></span> 
     </span>
     <span class='ocr_line' id='line_1_53' title="bbox 107 2906 910 2973; baseline 0.002 -13"><span class='ocrx_word' id='word_1_336' title='bbox 107 2932 196 2967; x_wconf 81' lang='lat' dir='ltr'><strong>tam,</strong></span> <span class='ocrx_word' id='word_1_337' title='bbox 222 2926 388 2960; x_wconf 83' lang='lat' dir='ltr'><strong>condidit.</strong></span> <span class='ocrx_word' id='word_1_338' title='bbox 437 2906 652 2970; x_wconf 85' lang='lat' dir='ltr'><strong>Apollod.3,</strong></span> <span class='ocrx_word' id='word_1_339' title='bbox 681 2930 743 2970; x_wconf 87' lang='lat'><em>12,</em></span> <span class='ocrx_word' id='word_1_340' title='bbox 767 2931 801 2964; x_wconf 90' lang='lat'><em>3.</em></span> <span class='ocrx_word' id='word_1_341' title='bbox 836 2930 910 2973; x_wconf 88' lang='lat' dir='ltr'><strong>ejus</strong></span> 
     </span>
     <span class='ocr_line' id='line_1_54' title="bbox 108 2971 912 3020; baseline 0.004 -14"><span class='ocrx_word' id='word_1_342' title='bbox 108 2971 255 3006; x_wconf 90' lang='lat' dir='ltr'><strong>tumulus</strong></span> <span class='ocrx_word' id='word_1_343' title='bbox 290 2971 399 3006; x_wconf 89' lang='lat' dir='ltr'><strong>medio</strong></span> <span class='ocrx_word' id='word_1_344' title='bbox 434 2972 508 3006; x_wconf 85' lang='lat' dir='ltr'><strong>fere</strong></span> <span class='ocrx_word' id='word_1_345' title='bbox 545 2972 620 3006; x_wconf 91' lang='lat' dir='ltr'><strong>loco</strong></span> <span class='ocrx_word' id='word_1_346' title='bbox 655 2973 746 3008; x_wconf 81' lang='lat' dir='ltr'><strong>inter</strong></span> <span class='ocrx_word' id='word_1_347' title='bbox 779 2980 912 3020; x_wconf 91' lang='lat' dir='ltr'><strong>portam</strong></span> 
     </span>
    </p>
   </div>
   <div class='ocr_carea' id='block_1_13' title="bbox 952 1387 1763 1667">
    <p class='ocr_par' dir='ltr' id='par_1_15' title="bbox 952 1387 1763 1667">
     <span class='ocr_line' id='line_1_55' title="bbox 953 1387 1761 1435; baseline -0.003 -11"><span class='ocrx_word' id='word_1_348' title='bbox 953 1390 1095 1424; x_wconf 85' lang='lat' dir='ltr'><strong>Scaeam</strong></span> <span class='ocrx_word' id='word_1_349' title='bbox 1122 1396 1157 1424; x_wconf 80' lang='lat' dir='ltr'><em>et</em></span> <span class='ocrx_word' id='word_1_350' title='bbox 1181 1401 1334 1435; x_wconf 89' lang='lat' dir='ltr'><strong>campum</strong></span> <span class='ocrx_word' id='word_1_351' title='bbox 1360 1390 1446 1434; x_wconf 85' lang='lat' dir='ltr'><strong>Troj</strong></span> <span class='ocrx_word' id='word_1_352' title='bbox 1450 1400 1547 1424; x_wconf 81' lang='lat' dir='ltr'><strong>anum</strong></span> <span class='ocrx_word' id='word_1_353' title='bbox 1570 1387 1658 1423; x_wconf 75' lang='lat' dir='ltr'><strong>situs</strong></span> <span class='ocrx_word' id='word_1_354' title='bbox 1684 1388 1761 1425; x_wconf 81' lang='lat' dir='ltr'><strong>fuit.</strong></span> 
     </span>
     <span class='ocr_line' id='line_1_56' title="bbox 952 1434 1761 1482; baseline 0.001 -12"><span class='ocrx_word' id='word_1_355' title='bbox 952 1448 986 1470; x_wconf 89' lang='lat' dir='ltr'>v.</span> <span class='ocrx_word' id='word_1_356' title='bbox 1011 1434 1052 1480; x_wconf 87' lang='grc' dir='ltr'><em>λ’,</em></span> <span class='ocrx_word' id='word_1_357' title='bbox 1084 1437 1149 1472; x_wconf 87' lang='grc'><em>166</em></span> <span class='ocrx_word' id='word_1_358' title='bbox 1172 1448 1270 1482; x_wconf 87' lang='lat' dir='ltr'><strong>seqq.</strong></span> <span class='ocrx_word' id='word_1_359' title='bbox 1283 1438 1383 1476; x_wconf 85' lang='lat'>‚371</span> <span class='ocrx_word' id='word_1_360' title='bbox 1406 1448 1526 1481; x_wconf 53' lang='lat' dir='ltr'><strong>sequ„</strong></span> <span class='ocrx_word' id='word_1_361' title='bbox 1552 1436 1679 1469; x_wconf 86' lang='lat' dir='ltr'><strong>Strabo</strong></span> <span class='ocrx_word' id='word_1_362' title='bbox 1705 1437 1761 1477; x_wconf 88' lang='lat'><em>13,</em></span> 
     </span>
     <span class='ocr_line' id='line_1_57' title="bbox 954 1481 1761 1528; baseline 0.001 -13"><span class='ocrx_word' id='word_1_363' title='bbox 954 1487 1006 1524; x_wconf 91' lang='lat'>1.‚</span> <span class='ocrx_word' id='word_1_364' title='bbox 1031 1483 1098 1516; x_wconf 85' lang='lat' dir='ltr'><strong>vol.</strong></span> <span class='ocrx_word' id='word_1_365' title='bbox 1117 1484 1160 1524; x_wconf 89' lang='lat'><em>3,</em></span> <span class='ocrx_word' id='word_1_366' title='bbox 1187 1495 1218 1528; x_wconf 88' lang='lat' dir='ltr'><em>p.</em></span> <span class='ocrx_word' id='word_1_367' title='bbox 1243 1485 1299 1518; x_wconf 89' lang='lat'><em>99.</em></span> <span class='ocrx_word' id='word_1_368' title='bbox 1323 1483 1377 1516; x_wconf 89' lang='lat' dir='ltr'><strong>ed.</strong></span> <span class='ocrx_word' id='word_1_369' title='bbox 1400 1482 1584 1521; x_wconf 87' lang='lat' dir='ltr'><strong>Tauchn.‚</strong></span> <span class='ocrx_word' id='word_1_370' title='bbox 1608 1481 1640 1514; x_wconf 91' lang='lat' dir='ltr'><strong>K</strong></span> <span class='ocrx_word' id='word_1_371' title='bbox 1669 1482 1702 1515; x_wconf 85' lang='lat' dir='ltr'>h.</span> <span class='ocrx_word' id='word_1_372' title='bbox 1723 1483 1761 1522; x_wconf 93' lang='grc'><em>1.,</em></span> 
     </span>
     <span class='ocr_line' id='line_1_58' title="bbox 953 1528 1763 1572; baseline -0.002 -10"><span class='ocrx_word' id='word_1_373' title='bbox 953 1529 987 1562; x_wconf 90' lang='grc' dir='ltr'>Η</span> <span class='ocrx_word' id='word_1_374' title='bbox 1012 1541 1157 1562; x_wconf 80' lang='lat' dir='ltr'><strong>excursu</strong></span> <span class='ocrx_word' id='word_1_375' title='bbox 1185 1529 1228 1562; x_wconf 88' lang='lat' dir='ltr'><em>ad</em></span> <span class='ocrx_word' id='word_1_376' title='bbox 1253 1529 1373 1562; x_wconf 89' lang='lat' dir='ltr'><strong>librum</strong></span> <span class='ocrx_word' id='word_1_377' title='bbox 1398 1531 1431 1564; x_wconf 90' lang='lat'><em>6.</em></span> <span class='ocrx_word' id='word_1_378' title='bbox 1456 1540 1489 1572; x_wconf 86' lang='lat' dir='ltr'>p.</span> <span class='ocrx_word' id='word_1_379' title='bbox 1513 1528 1593 1563; x_wconf 88' lang='lat'><em>305</em></span> <span class='ocrx_word' id='word_1_380' title='bbox 1610 1539 1706 1570; x_wconf 87' lang='lat' dir='ltr'><strong>sequ.</strong></span> <span class='ocrx_word' id='word_1_381' title='bbox 1725 1533 1763 1561; x_wconf 83' lang='lat' dir='ltr'><em>et</em></span> 
     </span>
     <span class='ocr_line' id='line_1_59' title="bbox 953 1574 1759 1620; baseline -0.001 -12"><span class='ocrx_word' id='word_1_382' title='bbox 953 1575 1107 1618; x_wconf 87' lang='lat' dir='ltr'><strong>ejusdem</strong></span> <span class='ocrx_word' id='word_1_383' title='bbox 1150 1575 1333 1608; x_wconf 87' lang='lat' dir='ltr'><strong>voluminis</strong></span> <span class='ocrx_word' id='word_1_384' title='bbox 1378 1587 1412 1620; x_wconf 89' lang='lat' dir='ltr'>p.</span> <span class='ocrx_word' id='word_1_385' title='bbox 1444 1576 1523 1609; x_wconf 85' lang='lat'>720-</span> <span class='ocrx_word' id='word_1_386' title='bbox 1565 1593 1611 1598; x_wconf 89' lang='lat'><strong>—</strong></span> <span class='ocrx_word' id='word_1_387' title='bbox 1652 1574 1759 1608; x_wconf 82' lang='lat' dir='ltr'>sch.-</span> 
     </span>
     <span class='ocr_line' id='line_1_60' title="bbox 953 1617 1736 1667; baseline -0.001 -11"><span class='ocrx_word' id='word_1_388' title='bbox 953 1622 1210 1667; x_wconf 84' lang='grc' dir='ltr'><em>φλοίσβου.</em></span> <span class='ocrx_word' id='word_1_389' title='bbox 1245 1617 1357 1666; x_wconf 83' lang='grc' dir='ltr'><em>ἤχου,</em></span> <span class='ocrx_word' id='word_1_390' title='bbox 1381 1620 1566 1665; x_wconf 78' lang='grc' dir='ltr'><em>θορύβου.</em></span> <span class='ocrx_word' id='word_1_391' title='bbox 1593 1617 1633 1660; x_wconf 89' lang='grc' dir='ltr'><em>ε’,</em></span> <span class='ocrx_word' id='word_1_392' title='bbox 1655 1621 1736 1656; x_wconf 88' lang='lat'><em>322.</em></span> 
     </span>
    </p>
   </div>
   <div class='ocr_carea' id='block_1_14' title="bbox 951 1677 1765 2644">
    <p class='ocr_par' dir='ltr' id='par_1_16' title="bbox 999 1677 1760 1722">
     <span class='ocr_line' id='line_1_61' title="bbox 999 1677 1760 1722; baseline -0.003 -9"><span class='ocrx_word' id='word_1_393' title='bbox 999 1679 1122 1713; x_wconf 82' lang='lat'>417—</span> <span class='ocrx_word' id='word_1_394' title='bbox 1133 1678 1213 1713; x_wconf 86' lang='lat'><em>422</em></span> <span class='ocrx_word' id='word_1_395' title='bbox 1257 1691 1379 1722; x_wconf 84' lang='grc' dir='ltr'><em>κεκρ.</em></span> <span class='ocrx_word' id='word_1_396' title='bbox 1405 1677 1662 1721; x_wconf 59' lang='grc' dir='ltr'><em>ἐπιλελῆμένη.</em></span> <span class='ocrx_word' id='word_1_397' title='bbox 1676 1677 1760 1713; x_wconf 90' lang='lat' dir='ltr'><strong>Sch.</strong></span> 
     </span>
    </p>

    <p class='ocr_par' dir='ltr' id='par_1_17' title="bbox 951 1722 1765 2644">
     <span class='ocr_line' id='line_1_62' title="bbox 953 1722 1757 1768; baseline 0 -10"><span class='ocrx_word' id='word_1_398' title='bbox 953 1723 1016 1765; x_wconf 91' lang='grc' dir='ltr'><em>,,’,ι</em></span> <span class='ocrx_word' id='word_1_399' title='bbox 1041 1727 1097 1760; x_wconf 91' lang='grc'><em>66.</em></span> <span class='ocrx_word' id='word_1_400' title='bbox 1128 1727 1237 1768; x_wconf 62' lang='lat' dir='ltr'><strong>sequf</strong></span> <span class='ocrx_word' id='word_1_401' title='bbox 1241 1725 1319 1759; x_wconf 90' lang='lat' dir='ltr'><em>‘K.</em></span> <span class='ocrx_word' id='word_1_402' title='bbox 1356 1744 1403 1749; x_wconf 84' lang='lat'><strong>—</strong></span> <span class='ocrx_word' id='word_1_403' title='bbox 1433 1722 1582 1767; x_wconf 79' lang='grc' dir='ltr'><em>πυρὸς</em></span> <span class='ocrx_word' id='word_1_404' title='bbox 1617 1722 1757 1768; x_wconf 77' lang='grc' dir='ltr'><em>ἐσχά-</em></span> 
     </span>
     <span class='ocr_line' id='line_1_63' title="bbox 953 1770 1762 1814; baseline 0 -10"><span class='ocrx_word' id='word_1_405' title='bbox 953 1783 1048 1812; x_wconf 87' lang='grc' dir='ltr'><em>ραι,</em></span> <span class='ocrx_word' id='word_1_406' title='bbox 1076 1771 1152 1812; x_wconf 78' lang='lat' dir='ltr'><strong>foci</strong></span> <span class='ocrx_word' id='word_1_407' title='bbox 1182 1771 1293 1813; x_wconf 78' lang='lat' dir='ltr'><strong>ignis,</strong></span> <span class='ocrx_word' id='word_1_408' title='bbox 1319 1771 1350 1803; x_wconf 91' lang='lat' dir='ltr'>h.</span> <span class='ocrx_word' id='word_1_409' title='bbox 1374 1783 1403 1804; x_wconf 91' lang='lat' dir='ltr'><strong>e.</strong></span> <span class='ocrx_word' id='word_1_410' title='bbox 1431 1770 1549 1814; x_wconf 81' lang='lat' dir='ltr'><strong>igneS,</strong></span> <span class='ocrx_word' id='word_1_411' title='bbox 1576 1782 1697 1813; x_wconf 85' lang='grc' dir='ltr'><em>πυρα,</em></span> <span class='ocrx_word' id='word_1_412' title='bbox 1723 1774 1762 1804; x_wconf 85' lang='lat' dir='ltr'><em>ut</em></span> 
     </span>
     <span class='ocr_line' id='line_1_64' title="bbox 953 1815 1761 1871; baseline -0.001 -20"><span class='ocrx_word' id='word_1_413' title='bbox 953 1815 1007 1858; x_wconf 79' lang='grc' dir='ltr'><em>θ’,</em></span> <span class='ocrx_word' id='word_1_414' title='bbox 1033 1818 1123 1856; x_wconf 83' lang='grc'><em>550,</em></span> <span class='ocrx_word' id='word_1_415' title='bbox 1153 1816 1219 1851; x_wconf 87' lang='grc'><em>557</em></span> <span class='ocrx_word' id='word_1_416' title='bbox 1244 1827 1341 1871; x_wconf 42' lang='lat' dir='ltr'><strong>s&#39;equ.</strong></span> <span class='ocrx_word' id='word_1_417' title='bbox 1375 1816 1448 1850; x_wconf 82' lang='lat' dir='ltr'><strong>ad&#39;</strong></span> <span class='ocrx_word' id='word_1_418' title='bbox 1440 1828 1538 1860; x_wconf 82' lang='lat' dir='ltr'><strong>ignes</strong></span> <span class='ocrx_word' id='word_1_419' title='bbox 1562 1827 1641 1851; x_wconf 90' lang='lat' dir='ltr'><strong>suos</strong></span> <span class='ocrx_word' id='word_1_420' title='bbox 1668 1816 1761 1850; x_wconf 90' lang='lat' dir='ltr'><strong>Tro-</strong></span> 
     </span>
     <span class='ocr_line' id='line_1_65' title="bbox 951 1860 1762 1907; baseline 0 -12"><span class='ocrx_word' id='word_1_421' title='bbox 951 1862 1045 1907; x_wconf 84' lang='lat' dir='ltr'><strong>jani,</strong></span> <span class='ocrx_word' id='word_1_422' title='bbox 1071 1860 1166 1896; x_wconf 80' lang='grc' dir='ltr'><em>οἷσιν</em></span> <span class='ocrx_word' id='word_1_423' title='bbox 1193 1861 1356 1906; x_wconf 77' lang='grc' dir='ltr'><em>ἀνάγκη,</em></span> <span class='ocrx_word' id='word_1_424' title='bbox 1391 1864 1511 1907; x_wconf 74' lang='lat' dir='ltr'><strong>quibus</strong></span> <span class='ocrx_word' id='word_1_425' title='bbox 1536 1874 1669 1896; x_wconf 79' lang='lat' dir='ltr'><strong>necesse</strong></span> <span class='ocrx_word' id='word_1_426' title='bbox 1685 1863 1762 1905; x_wconf 82' lang='lat' dir='ltr'><strong>fuit</strong></span> 
     </span>
     <span class='ocr_line' id='line_1_66' title="bbox 954 1908 1763 1952; baseline 0.001 -11"><span class='ocrx_word' id='word_1_427' title='bbox 954 1909 1004 1941; x_wconf 85' lang='lat' dir='ltr'><em>ita</em></span> <span class='ocrx_word' id='word_1_428' title='bbox 1028 1908 1165 1948; x_wconf 83' lang='lat' dir='ltr'><strong>facere,</strong></span> <span class='ocrx_word' id='word_1_429' title='bbox 1191 1909 1224 1941; x_wconf 92' lang='lat' dir='ltr'>h.</span> <span class='ocrx_word' id='word_1_430' title='bbox 1249 1920 1278 1942; x_wconf 86' lang='lat' dir='ltr'><strong>e.</strong></span> <span class='ocrx_word' id='word_1_431' title='bbox 1298 1908 1409 1952; x_wconf 84' lang='lat' dir='ltr'><strong>jussi,</strong></span> <span class='ocrx_word' id='word_1_432' title='bbox 1446 1909 1680 1949; x_wconf 84' lang='lat' dir='ltr'><strong>excubabant,</strong></span> <span class='ocrx_word' id='word_1_433' title='bbox 1710 1909 1763 1942; x_wconf 84' lang='lat' dir='ltr'><strong>al·-</strong></span> 
     </span>
     <span class='ocr_line' id='line_1_67' title="bbox 953 1955 1762 1998; baseline 0 -10"><span class='ocrx_word' id='word_1_434' title='bbox 953 1959 1076 1998; x_wconf 89' lang='lat' dir='ltr'><strong>terque</strong></span> <span class='ocrx_word' id='word_1_435' title='bbox 1103 1955 1266 1995; x_wconf 83' lang='lat' dir='ltr'><strong>alterum,</strong></span> <span class='ocrx_word' id='word_1_436' title='bbox 1299 1960 1336 1988; x_wconf 86' lang='lat' dir='ltr'><em>ut</em></span> <span class='ocrx_word' id='word_1_437' title='bbox 1365 1965 1423 1988; x_wconf 90' lang='lat' dir='ltr'><em>eos</em></span> <span class='ocrx_word' id='word_1_438' title='bbox 1444 1956 1574 1995; x_wconf 86' lang='lat' dir='ltr'><strong>aleret,</strong></span> <span class='ocrx_word' id='word_1_439' title='bbox 1599 1955 1762 1989; x_wconf 87' lang='lat' dir='ltr'><strong>hortaba-</strong></span> 
     </span>
     <span class='ocr_line' id='line_1_68' title="bbox 953 2000 1762 2044; baseline 0.001 -11"><span class='ocrx_word' id='word_1_440' title='bbox 953 2003 1031 2040; x_wconf 80' lang='lat' dir='ltr'><strong>tur3</strong></span> <span class='ocrx_word' id='word_1_441' title='bbox 1064 2004 1214 2034; x_wconf 88' lang='lat' dir='ltr'><strong>ceterum</strong></span> <span class='ocrx_word' id='word_1_442' title='bbox 1242 2000 1310 2034; x_wconf 90' lang='lat' dir='ltr'><strong>rite</strong></span> <span class='ocrx_word' id='word_1_443' title='bbox 1335 2000 1447 2034; x_wconf 86' lang='lat' dir='ltr'><strong>lectae</strong></span> <span class='ocrx_word' id='word_1_444' title='bbox 1478 2012 1519 2034; x_wconf 92' lang='lat' dir='ltr'><em>ac</em></span> <span class='ocrx_word' id='word_1_445' title='bbox 1543 2001 1762 2044; x_wconf 81' lang='lat' dir='ltr'><strong>constitutae,</strong></span> 
     </span>
     <span class='ocr_line' id='line_1_69' title="bbox 952 2045 1762 2090; baseline 0 -10"><span class='ocrx_word' id='word_1_446' title='bbox 952 2045 1182 2090; x_wconf 73' lang='grc' dir='ltr'><em>κεκριμέναι,</em></span> <span class='ocrx_word' id='word_1_447' title='bbox 1217 2058 1284 2080; x_wconf 92' lang='lat' dir='ltr'><strong>non</strong></span> <span class='ocrx_word' id='word_1_448' title='bbox 1315 2051 1413 2080; x_wconf 87' lang='lat' dir='ltr'><strong>eraut</strong></span> <span class='ocrx_word' id='word_1_449' title='bbox 1445 2047 1642 2088; x_wconf 88' lang='lat' dir='ltr'><strong>custodiae;</strong></span> <span class='ocrx_word' id='word_1_450' title='bbox 1676 2046 1762 2080; x_wconf 91' lang='lat' dir='ltr'><strong>socii</strong></span> 
     </span>
     <span class='ocr_line' id='line_1_70' title="bbox 953 2092 1761 2135; baseline 0 -10"><span class='ocrx_word' id='word_1_451' title='bbox 953 2104 1058 2135; x_wconf 84' lang='lat' dir='ltr'><strong>vero,</strong></span> <span class='ocrx_word' id='word_1_452' title='bbox 1085 2092 1173 2126; x_wconf 88' lang='lat' dir='ltr'><strong>omni</strong></span> <span class='ocrx_word' id='word_1_453' title='bbox 1199 2104 1282 2126; x_wconf 88' lang='lat' dir='ltr'><strong>cura</strong></span> <span class='ocrx_word' id='word_1_454' title='bbox 1299 2093 1491 2126; x_wconf 82' lang='lat' dir='ltr'><strong>excubandi</strong></span> <span class='ocrx_word' id='word_1_455' title='bbox 1510 2093 1654 2133; x_wconf 84' lang='lat' dir='ltr'><strong>omissa,</strong></span> <span class='ocrx_word' id='word_1_456' title='bbox 1679 2092 1761 2126; x_wconf 88' lang='lat' dir='ltr'><strong>dor-</strong></span> 
     </span>
     <span class='ocr_line' id='line_1_71' title="bbox 954 2135 1761 2174; baseline 0 -2"><span class='ocrx_word' id='word_1_457' title='bbox 954 2139 1117 2172; x_wconf 85' lang='lat' dir='ltr'><strong>miebant.</strong></span> <span class='ocrx_word' id='word_1_458' title='bbox 1142 2158 1187 2163; x_wconf 97' lang='lat'>—</span> <span class='ocrx_word' id='word_1_459' title='bbox 1213 2138 1256 2172; x_wconf 80' lang='grc' dir='ltr'><em>οὶ</em></span> <span class='ocrx_word' id='word_1_460' title='bbox 1283 2137 1342 2173; x_wconf 82' lang='grc' dir='ltr'><em>δέ.</em></span> <span class='ocrx_word' id='word_1_461' title='bbox 1373 2144 1488 2172; x_wconf 89' lang='lat' dir='ltr'><strong>notum</strong></span> <span class='ocrx_word' id='word_1_462' title='bbox 1513 2136 1552 2174; x_wconf 74' lang='grc' dir='ltr'><em>δὲ</em></span> <span class='ocrx_word' id='word_1_463' title='bbox 1578 2135 1761 2174; x_wconf 81' lang='grc' dir='ltr'><em>ἆποδοτι-</em></span> 
     </span>
     <span class='ocr_line' id='line_1_72' title="bbox 953 2183 1761 2229; baseline 0.002 -11"><span class='ocrx_word' id='word_1_464' title='bbox 953 2184 1040 2224; x_wconf 85' lang='grc' dir='ltr'><em>κόν,</em></span> <span class='ocrx_word' id='word_1_465' title='bbox 1067 2185 1200 2218; x_wconf 88' lang='lat' dir='ltr'><strong>minime</strong></span> <span class='ocrx_word' id='word_1_466' title='bbox 1225 2184 1430 2218; x_wconf 77' lang='lat' dir='ltr'><strong>mutandum.</strong></span> <span class='ocrx_word' id='word_1_467' title='bbox 1465 2204 1509 2209; x_wconf 89' lang='lat'>—</span> <span class='ocrx_word' id='word_1_468' title='bbox 1542 2183 1696 2229; x_wconf 76' lang='grc' dir='ltr'><em>ἐγρηγ.</em></span> <span class='ocrx_word' id='word_1_469' title='bbox 1727 2186 1761 2221; x_wconf 85' lang='grc'><em>11.</em></span> 
     </span>
     <span class='ocr_line' id='line_1_73' title="bbox 954 2229 1762 2275; baseline -0.001 -10"><span class='ocrx_word' id='word_1_470' title='bbox 954 2243 984 2264; x_wconf 85' lang='lat' dir='ltr'><strong>e.</strong></span> <span class='ocrx_word' id='word_1_471' title='bbox 1010 2229 1237 2275; x_wconf 80' lang='grc' dir='ltr'><em>ἐγρηγόρασι.</em></span> <span class='ocrx_word' id='word_1_472' title='bbox 1273 2231 1382 2264; x_wconf 82' lang='lat' dir='ltr'><strong>forma</strong></span> <span class='ocrx_word' id='word_1_473' title='bbox 1410 2230 1585 2264; x_wconf 84' lang='lat' dir='ltr'><strong>difficilior</strong></span> <span class='ocrx_word' id='word_1_474' title='bbox 1609 2231 1762 2275; x_wconf 84' lang='lat' dir='ltr'><strong>explica-</strong></span> 
     </span>
     <span class='ocr_line' id='line_1_74' title="bbox 954 2276 1760 2334; baseline 0 -24"><span class='ocrx_word' id='word_1_475' title='bbox 954 2281 1016 2310; x_wconf 84' lang='lat' dir='ltr'><em>tu·</em></span> <span class='ocrx_word' id='word_1_476' title='bbox 1044 2288 1078 2309; x_wconf 88' lang='lat' dir='ltr'>v.</span> <span class='ocrx_word' id='word_1_477' title='bbox 1101 2277 1169 2310; x_wconf 74' lang='lat' dir='ltr'><em>Th.</em></span> <span class='ocrx_word' id='word_1_478' title='bbox 1197 2288 1229 2321; x_wconf 89' lang='lat' dir='ltr'>p.</span> <span class='ocrx_word' id='word_1_479' title='bbox 1251 2278 1332 2311; x_wconf 91' lang='grc'><em>297.</em></span> <span class='ocrx_word' id='word_1_480' title='bbox 1367 2295 1411 2300; x_wconf 89' lang='grc'><strong>-</strong></span> <span class='ocrx_word' id='word_1_481' title='bbox 1442 2276 1760 2334; x_wconf 78' lang='grc' dir='ltr'><em>πολύκλητοι,</em></span> 
     </span>
     <span class='ocr_line' id='line_1_75' title="bbox 954 2320 1762 2368; baseline 0.002 -12"><span class='ocrx_word' id='word_1_482' title='bbox 954 2323 1105 2367; x_wconf 80' lang='lat' dir='ltr'><strong>undique</strong></span> <span class='ocrx_word' id='word_1_483' title='bbox 1132 2323 1317 2356; x_wconf 81' lang='lat' dir='ltr'><strong>convocati.</strong></span> <span class='ocrx_word' id='word_1_484' title='bbox 1351 2320 1397 2368; x_wconf 90' lang='grc' dir='ltr'><em>β,</em></span> <span class='ocrx_word' id='word_1_485' title='bbox 1432 2325 1528 2359; x_wconf 85' lang='lat'>130.:</span> <span class='ocrx_word' id='word_1_486' title='bbox 1565 2321 1645 2359; x_wconf 72' lang='grc' dir='ltr'><em>ἀλλ’</em></span> <span class='ocrx_word' id='word_1_487' title='bbox 1679 2321 1762 2358; x_wconf 78' lang='grc' dir='ltr'><em>ἐπί-</em></span> 
     </span>
     <span class='ocr_line' id='line_1_76' title="bbox 955 2367 1765 2414; baseline 0.001 -11"><span class='ocrx_word' id='word_1_488' title='bbox 955 2382 1087 2412; x_wconf 81' lang='grc' dir='ltr'><em>κουροι</em></span> <span class='ocrx_word' id='word_1_489' title='bbox 1118 2368 1291 2404; x_wconf 86' lang='grc' dir='ltr'><em>Πολλέων</em></span> <span class='ocrx_word' id='word_1_490' title='bbox 1322 2367 1361 2403; x_wconf 76' lang='grc' dir='ltr'><em>ἐκ</em></span> <span class='ocrx_word' id='word_1_491' title='bbox 1390 2370 1530 2404; x_wconf 84' lang='grc' dir='ltr'><em>πολίων</em></span> <span class='ocrx_word' id='word_1_492' title='bbox 1553 2367 1765 2414; x_wconf 76' lang='grc' dir='ltr'><em>ἐγχέσπαλοι</em></span> 
     </span>
     <span class='ocr_line' id='line_1_77' title="bbox 957 2413 1764 2459; baseline 0.003 -9"><span class='ocrx_word' id='word_1_493' title='bbox 957 2413 1088 2459; x_wconf 83' lang='grc' dir='ltr'><em>ανδρες</em></span> <span class='ocrx_word' id='word_1_494' title='bbox 1108 2414 1219 2450; x_wconf 70' lang='grc' dir='ltr'><em>ἴασιν.</em></span> <span class='ocrx_word' id='word_1_495' title='bbox 1243 2415 1376 2448; x_wconf 85' lang='lat' dir='ltr'><strong>notavit</strong></span> <span class='ocrx_word' id='word_1_496' title='bbox 1395 2416 1437 2449; x_wconf 84' lang='lat' dir='ltr'>E.</span> <span class='ocrx_word' id='word_1_497' title='bbox 1467 2435 1506 2440; x_wconf 86' lang='lat'><em>-—</em></span> <span class='ocrx_word' id='word_1_498' title='bbox 1531 2417 1633 2450; x_wconf 90' lang='lat' dir='ltr'><strong>Sch.·</strong></span> <span class='ocrx_word' id='word_1_499' title='bbox 1659 2413 1764 2452; x_wconf 79' lang='grc' dir='ltr'><em>ἐπι·</em></span> 
     </span>
     <span class='ocr_line' id='line_1_78' title="bbox 956 2460 1764 2518; baseline 0.001 -22"><span class='ocrx_word' id='word_1_500' title='bbox 956 2474 1089 2518; x_wconf 86' lang='grc' dir='ltr'><em>τραπ.</em></span> <span class='ocrx_word' id='word_1_501' title='bbox 1123 2460 1405 2505; x_wconf 78' lang='grc' dir='ltr'><em>ἐπιτρέπουσιν,</em></span> <span class='ocrx_word' id='word_1_502' title='bbox 1428 2461 1694 2506; x_wconf 79' lang='grc' dir='ltr'><em>ἐγχειρίζουσιν.</em></span> <span class='ocrx_word' id='word_1_503' title='bbox 1717 2481 1764 2486; x_wconf 91' lang='grc'><strong>-</strong></span> 
     </span>
     <span class='ocr_line' id='line_1_79' title="bbox 958 2506 1763 2552; baseline -0.001 -9"><span class='ocrx_word' id='word_1_504' title='bbox 958 2506 1012 2543; x_wconf 90' lang='grc' dir='ltr'><em>ου’</em></span> <span class='ocrx_word' id='word_1_505' title='bbox 1048 2521 1135 2552; x_wconf 81' lang='grc' dir='ltr'><em>γαρ</em></span> <span class='ocrx_word' id='word_1_506' title='bbox 1171 2519 1286 2552; x_wconf 84' lang='grc' dir='ltr'><em>σφιν</em></span> <span class='ocrx_word' id='word_1_507' title='bbox 1311 2527 1354 2531; x_wconf 93' lang='grc'>-</span> <span class='ocrx_word' id='word_1_508' title='bbox 1379 2512 1626 2552; x_wconf 83' lang='grc' dir='ltr'><em>γυναῖκες.</em></span> <span class='ocrx_word' id='word_1_509' title='bbox 1673 2520 1763 2552; x_wconf 86' lang='lat' dir='ltr'><strong>quae</strong></span> 
     </span>
     <span class='ocr_line' id='line_1_80' title="bbox 956 2553 1763 2590; baseline 0.002 -2"><span class='ocrx_word' id='word_1_510' title='bbox 956 2553 1132 2588; x_wconf 84' lang='lat' dir='ltr'><strong>carissima</strong></span> <span class='ocrx_word' id='word_1_511' title='bbox 1156 2565 1231 2588; x_wconf 87' lang='lat' dir='ltr'><strong>esse</strong></span> <span class='ocrx_word' id='word_1_512' title='bbox 1265 2553 1376 2587; x_wconf 88' lang='lat' dir='ltr'><strong>solent</strong></span> <span class='ocrx_word' id='word_1_513' title='bbox 1407 2554 1608 2589; x_wconf 85' lang='lat' dir='ltr'><strong>hominibus.</strong></span> <span class='ocrx_word' id='word_1_514' title='bbox 1657 2555 1763 2590; x_wconf 86' lang='grc' dir='ltr'><em>εια-</em></span> 
     </span>
     <span class='ocr_line' id='line_1_81' title="bbox 957 2595 1474 2644; baseline 0 -9"><span class='ocrx_word' id='word_1_515' title='bbox 957 2614 1045 2635; x_wconf 85' lang='grc' dir='ltr'><em>ται.</em></span> <span class='ocrx_word' id='word_1_516' title='bbox 1081 2599 1207 2642; x_wconf 85' lang='grc' dir='ltr'><em>ε’,αται</em></span> <span class='ocrx_word' id='word_1_517' title='bbox 1232 2595 1364 2644; x_wconf 79' lang='grc' dir='ltr'><em>ἧνται,</em></span> <span class='ocrx_word' id='word_1_518' title='bbox 1391 2601 1474 2635; x_wconf 87' lang='grc' dir='ltr'><em>εἰσί.</em></span> 
     </span>
    </p>
   </div>
   <div class='ocr_carea' id='block_1_15' title="bbox 955 2656 1764 3025">
    <p class='ocr_par' dir='ltr' id='par_1_18' title="bbox 955 2656 1764 3025">
     <span class='ocr_line' id='line_1_82' title="bbox 1003 2656 1764 2697; baseline 0.001 -6"><span class='ocrx_word' id='word_1_519' title='bbox 1003 2656 1092 2697; x_wconf 87' lang='grc'>424,</span> <span class='ocrx_word' id='word_1_520' title='bbox 1116 2657 1149 2691; x_wconf 89' lang='grc'><em>5.</em></span> <span class='ocrx_word' id='word_1_521' title='bbox 1199 2656 1249 2690; x_wconf 88' lang='lat' dir='ltr'><em>ita</em></span> <span class='ocrx_word' id='word_1_522' title='bbox 1265 2656 1479 2690; x_wconf 86' lang='lat' dir='ltr'><strong>scribendum</strong></span> <span class='ocrx_word' id='word_1_523' title='bbox 1499 2668 1574 2691; x_wconf 86' lang='lat' dir='ltr'><strong>esse</strong></span> <span class='ocrx_word' id='word_1_524' title='bbox 1591 2657 1764 2692; x_wconf 80' lang='lat' dir='ltr'><strong>intellexit</strong></span> 
     </span>
     <span class='ocr_line' id='line_1_83' title="bbox 957 2682 1762 2748; baseline 0.005 -13"><span class='ocrx_word' id='word_1_525' title='bbox 957 2702 1004 2735; x_wconf 90' lang='lat' dir='ltr'><em>H.</em></span> <span class='ocrx_word' id='word_1_526' title='bbox 1036 2682 1162 2747; x_wconf 77' lang='lat' dir='ltr'><strong>vulgo:</strong></span> <span class='ocrx_word' id='word_1_527' title='bbox 1187 2715 1265 2741; x_wconf 86' lang='grc' dir='ltr'><em>πως</em></span> <span class='ocrx_word' id='word_1_528' title='bbox 1284 2716 1353 2746; x_wconf 80' lang='grc' dir='ltr'><em>γαρ</em></span> <span class='ocrx_word' id='word_1_529' title='bbox 1372 2716 1450 2744; x_wconf 88' lang='grc' dir='ltr'><em>νυν,</em></span> <span class='ocrx_word' id='word_1_530' title='bbox 1467 2703 1563 2748; x_wconf 88' lang='lat' dir='ltr'><strong>lapsu</strong></span> <span class='ocrx_word' id='word_1_531' title='bbox 1580 2704 1762 2748; x_wconf 78' lang='lat' dir='ltr'><strong>frequente</strong></span> 
     </span>
     <span class='ocr_line' id='line_1_84' title="bbox 957 2748 1762 2795; baseline 0.004 -14"><span class='ocrx_word' id='word_1_532' title='bbox 957 2748 1184 2782; x_wconf 86' lang='lat' dir='ltr'><strong>librariorum.</strong></span> <span class='ocrx_word' id='word_1_533' title='bbox 1231 2748 1375 2782; x_wconf 87' lang='lat' dir='ltr'><strong>alterius</strong></span> <span class='ocrx_word' id='word_1_534' title='bbox 1397 2750 1592 2793; x_wconf 86' lang='lat' dir='ltr'><strong>scripturae</strong></span> <span class='ocrx_word' id='word_1_535' title='bbox 1609 2749 1762 2795; x_wconf 83' lang='lat' dir='ltr'><strong>explica-</strong></span> 
     </span>
     <span class='ocr_line' id='line_1_85' title="bbox 957 2793 1760 2840; baseline 0.003 -13"><span class='ocrx_word' id='word_1_536' title='bbox 957 2793 1006 2827; x_wconf 90' lang='lat' dir='ltr'><em>tio</em></span> <span class='ocrx_word' id='word_1_537' title='bbox 1032 2799 1084 2828; x_wconf 86' lang='lat' dir='ltr'><em>est</em></span> <span class='ocrx_word' id='word_1_538' title='bbox 1106 2796 1187 2834; x_wconf 76' lang='grc' dir='ltr'><em>πῶς</em></span> <span class='ocrx_word' id='word_1_539' title='bbox 1209 2794 1280 2839; x_wconf 81' lang='grc' dir='ltr'><em>γοὶρ</em></span> <span class='ocrx_word' id='word_1_540' title='bbox 1306 2794 1374 2838; x_wconf 84' lang='grc' dir='ltr'><em>δὴ,</em></span> <span class='ocrx_word' id='word_1_541' title='bbox 1399 2796 1492 2840; x_wconf 92' lang='lat' dir='ltr'><strong>quod</strong></span> <span class='ocrx_word' id='word_1_542' title='bbox 1511 2795 1638 2829; x_wconf 87' lang='lat' dir='ltr'><strong>habent</strong></span> <span class='ocrx_word' id='word_1_543' title='bbox 1658 2796 1760 2831; x_wconf 87' lang='lat' dir='ltr'><strong>Harl.</strong></span> 
     </span>
     <span class='ocr_line' id='line_1_86' title="bbox 957 2840 1761 2887; baseline 0.003 -14"><span class='ocrx_word' id='word_1_544' title='bbox 957 2844 993 2873; x_wconf 87' lang='lat' dir='ltr'><em>et</em></span> <span class='ocrx_word' id='word_1_545' title='bbox 1013 2841 1097 2873; x_wconf 89' lang='lat' dir='ltr'><strong>Ven.</strong></span> <span class='ocrx_word' id='word_1_546' title='bbox 1122 2847 1201 2874; x_wconf 86' lang='lat' dir='ltr'><strong>sunt</strong></span> <span class='ocrx_word' id='word_1_547' title='bbox 1219 2841 1304 2875; x_wconf 87' lang='lat' dir='ltr'><strong>haec</strong></span> <span class='ocrx_word' id='word_1_548' title='bbox 1325 2840 1418 2874; x_wconf 85' lang='lat' dir='ltr'><strong>dicta</strong></span> <span class='ocrx_word' id='word_1_549' title='bbox 1443 2853 1506 2887; x_wconf 88' lang='lat' dir='ltr'><em>per</em></span> <span class='ocrx_word' id='word_1_550' title='bbox 1528 2842 1761 2886; x_wconf 86' lang='lat' dir='ltr'><strong>hyperbaton·</strong></span> 
     </span>
     <span class='ocr_line' id='line_1_87' title="bbox 955 2884 1761 2931; baseline 0.004 -12"><span class='ocrx_word' id='word_1_551' title='bbox 955 2886 1034 2925; x_wconf 77' lang='grc' dir='ltr'><em>πῶς</em></span> <span class='ocrx_word' id='word_1_552' title='bbox 1057 2899 1125 2930; x_wconf 85' lang='grc' dir='ltr'><em>γαρ</em></span> <span class='ocrx_word' id='word_1_553' title='bbox 1156 2899 1224 2921; x_wconf 87' lang='grc' dir='ltr'><em>νυν</em></span> <span class='ocrx_word' id='word_1_554' title='bbox 1257 2884 1432 2928; x_wconf 74' lang='grc' dir='ltr'><em>εὕδουσι,</em></span> <span class='ocrx_word' id='word_1_555' title='bbox 1470 2891 1534 2931; x_wconf 90' lang='grc' dir='ltr'><em>Τρ.</em></span> <span class='ocrx_word' id='word_1_556' title='bbox 1558 2900 1640 2931; x_wconf 86' lang='grc' dir='ltr'><em>μεμ.</em></span> <span class='ocrx_word' id='word_1_557' title='bbox 1666 2887 1761 2929; x_wconf 57' lang='lat' dir='ltr'><strong>ima,</strong></span> 
     </span>
     <span class='ocr_line' id='line_1_88' title="bbox 957 2927 1758 2975; baseline 0.003 -9"><span class='ocrx_word' id='word_1_558' title='bbox 957 2927 982 2975; x_wconf 76' lang='grc' dir='ltr'><em>ἢ</em></span> <span class='ocrx_word' id='word_1_559' title='bbox 1010 2944 1074 2966; x_wconf 90' lang='grc' dir='ltr'><em>απ.</em></span> <span class='ocrx_word' id='word_1_560' title='bbox 1124 2951 1168 2958; x_wconf 89' lang='lat'><em>——</em></span> <span class='ocrx_word' id='word_1_561' title='bbox 1193 2934 1357 2973; x_wconf 83' lang='grc' dir='ltr'><em>δαείω,</em></span> <span class='ocrx_word' id='word_1_562' title='bbox 1381 2931 1498 2974; x_wconf 82' lang='grc' dir='ltr'><em>δαέω,</em></span> <span class='ocrx_word' id='word_1_563' title='bbox 1525 2934 1615 2968; x_wconf 78' lang='grc' dir='ltr'><em>δααῖ.</em></span> <span class='ocrx_word' id='word_1_564' title='bbox 1656 2934 1758 2968; x_wconf 80' lang='lat' dir='ltr'><strong>sch.-</strong></span> 
     </span>
     <span class='ocr_line' id='line_1_89' title="bbox 956 2977 1607 3025; baseline 0.002 -13"><span class='ocrx_word' id='word_1_565' title='bbox 956 2977 1083 3021; x_wconf 80' lang='grc' dir='ltr'><em>μάθω.</em></span> <span class='ocrx_word' id='word_1_566' title='bbox 1121 2979 1166 3012; x_wconf 80' lang='lat' dir='ltr'><em>cf.</em></span> <span class='ocrx_word' id='word_1_567' title='bbox 1189 2977 1234 3025; x_wconf 88' lang='grc' dir='ltr'><em>β’,</em></span> <span class='ocrx_word' id='word_1_568' title='bbox 1259 2981 1349 3021; x_wconf 88' lang='grc'><em>299,</em></span> <span class='ocrx_word' id='word_1_569' title='bbox 1373 2978 1423 3023; x_wconf 87' lang='grc' dir='ltr'><em>π’,</em></span> <span class='ocrx_word' id='word_1_570' title='bbox 1449 2979 1517 3015; x_wconf 88' lang='grc'>423</span> <span class='ocrx_word' id='word_1_571' title='bbox 1540 2982 1607 3014; x_wconf 86' lang='lat' dir='ltr'><strong>etc.</strong></span> 
     </span>
    </p>
   </div>
   <div class='ocr_carea' id='block_1_16' title="bbox 1765 1045 1811 3075">
    <p class='ocr_par' dir='ltr' id='par_1_19' title="bbox 1765 1045 1811 3075">
     <span class='ocr_line' id='line_1_90' title="bbox 1765 1045 1811 3075; baseline 0 0"><span class='ocrx_word' id='word_1_572' title='bbox 1765 1045 1811 3075; x_wconf 95' lang='lat' dir='ltr'><em> </em></span> 
     </span>
    </p>
   </div>
   <div class='ocr_carea' id='block_1_17' title="bbox 1776 2964 1811 3269">
    <p class='ocr_par' dir='ltr' id='par_1_20' title="bbox 1776 2964 1811 3269">
     <span class='ocr_line' id='line_1_91' title="bbox 1776 2964 1811 3269; baseline 0 -194"><span class='ocrx_word' id='word_1_573' title='bbox 1776 2964 1811 3269; x_wconf 95' lang='lat' dir='ltr'><em>    </em></span> 
     </span>
    </p>
   </div>
   <div class='ocr_carea' id='block_1_18' title="bbox 1777 2970 1782 3073">
    <p class='ocr_par' dir='ltr' id='par_1_21' title="bbox 1777 2970 1782 3073">
     <span class='ocr_line' id='line_1_92' title="bbox 1777 2970 1782 3023; baseline 0 0"><span class='ocrx_word' id='word_1_574' title='bbox 1777 2970 1782 3023; x_wconf 59' lang='grc' dir='ltr'><em>θ’</em></span> 
     </span>
     <span class='ocr_line' id='line_1_93' title="bbox 1777 3027 1781 3073; baseline 0 0"><span class='ocrx_word' id='word_1_575' title='bbox 1777 3027 1781 3073; x_wconf 66' lang='grc'><em>1</em></span> 
     </span>
    </p>
   </div>
  </div>
 </body>
</html>
