1811 3269
584 155 1024 197 ΙΛΙΛΔΟΣ
1083 155 1130 194 Β.

1621 151 1684 192 93

79 276 160 320 125
196 273 351 327 Τρῶας
379 268 459 323 μὲν
487 266 718 319 λέξασθαι,
747 264 940 321 ἐφέστιοι
969 264 1098 309 ὅσσοι
1127 263 1260 313 ἔασιν,

191 328 315 396 ἡμεῖς
344 325 387 369 δ’
417 325 460 376 ές
489 322 675 373 δεκάδας
705 324 1072 378 διακοσμηθεῖμεν
1095 319 1279 390 Ἀχαιοὶ,

193 384 358 437 Τρώων
388 380 435 424 δ’
467 381 610 433 ἄνδρα
637 379 812 423 ἕκαστοι
843 379 1067 448 ἑλοίμεθα
1081 376 1357 434 οἰνοχοεύειν,

190 441 347 484 πολλαί
375 453 450 481 κεν
479 435 656 487 δεκάδες
686 437 887 480 δευοίατο
918 433 1161 507 οἰνοχόοιο

189 496 350 540 τόσσον
379 492 462 551 ἐγώ
493 510 607 566 φημι
636 493 767 544 πλέας
799 492 980 562 ἔμμεναι
1010 495 1111 541 υῑας
1139 490 1322 546 Ἀχαιῶν

80 560 160 600 130
196 551 383 607 Τρωων,
417 553 460 593 οι
490 553 669 593 ναίουσι
698 548 808 593 κατοὶ
837 549 1003 593 πτόλιν.

1064 546 1156 590 ἀλλ’
1190 549 1423 603 ἐπίκουροι

188 609 386 653 πολλέων
416 607 463 651 ἐκ
491 608 659 650 πολίων
690 605 942 676 ἐγχέσπαλοι
976 604 1132 656 ἄνδρες
1163 604 1298 652 ἔασιν,

191 668 238 710 οι’
263 682 313 721 με
340 664 449 735 μέγα
477 664 712 717 πλάζουσι,
742 663 816 706 καὶ
847 680 931 707 ουκ
961 662 1081 706 εἷῶσ’
1112 660 1320 704 ἐθέλοντα

183 721 312 765 Ἰλίου
342 721 546 774 ἐκπέρσαι
576 718 866 775 ευναιόμενον
895 721 1174 772 πτολίεθρον.

188 779 317 823 ἐννέα
348 778 401 833 δὴ
431 776 613 847 βεβαασι
642 776 754 827 Διὸς
783 775 975 832 μεγάλου
1005 774 1214 843 ἐνιαυτοὶ,

78 841 158 883 135
189 837 261 879 καὶ
294 834 346 891 δή
378 838 520 888 δοῦρα
537 833 707 903 σέσηπε
737 838 875 886 νεῶν,
904 834 979 877 καὶ
1010 834 1181 885 σπάρτα
1213 828 1435 873 λέλυνται

191 895 237 936 αἱ
267 892 313 935 65
343 907 432 934 που
465 889 669 960 ἡμέτεραί
698 888 736 932 τ’
771 890 923 946 ἄλοχοι
952 891 1026 934 καὶ
1032 889 1192 957 νήπια
1221 886 1352 930 τέκνα

189 947 296 993 ει”ατ
328 947 393 991 ένὶ
423 946 631 1004 μεγάροις
658 947 982 1003 ποτιδέγμεναι·
1015 963 1124 1002 αμμι
1155 945 1202 989 δὲ
1232 943 1362 999 ἔργον

18 1076 116 1111 tione
138 1074 238 1109 verbi
263 1070 374 1119 ὅρκος
407 1073 517 1118 (unde
542 1069 709 1117 όρκιον),
735 1070 830 1116 quod

20 1121 160 1168 proprie
183 1120 358 1165 significat
387 1132 482 1161 retu,
514 1131 633 1167 perq
611 1130 711 1164 quam
731 1118 830 1162 jura-

20 1174 97 1211 tur,
131 1179 164 1201 v.
192 1168 296 1201 801111.
328 1171 365 1201 et
395 1164 827 1205 Buttm.1.exit.11‚73

20 1215 67 1249 cf.
91 1214 159 1249 755
187 1214 272 1257 etc.)
323 1211 388 1257 α’ρ.
414 1211 689 1268 ἀριθμηθῆναι.
714 1211 797 1245 Sch.

69 1260 147 1296 125.
195 1258 279 1301 λέξ.
305 1261 517 1304 συλλεγῆναι
532 1258 595 1294 καὶ
617 1256 785 1314 ἀθροισθ
789 1255 830 1312 ῆ-

21 1319 86 1342 ναι
105 1305 143 1342 ἐν
162 1307 213 1352 τῷ
231 1304 346 1362 αὐτῷ.
394 1305 634 1360 ἐφέστιοι.
667 1303 749 1340 ὅσοι
770 1298 828 1345 ἐφ’

22 1353 164 1394 εστιάς,
186 1343 376 1387 τουτέστιν
405 1354 545 1395 οἰκίας,
581 1349 721 1386 αὐτόθι
743 1351 828 1384 δια-

21 1400 176 1445 μένουσι
207 1398 431 1443 (Auscissige.
489 1397 528 1433 οἳ
556 1399 705 1433 ναίουσι
733 1392 829 1430 κατὰ

21 1446 154 1482 πτόλιν
172 1444 261 1479 dixit
278 1446 356 1481 130.
390 1445 492 1478 Sch.:
515 1443 668 1480 ἔποικοι.
693 1440 716 1478 ὅ
733 1441 830 1478 ἐστιν

22 1491 275 1536 αὐτόχθονες,
299 1491 480 1534 πολῖται.)
504 1491 534 1523 Ε
555 1490 671 1524 Schol.
694 1491 732 1522 A.

72 1541 148 1576 126.
197 1538 321 1573 διακ.
349 1538 703 1593 διακοσμηθείημεν.
728 1534 830 1567 Sch··

23 1585 325 1641 διαταχθείημεν.
381 1583 434 1616 E:
472 1595 568 1617 κατα
601 1580 760 1620 δεκάδας
790 1580 830 1614 δὲ

25 1633 163 1676 διαιρεῖ
198 1630 288 1671 τούς
323 1628 553 1686 δαιτυμόνας
588 1625 608 1664 6
647 1625 830 1681 βασιλεύς,

26 1677 127 1721 ἐπεὶ,
152 1677 289 1721 φασὶν,
317 1675 408 1717 ἔθος
433 1670 478 1721 ἦν
504 1674 554 1720 μή
572 1674 731 1714 πλέονας
756 1674 832 1706 τῶν

26 1724 114 1760 δέκα
146 1725 368 1759 συνεσθίειν.
416 1722 556 1767 ἱστορεῖ
585 1734 678 1767 γουν
712 1719 775 1755 καὶ
811 1716 830 1754 6

26 1769 258 1828 σοφώτατος
261 1767 486 1828 Ἰάμβλιχος,
517 1769 564 1804 τοὶ
583 1764 832 1823 Πυθαγορικοὶ

27 1819 194 1854 συσσίτια
209 1815 260 1862 μὴ
282 1816 372 1861 ε’χειν
388 1819 515 1851 πλεῖον
538 1812 562 1860 ἢ
579 1815 667 1851 δέκα
681 1812 833 1857 ανθρώ-

25 1876 120 1905 πους
147 1862 504 1918 συνευωχουμένους.
561 1864 623 1896 sed
651 1860 831 1895 dicendum

26 1911 163 1957 potius,
196 1910 328 1944 varium
352 1921 415 1943 nec
438 1908 613 1943 definitum
637 1907 745 1942 fuisse
770 1918 832 1940 nu-

27 1968 155 1991 merum
189 1956 420 1990 convivarum.
467 1968 500 1989 v.
532 1955 647 1988 Feith.
679 1954 834 2044 119295,

26 2004 108 2037 Bos.
136 2003 273 2047 Antiqu.
305 2013 358 2046 gr.
384 2002 547 2046 descript.
572 2002 667 2034 brev.
719 1999 832 2034 ..237

27 2054 64 2083 et
86 2049 140 2091 H,
177 2049 232 2082 cui
257 2047 400 2082 alienum
424 2048 582 2089 videtur,
617 2048 707 2091 quod
732 2044 834 2079 etiam

26 2106 70 2129 ex
96 2093 291 2129 Aristotelis
324 2095 536 2148 Πολιτείαις
567 2092 734 2132 afferant,
765 2102 834 2125 non

26 2142 143 2186 plures
166 2152 267 2185 quam
292 2141 409 2174 decem
434 2139 611 2174 convivari
631 2138 752 2172 solitos
777 2148 834 2171 es-

27 2198 65 2222 se
88 2198 143 2232 ap.
169 2187 347 2228 Graecos,
379 2198 455 2220 cum
477 2187 514 2220 id
551 2189 683 2219 tantum
707 2188 835 2228 agatur

27 2233 128 2274 11.1.,
151 2238 190 2266 ut
214 2232 438 2266 multitudinis
461 2232 642 2277 utriusque
664 2231 833 2264 rationem

27 2258 265 2333 intelligamus.
312 2279 493 2313 manifesto
512 2279 634 2312 falsum
651 2282 715 2317 est,
741 2276 832 2322 quod

28 2325 125 2360 addit
153 2325 196 2366 Ε,
221 2321 280 2360 ὅτι
298 2326 581 2382 μεγαλοπρεπῶς
599 2324 661 2358 καὶ
683 2321 835 2363 αστείως

30 2369 51 2407 6
68 2370 238 2417 βασιλεύς
266 2371 306 2407 ἐν
338 2373 390 2417 τῷ
416 2369 510 2407 καθ’
539 2368 723 2406 ὑπόθεσιν
745 2368 835 2404 τού-

29 2430 80 2462 τφ
98 2419 288 2474 συμποσίῳ
307 2419 481 2453 δουλείαν
494 2421 574 2458 τοῖς
592 2416 735 2462 Τρωσὶν
747 2417 835 2451 οἰω-

28 2466 177 2506 wigstan.
223 2461 447 2510 ὑπηρετικὸν
468 2478 538 2510 γαρ
566 2463 609 2501 τό
639 2464 835 2508 οἰνοχοεῖν.

30 2509 81 2544 ita
110 2511 199 2544 enim
234 2517 356 2557 postea
390 2512 477 2554 fuit3
523 2512 615 2556 apud
648 2510 834 2543 Homerum

30 2561 142 2590 autem
164 2556 317 2601 κήρυκες
342 2569 478 2602 quoque
501 2562 536 2591 et
560 2559 682 2590 1101οὀ5
699 2557 763 2589 hoc
780 2555 834 2589 of-

30 2601 110 2636 ficio
133 2603 344 2648 funguntur,
367 2604 463 2638 velut
484 2603 528 2648 γ’,
554 2603 634 2638 245.
659 2613 772 2646 seqq.
797 2599 833 2643 ι’,

31 2649 130 2690 202,
165 2651 294 2693 Odyss.
320 2648 364 2693 o'‚
392 2650 469 2686 141.
503 2662 538 2685 v.
569 2650 604 2683 K
637 2654 674 2682 et
708 2648 835 2692 Kfipke

31 2694 115 2727 siber
132 2695 196 2729 das
212 2697 384 2741 Kriegsw.
407 2697 469 2730 der
491 2698 550 2730 Gr.
579 2707 614 2740 p.
636 2694 717 2729 256.
738 2704 835 2738 sequ.

81 2741 157 2775 127.
214 2743 300 2776 male
345 2741 476 2786 vulgati
523 2739 835 2776 111)1·1·ἓ’καστον.

33 2784 151 2821 801101.
173 2787 233 2821 L.
257 2785 277 2824 6
299 2786 418 2831 Ἰξίων
445 2785 510 2824 διὰ
528 2789 597 2823 τοῦ
619 2800 652 2829 ι,
675 2799 773 2827 τινες
793 2784 835 2821 δὲ

32 2829 98 2867 δια
117 2833 187 2868 τοῦ
212 2846 244 2868 ν.
280 2833 426 2869 ἕκαστοι
453 2834 629 2879 ἑλοίμεθα
660 2833 695 2869 οἱ
723 2832 763 2869 έν
789 2833 835 2879 τῇ

30 2876 171 2914 δεκάδι.
220 2878 336 2921 οὕτως
356 2879 477 2924 Ἰξίων.
502 2882 668 2972 pprobant
687 2877 729 2915 τὸ
752 2893 835 2914 εκα-

30 2935 110 2960 στοι
130 2926 232 2960 Voss.
256 2927 345 2961 Kric.
362 2929 418 2962 Bl.
447 2931 476 2963 1.
530 2927 641 2962 244.
667 2932 703 2960 et
726 2927 772 2960 U.

75 2973 154 3006 129.
201 2972 364 3016 πλέας,
400 2978 441 3008 ut
473 2940 579 3014 πλέες
605 2972 647 3016 λ,
673 2974 764 3029 395,
789 2972 833 3006 ab

27 3015 188 3057 inusitato
211 3020 304 3065 πλῆς
325 3020 401 3054 sive
423 3019 544 3066 πλέης.
592 3020 644 3054 Ε;
670 3016 742 3065 ὅρα
762 3018 832 3063 τήν

876 1071 1066 1119 συγκοπήν
1088 1072 1142 1116 (¹3)
1166 1071 1237 1106 τοῦ
1251 1069 1334 1106 πλέ
1346 1081 1398 1110 ας
1419 1063 1494 1103 οἷπό
1517 1079 1584 1101 του
1603 1064 1687 1100 πλέ-

877 1134 978 1162 ονας,
998 1121 1064 1155 καί
1082 1118 1180 1154 ἐστιν
1199 1115 1314 1160 ὁμοία
1334 1117 1388 1162 τῷ
1406 1114 1511 1160 χέρηϊ
1527 1114 1589 1148 καὶ
1607 1115 1688 1152 τοῖς

875 1165 1074 1206 τοιούτοις.
1122 1169 1159 1199 et
1182 1164 1286 1205 πλέες
1309 1169 1346 1197 et
1362 1151 1481 1202 πλέας
1508 1165 1562 1195 est
1586 1158 1687 1202 ἅπαξ

875 1212 1082 1270 λεγόμενον.

926 1262 1002 1296 130.
1052 1257 1321 1299 ἐπίκουροι.
1347 1253 1466 1300 (quasi
1489 1252 1582 1287 dicas
1601 1252 1687 1285 Bei-

876 1309 1040 1349 ma‘nuer,
1067 1305 1354 1343 Nebenmcimzer,
1384 1301 1445 1347 qui
1469 1300 1546 1334 aliis
1569 1298 1638 1354 opi
1628 1302 1686 1331 tu—

876 1354 981 1387 latum
1003 1350 1174 1393 veniunt.)
1201 1349 1237 1384 οι
1258 1348 1315 1384 ἐπὶ
1335 1346 1440 1393 ξένης
1455 1359 1577 1391 χωρας
1594 1343 1685 1387 σύμ-

875 1412 987 1444 μαχοι
1009 1411 1084 1433 των
1105 1395 1410 1441 πολεμουμένων,
1443 1393 1506 1428 καὶ
1535 1393 1635 1439 βοηθ
1607 1391 1685 1426 θοί

877 1446 958 1480 8011.

926 1492 1003 1526 131.
1050 1486 1139 1533 ε’γχ.
1165 1486 1202 1522 οἱ
1219 1501 1265 1522 τα
1289 1485 1372 1533 ἔγχη
1390 1484 1600 1526 πάλλοντες,
1623 1483 1686 1519 καὶ

876 1539 1068 1576 κινοῦντες
1087 1548 1132 1569 τα
1155 1533 1308 1590 δόρατα,
1332 1534 1534 1577 πολεμικοι.
1568 1532 1687 1567 ἔσειον

879 1582 919 1619 δε
938 1580 1035 1618 αυτοὶ
1054 1578 1126 1624 πρὸ
1147 1583 1214 1624 τῆς
1235 1578 1420 1625 ἀφέσεως,
1441 1581 1496 1624 (3)
1521 1577 1573 1624 μή
1598 1589 1687 1613 ποτε

879 1628 951 1675 ἄρα
972 1628 1044 1664 εἷεν
1064 1628 1281 1663 κλασθεντα.
1307 1627 1387 1660 8011.

926 1678 1003 1712 132.
1050 1672 1178 1716 πλάξ.
1212 1671 1456 1708 ἆποπλανῶσι
1491 1673 1560 1707 τοῦ
1604 1681 1688 1706 σκο-

877 1724 965 1760 ποῦ.
990 1722 1034 1756 Ε.
1060 1722 1162 1756 εἰῶσι
1186 1731 1220 1764 p.
1245 1718 1376 1761 ἑοῖσιν,
1400 1718 1529 1753 Ionice.

926 1768 1005 1806 134.
1054 1770 1101 1814 βε
1087 1768 1148 1814 ε.β
1184 1745 1579 1809 (1113113.ἑ.183,7.)
1612 1777 1688 1800 πα-

879 1814 1125 1875 ραβεβήκασι,
1150 1811 1439 1872 παρεληλύθασι..
1467 1812 1550 1846 Sch.
1594 1811 1688 1852 Διὸς

879 1862 919 1900 65
952 1861 1113 1907 μεγάλου
1147 1859 1314 1895 ἐνιαυτοὶ
1352 1857 1435 1894 α’ντὶ
1472 1859 1542 1893 τοῦ
1565 1854 1687 1903 ἡλίου,

878 1910 992 1965 inquit
1014 1909 1066 1943 Ε.
1095 1907 1228 1952 μέτρον
1244 1920 1315 1952 γαρ
1340 1904 1518 1949 κινήσεως
1535 1903 1689 1950 ἡλιακῆς

879 1957 899 1993 6
928 1955 1060 2002 χρόνος
1084 1955 1193 1991 ἐστίν.
1250 1955 1312 1987 sed
1346 1963 1456 1986 annus
1488 1952 1587 1986 Jovis
1611 1963 1689 1986 esse

878 2004 1025 2043 dicitur,
1062 2007 1100 2035 ut
1133 2000 1208 2034 dies
1241 2005 1278 2034 et
1300 2010 1368 2033 nox
1394 1998 1522 2044 Odyss.
1548 1998 1590 2042 ξ’,
1615 1999 1688 2039 93.,

881 2047 1161 2101 quemadmodum
1198 2050 1233 2080 et
1267 2045 1413 2090 quaevis
1447 2056 1571 2089 magna
1595 2044 1688 2079 diffi-

879 2096 1032 2140 ciliaque
1056 2093 1229 2139 explicatu
1254 2092 1372 2126 divina
1396 2099 1576 2125 vocantur.

928 2143 1006 2178 135.
1055 2140 1221 2182 δοῦρα.
1252 2137 1415 2193 δόρατα,
1448 2136 1551 2180 ξύλα.
1598 2136 1687 2173 σέσ.

880 2188 1123 2232 διασέσηπται
1159 2185 1198 2222 ἐκ
1225 2198 1293 2221 του
1326 2183 1477 2229 χρόνον.
1530 2183 1689 2229 σπάρ-

878 2248 945 2271 τα.
992 2234 1163 2276 σπαρτία,
1188 2232 1344 2276 σχοινία.
1393 2230 1477 2266 λέλ.
1499 2231 1689 2267 διαλέλυν-

879 2296 961 2324 ται,
1013 2279 1175 2315 σαπέντα
1222 2277 1377 2323 δηλαδή.
1420 2278 1502 2312 Sch.
1566 2282 1690 2312 notant

880 2327 1114 2373 grammatici,
1147 2325 1268 2360 eodem
1294 2335 1399 2358 versu
1432 2324 1576 2358 alterum
1610 2325 1690 2370 plu-

879 2376 954 2409 rale
978 2378 1132 2407 neutrum
1157 2383 1230 2405 cum
1250 2370 1428 2416 singulari,
1448 2370 1594 2404 alterum
1614 2382 1688 2405 cum

880 2420 1008 2466 plurali
1032 2419 1138 2453 verbo
1159 2419 1313 2462 junctum
1338 2427 1425 2451 esse.
1473 2418 1601 2451 Sextus
1626 2428 1689 2451 au-

881 2473 950 2500 tem
983 2465 1116 2510 Empir.
1142 2464 1221 2497 adv.
1261 2474 1401 2508 gramm.
1428 2474 1460 2507 p.
1487 2465 1569 2499 260.
1604 2463 1689 2497 ridi-

881 2513 993 2547 culum
1019 2513 1094 2546 fore
1119 2511 1171 2544 ait
1205 2509 1265 2555 qui
1289 2509 1339 2543 sic
1363 2509 1547 2554 loquatur,
1581 2510 1616 2543 11.
1643 2522 1689 2551 e,

881 2559 916 2593 ni
940 2558 1062 2599 fallor,
1096 2556 1154 2602 qui
1187 2561 1344 2590 neutrum
1369 2555 1456 2599 plur.
1481 2567 1558 2589 cum
1581 2556 1690 2590 verbo

881 2604 1009 2650 plurali
1033 2603 1184 2659 copulet.
1211 2603 1262 2647 (v.
1288 2603 1414 2636 Matth.
1439 2603 1471 2644 5.
1494 2603 1575 2637 299.
1602 2602 1690 2646 etc.)

881 2652 926 2684 de
950 2662 1036 2684 voce
1059 2661 1224 2693 σπαρτα,
1251 2659 1349 2693 quam
1371 2647 1436 2681 hoc
1459 2651 1590 2681 tantum
1614 2648 1690 2682 loco

881 2697 986 2731 habet
1020 2696 1144 2737 Hom„
1167 2695 1299 2729 frustra
1325 2693 1464 2727 dubitat
1491 2694 1601 2728 Varro
1634 2705 1689 2739 ap.

883 2743 976 2776 Gell.
1003 2744 1065 2785 17,
1090 2743 1147 2783 3,
1181 2741 1225 2775 de
1255 2739 1446 2786 Hispanico
1480 2739 1538 2774 ille
1568 2744 1689 2784 sparto

883 2789 1061 2834 cogitanS,
1094 2787 1186 2832 quod
1216 2787 1357 2820 Romam
1390 2785 1514 2820 advehi
1545 2786 1688 2824 solebat,

881 2847 956 2869 cum
990 2835 1058 2868 isto
1091 2833 1227 2868 nomine
1259 2833 1359 2877 plura
1395 2832 1528 2866 fruticis
1561 2842 1690 2875 genera

880 2881 1127 2925 significentur.
1170 2880 1216 2916 cf.
1240 2879 1273 2913 H
1300 2883 1337 2913 et
1360 2877 1566 2912 Billerbeck.
1591 2876 1686 2911 Flor.

879 2927 980 2961 class.
1009 2939 1042 2973 p.
1069 2928 1148 2962 180.

927 2975 1005 3009 137.
1054 2968 1188 3013 εἵατ’,
1221 2970 1360 3011 εἳάται,
1406 2968 1532 3010 ἕαται,
1567 2962 1687 3012 ἧνται.

877 3019 979 3054 Sch.=
1009 3030 1107 3056 ποτ.
1136 3016 1439 3063 προσδεχόμεναι.
1464 3014 1581 3049 801101.
1606 3014 1686 3051 Μ8.
