1811 3269
725 787 779 834 A

242 1182 423 1223 Graecos,
457 1184 492 1214 et
524 1179 715 1224 praeterito
757 1179 954 1214 discrimine
989 1182 1185 1226 perculsos,
1223 1186 1258 1214 et
1296 1180 1446 1214 instante
1479 1181 1699 1222 conterritos,

161 1228 248 1261 clam
272 1231 440 1261 convocat
464 1227 715 1271 Agamemnon,
746 1227 1022 1273 sententiamque
1056 1239 1150 1262 suam
1186 1226 1231 1261 de
1265 1227 1433 1272 capienda
1467 1238 1530 1272 per
1563 1232 1697 1261 noctem

162 1275 245 1318 fuga
267 1273 333 1307 illis
357 1273 482 1318 aperit.

208 1342 286 1416 Ως
317 1366 360 1408 οἷ
389 1381 468 1421 μεν
502 1367 648 1417 Τρῶες
681 1363 883 1419 φυλακάς
913 1365 1032 1421 ε’χον
1067 1363 1207 1420 αὐτοὲρ
1231 1363 1433 1420 Ἀχαιούς

190 1423 398 1477 θεσπεσίη
428 1422 492 1477 ἔχε
529 1421 678 1474 Φύζα,
713 1422 867 1492 Φόβου
897 1423 1144 1492 κρυόεντος
1167 1421 1332 1478 ἑταίρη,

192 1478 347 1522 πένθεϊ
365 1478 418 1549 6'
453 1478 620 1536 α’τλήτῳ
652 1478 895 1550 βεβολήατο
927 1479 1086 1531 πάντες
1116 1477 1300 1533 ἄριστοι.

194 1536 253 1586 ὥς
283 1534 326 1579 6'
359 1535 514 1591 ἄνεμοι
545 1538 626 1579 δύο
657 1536 822 1579 πόντον
855 1535 1057 1588 ὀρίνετον
1087 1535 1336 1607 ἰχθυόεντα,

136 1595 162 1637 5
193 1593 363 1649 Βορέης
392 1594 467 1637 καὶ
497 1593 724 1649 Ζέφυρος,
753 1592 861 1637 τώτε
895 1594 1131 1652 Θρῃκηθεν
1163 1592 1313 1650 ἄητον,

72 1717 572 1763 Annotationes.1nscriptus
594 1718 672 1751 olim
703 1721 756 1751 est
779 1717 836 1751 hic

21 1764 111 1798 liber
128 1764 237 1799 Λιταὶ
258 1765 528 1808 (Plat.c1aty10
548 1777 583 1810 p.
592 1765 672 1806 428,
694 1764 734 1798 C.
752 1764 835 1807 etc.)

23 1816 168 1869 propter
192 1815 357 1844 tentatam
378 1811 520 1844 Achillis
544 1812 775 1844 exorationem
802 1815 838 1843 et

22 1857 82 1890 illa
105 1856 168 1892 καὶ
191 1855 260 1902 γάρ
286 1871 345 1892 τοι
368 1859 479 1892 Λιταί
503 1858 574 1892 εἰσι
594 1864 659 1890 etc.
682 1859 760 1892 502.
789 1856 838 1889 le-

24 1902 119 1948 gitur
143 1915 279 1948 quoque
299 1902 518 1947 Ἀπόπειρα,
551 1904 638 1937 male
674 1903 755 1936 illud
780 1914 838 1936 re-

25 1949 168 1994 petitum
196 1961 237 1982 ex
262 1951 298 1985 2.
322 1950 432 1984 libro.
466 1961 542 1983 nam
574 1950 676 1993 hujus
702 1948 838 1994 quidem

26 1995 197 2040 principio
223 2007 290 2030 non
315 1999 431 2030 tentat
462 1997 591 2029 animos
622 1996 838 2029 Graecorum

25 2042 169 2086 Agam„
195 2053 312 2075 verum
337 2042 428 2076 serio
454 2043 570 2086 fugam
595 2042 730 2075 suadet.
777 2041 840 2075 de—

15 2087 126 2132 ‘nique
150 2088 351 2122 inscribitur
366 2087 549 2129 ’Έπαυλις
572 2086 711 2133 Τρώων
737 2098 758 2121 a
779 2099 838 2121 ca-

24 2134 107 2168 stris
132 2134 254 2168 locatis
279 2136 512 2180 Trojanorum
537 2134 716 2188 superiore
748 2135 837 2167 loco.

20 2173 143 2215 ExH.
182 2199 230 2206 —-
270 2181 372 2218 Vers.
396 2184 439 2224 Ξ,
464 2183 499 2217 3.
547 2179 694 2223 Φύζα,
722 2181 838 2224 Fuga.

23 2237 95 2260 rem
119 2227 259 2272 saepius
285 2227 395 2269 dixit,
421 2239 601 2281 personam
622 2230 687 2261 hoc
704 2231 838 2260 tantum

23 2272 121 2315 loco3
156 2274 211 2307 cui
240 2285 418 2329 personae
449 2274 569 2308 similis
610 2280 663 2308 est
699 2271 836 2330 Φόβου,

10 2318 180 2378 favoris.
217 2318 263 2377 6',
289 2319 394 2356 439..
439 2317 533 2363 ωρσε
576 2319 616 2355 δὲ
648 2319 737 2360 τοὺς
769 2317 837 2363 μὲν

10 2358 150 2426 ’‘Agng„
166 2366 256 2406 τούς
280 2366 321 2402 δὲ
344 2369 561 2425 γλαυκῶπις
573 2366 724 2425 Ἀθήνη,
749 2369 837 2401 Δεῖ-

22 2412 92 2458 μός
113 2411 163 2455 τ’,
195 2410 262 2470 ἠδὲ
300 2413 441 2468 Φόβος,
474 2414 536 2450 καὶ
553 2411 657 2458 ’Έρις
695 2410 838 2457 ἄμοτον

0 2483 1 2488 ,
12 2463 213 2515 μεμαυῖα,
237 2457 360 2506 ’Ἄρεος
384 2461 639 2506 ἀνδροφόνοιο
663 2458 838 2514 κασιγνή-

0 2517 70 2550 ’τη
102 2504 214 2550 ἑτάρη
245 2520 295 2542 τε.
333 2527 377 2532 -—
421 2508 525 2542 Sch:

0 2551 74 2597 ,ῑ(ε
84 2566 144 2598 χε
170 2554 260 2596 609,
285 2551 329 2599 β,

0 2601 198 2657 ξ’φρικτοῦ,
223 2602 402 2647 φοβεροῦ.
451 2602 622 2657 σημαίνει
646 2598 729 2657 γὰρ,
749 2598 838 2640 τοὺς

0 2656 1 2684 1
23 2645 288 2704 φοβουμένους
312 2646 528 2692 συγκρούειν
553 2660 643 2688 τους
667 2645 835 2686 ὀδόντας.

0 2731 1 2739 ¹
26 2690 84 2727 ἓτ.
116 2693 312 2749 συνεργὸς,
348 2696 450 2739 φίλη.
484 2715 530 2720 —-
570 2695 731 2753 βεβολ.
768 2691 838 2738 τὴν

561 2509 675 2549 θεία,
709 2504 838 2549 πολλή.

355 2556 390 2589 2.
417 2555 506 2599 etc.)
554 2552 836 2610 κρυόεντος.

25 2737 151 2784 ψυχὴν
194 2740 418 2784 τετρωμένοι
455 2736 571 2784 ἦσαν,
615 2740 835 2776 ἐλυποῦντο.

27 2790 235 2819 annotarunt
258 2788 287 2820 A
311 2788 427 2821 Schol.
453 2792 486 2821 et
510 2786 744 2832 grammatici,
773 2787 838 2840 βο-

0 2831 1 2839 ’
27 2832 176 2866 λεῖσθαι
201 2831 269 2865 dici
295 2844 352 2878 ap.
375 2834 490 2876 Hom.,
515 2845 590 2867 cum
611 2833 743 2867 animus
759 2832 837 2876 agi-

27 2882 104 2918 tur,
128 2878 343 2934 βαλεῖσθαι,
378 2892 456 2914 cum
479 2890 618 2938 cprpuS.
666 2882 753 2935 Ap.:
779 2880 837 2924 βε-

25 2923 228 2981 βολημένος
250 2924 322 2982 (9.)
346 2937 466 2969 ωσπερ
490 2925 529 2961 ἐκ
551 2927 662 2972 βολῆς
678 2924 748 2970 τὴν
761 2932 837 2969 ψυ-

19 2969 103 3052 miz·
115 2969 698 3071 &QZ-7¹1:&Zpsdolcgmflssrturbatos
722 3017 837 3050 Grae-

25 3070 141 3097 corum
167 3062 317 3105 animos,
339 3065 586 3099 manendumne
610 3076 654 3099 an
686 3063 838 3098 redeun-

884 1719 963 1752 dum
988 1719 1034 1752 sit
1057 1717 1300 1757 dubitantium,
1325 1718 1502 1761 comparat
1527 1726 1603 1749 cum
1617 1727 1697 1750 :ma-

883 1765 913 1798 ri
939 1765 1051 1799 ventis
1075 1770 1254 1820 commoto-
1276 1782 1322 1788 —
1346 1768 1474 1797 temere
1498 1761 1697 1818 Aristoph..

884 1810 1007 1855 ἇνέμω
1032 1817 1177 1869 propter
1202 1808 1381 1854 ὀρίνετον.
1415 1821 1451 1843 v.
1478 1806 1521 1852 γ’,
1541 1809 1632 1849 210,
1659 1807 1698 1851 ε’,

883 1860 975 1900 239,
1000 1858 1055 1900 θ’,
1084 1860 1150 1893 186
1171 1863 1237 1891 etc.

931 1906 965 1940 5.
1015 1905 1073 1950 qui
1096 1904 1211 1949 plures
1230 1902 1321 1937 haud
1342 1900 1445 1934 dubie
1464 1904 1582 1934 nosset
1598 1901 1698 1936 Hom.

884 1956 1030 1991 ventos,
1070 1950 1204 1984 nonnisi
1240 1949 1262 1984 4
1294 1947 1502 1989 nominavit,
1538 1947 1699 1991 Boream,

885 1998 1106 2042 Zephjrum,
1143 1996 1297 2036 Eurum,
1340 1994 1482 2028 Notum.
1555 1994 1700 2028 Boream

885 2044 1022 2087 quidem
1058 2048 1094 2076 et
1127 2020 1327 2098 Zephyrum
1359 2040 1438 2073 h.1.
1473 2050 1515 2072 ex
1543 2040 1700 2075 Thracia

885 2090 971 2124 flare
997 2089 1103 2129 dicit,
1131 2087 1172 2131 ψ’
1199 2093 1311 2122 autem
1335 2088 1418 2122 229.
1443 2083 1593 2121 οἶκόνδε
1618 2087 1699 2122 νὲε-

886 2139 979 2171 σθαι
1006 2135 1186 2180 Θρηΐκιον
1208 2132 1304 2169 κατὰ
1327 2133 1489 2174 πόντον,
1515 2144 1588 2166 cum
1612 2145 1700 2178 epu-

885 2183 947 2217 lati
973 2188 1087 2216 essent
1113 2193 1168 2226 ap.
1196 2182 1413 2225 Zephyrum;
1446 2191 1488 2213 ex
1523 2190 1591 2223 quo
1608 2191 1700 2224 vpro-

885 2230 1048 2264 babiliter
1073 2227 1204 2271 coliigit
1225 2227 1415 2260 Vblckerus
1442 2226 1584 2269 (Uebcr
1607 2227 1700 2261 hom.

888 2278 1017 2320 Gcogr.
1050 2287 1083 2320 p.
1110 2276 1207 2318 78.‚)
1250 2274 1367 2307 domos
1403 2277 1584 2306 ventorum
1619 2272 1699 2306 huic

884 2328 1001 2356 nostro
1025 2321 1139 2355 videri
1165 2331 1240 2354 esse
1264 2319 1300 2353 in
1318 2318 1484 2360 Thracia,
1509 2318 1600 2351 unde
1617 2330 1700 2353 evo-

883 2370 1018 2410 lantes,
1045 2368 1104 2402 ubi
1130 2378 1216 2412 opus
1241 2372 1314 2406 est,
1346 2365 1380 2398 in
1405 2365 1580 2409 regionem
1604 2364 1699 2410 quis-

886 2427 955 2459 que
980 2415 1155 2468 propriam
1174 2425 1212 2446 se
1230 2413 1389 2446 conferre
1409 2411 1597 2455 fingantur.
1631 2415 1699 2445 Ae-

885 2461 953 2503 oli,
987 2462 1080 2505 regis
1101 2464 1301 2500 ventorum,
1328 2459 1364 2492 in
1398 2457 1508 2491 insula
1540 2457 1584 2490 ab
1620 2457 1698 2501 ipso

885 2508 1062 2553 appellata
1095 2505 1305 2546 habitantis,
1346 2505 1382 2538 in
1417 2503 1525 2537 Iliade
1557 2514 1624 2537 non
1658 2504 1700 2537 fit

884 2554 1035 2594 mentio,
1060 2553 1121 2586 sed
1146 2552 1181 2585 in
1205 2552 1388 2596 Odyssea,
1418 2548 1616 2584 recentiore
1641 2550 1698 2583 illo

885 2601 1056 2641 carmine,
1093 2604 1128 2633 et
1163 2610 1218 2643 ap.
1245 2597 1445 2631 Latinorum
1480 2598 1613 2642 po'e'tas
1663 2607 1698 2629 v.

884 2647 1045 2680 laudatus
1083 2657 1104 2679 a
1139 2645 1312 2678 Vblckero
1355 2643 1474 2677 Schol.
1526 2642 1699 2686 Apollonii

885 2693 998 2726 Rhod.
1027 2695 1068 2733 1,
1093 2693 1172 2726 826.
1198 2710 1244 2715 —-
1269 2694 1419 2724 ceterum
1449 2687 1617 2733 Βοῤῥέης
1643 2689 1697 2722 le—

885 2739 984 2782 gitur
1008 2751 1062 2784 ap.
1086 2738 1262 2782 ΡοιΡὶι)ι-.
1289 2736 1435 2777 Quaest.
1460 2735 1560 2769 Hom.
1583 2737 1618 2770 5.
1643 2734 1697 2768 ed.

885 2785 986 2826 Ald.,
1019 2796 1112 2830 quae
1146 2789 1200 2817 est
1231 2782 1400 2816 correctio
1424 2786 1533 2815 metro
1560 2780 1698 2835 prospi-

885 2831 1026 2873 cientis3
1059 2842 1124 2864 nec
1156 2829 1333 2863 Homerici
1366 2838 1448 2861 usus
1487 2831 1541 2860 est
1581 2826 1697 2860 Attica

882 2879 994 2912 forma
1018 2875 1186 2921 Βοῤῥᾶς,
1225 2876 1268 2909 de
1304 2886 1373 2919 qua
1396 2886 1432 2907 v.
1457 2872 1697 2918 Xenophontis

881 2924 1036 2970 interpp.
1066 2924 1176 2958 Anab.
1211 2922 1253 2963 5,
1287 2923 1332 2962 7,
1364 2920 1400 2955 7.
1444 2918 1562 2952 intulit
1597 2919 1697 2954 Hom.

881 2974 1105 3025 anapaestum
1138 2980 1202 3013 pro
1235 2966 1389 3023 spondeo
1421 2963 1626 3011 ἰσοχρόνῳ,
1658 2970 1698 3000 ut

883 3018 1012 3061 Odyss.
1039 3015 1082 3057 6',
1105 3016 1208 3052 242:
1243 3011 1392 3052 πλέονές
1415 3024 1454 3046 κε
1478 3013 1696 3057 μνηστῆρες,

883 3073 983 3108 quem
1005 3066 1121 3097 tamen
1144 3062 1254 3096 locum
1279 3058 1429 3103 synizesi
1448 3058 1695 3103 expediendum

1342 3105 1419 3146 1*
