<?xml version="1.0" encoding="UTF-8"?>
<!DOCTYPE html PUBLIC "-//W3C//DTD XHTML 1.0 Transitional//EN"
    "http://www.w3.org/TR/xhtml1/DTD/xhtml1-transitional.dtd">
<html xmlns="http://www.w3.org/1999/xhtml" xml:lang="en" lang="en">
 <head>
  <title>
</title>
<meta http-equiv="Content-Type" content="text/html;charset=utf-8" />
  <meta name='ocr-system' content='tesseract 3.04.00' />
  <meta name='ocr-capabilities' content='ocr_page ocr_carea ocr_par ocr_line ocrx_word'/>
</head>
<body>
  <div class='ocr_page' id='page_1' title='image "./carmina01home/carmina01home_0172.png"; bbox 0 0 1811 3269; ppageno 0'>
   <div class='ocr_carea' id='block_1_1' title="bbox 93 173 175 214">
    <p class='ocr_par' dir='ltr' id='par_1_1' title="bbox 93 173 175 214">
     <span class='ocr_line' id='line_1_1' title="bbox 93 173 175 214; baseline 0.024 -2"><span class='ocrx_word' id='word_1_1' title='bbox 93 173 175 214; x_wconf 82' lang='lat'>158</span> 
     </span>
    </p>
   </div>
   <div class='ocr_carea' id='block_1_2' title="bbox 729 173 1129 215">
    <p class='ocr_par' dir='ltr' id='par_1_2' title="bbox 729 173 1129 215">
     <span class='ocr_line' id='line_1_2' title="bbox 729 173 1129 215; baseline 0.003 -1"><span class='ocrx_word' id='word_1_2' title='bbox 729 173 1129 215; x_wconf 68' lang='grc' dir='ltr'><em>ΟΜΗΡΟΥ</em></span> 
     </span>
    </p>
   </div>
   <div class='ocr_carea' id='block_1_3' title="bbox 151 281 1552 1081">
    <p class='ocr_par' dir='ltr' id='par_1_3' title="bbox 151 281 1552 1081">
     <span class='ocr_line' id='line_1_3' title="bbox 263 281 1455 356; baseline 0.001 -28"><span class='ocrx_word' id='word_1_3' title='bbox 263 284 416 328; x_wconf 86' lang='grc' dir='ltr'><em>πολλοὶ</em></span> <span class='ocrx_word' id='word_1_4' title='bbox 436 285 528 356; x_wconf 73' lang='grc' dir='ltr'>γὰρ</span> <span class='ocrx_word' id='word_1_5' title='bbox 561 282 674 326; x_wconf 71' lang='grc' dir='ltr'><em>κατὰ</em></span> <span class='ocrx_word' id='word_1_6' title='bbox 704 281 814 327; x_wconf 81' lang='grc' dir='ltr'><em>ἄστυ</em></span> <span class='ocrx_word' id='word_1_7' title='bbox 843 283 950 340; x_wconf 78' lang='grc' dir='ltr'><em>μέγα</em></span> <span class='ocrx_word' id='word_1_8' title='bbox 978 285 1184 340; x_wconf 77' lang='grc' dir='ltr'><em>Πριάμου</em></span> <span class='ocrx_word' id='word_1_9' title='bbox 1216 286 1455 339; x_wconf 83' lang='grc' dir='ltr'><em>ἐπίκουροι,</em></span> 
     </span>
     <span class='ocr_line' id='line_1_4' title="bbox 265 340 1476 402; baseline 0.001 -18"><span class='ocrx_word' id='word_1_10' title='bbox 265 340 371 398; x_wconf 78' lang='grc' dir='ltr'><em>ἄλλη</em></span> <span class='ocrx_word' id='word_1_11' title='bbox 403 340 447 385; x_wconf 89' lang='lat'>6&#39;</span> <span class='ocrx_word' id='word_1_12' title='bbox 481 340 624 383; x_wconf 78' lang='grc' dir='ltr'><em>ἄλλων</em></span> <span class='ocrx_word' id='word_1_13' title='bbox 653 344 830 394; x_wconf 76' lang='grc' dir='ltr'><em>γλῶσσα</em></span> <span class='ocrx_word' id='word_1_14' title='bbox 859 343 1172 402; x_wconf 82' lang='grc' dir='ltr'><em>πολυσπερέων</em></span> <span class='ocrx_word' id='word_1_15' title='bbox 1204 340 1476 395; x_wconf 71' lang='grc' dir='ltr'><em>ἀνθρώπων·</em></span> 
     </span>
     <span class='ocr_line' id='line_1_5' title="bbox 153 396 1446 455; baseline -0.001 -12"><span class='ocrx_word' id='word_1_16' title='bbox 153 403 236 444; x_wconf 84' lang='grc'><em>805</em></span> <span class='ocrx_word' id='word_1_17' title='bbox 265 403 407 441; x_wconf 86' lang='grc' dir='ltr'><em>τοῖσιν</em></span> <span class='ocrx_word' id='word_1_18' title='bbox 436 397 615 447; x_wconf 74' lang='grc' dir='ltr'><em>ἕκαστος</em></span> <span class='ocrx_word' id='word_1_19' title='bbox 643 396 751 454; x_wconf 86' lang='grc' dir='ltr'><em>ἀνὴρ</em></span> <span class='ocrx_word' id='word_1_20' title='bbox 783 400 1051 454; x_wconf 81' lang='grc' dir='ltr'><em>σημαινέτω,</em></span> <span class='ocrx_word' id='word_1_21' title='bbox 1084 396 1172 441; x_wconf 86' lang='grc' dir='ltr'><em>οἷσί</em></span> <span class='ocrx_word' id='word_1_22' title='bbox 1201 415 1282 452; x_wconf 88' lang='grc' dir='ltr'>περ</span> <span class='ocrx_word' id='word_1_23' title='bbox 1311 400 1446 455; x_wconf 80' lang='grc' dir='ltr'><em>ἄρχει,</em></span> 
     </span>
     <span class='ocr_line' id='line_1_6' title="bbox 266 453 1363 527; baseline 0 -29"><span class='ocrx_word' id='word_1_24' title='bbox 266 459 355 498; x_wconf 80' lang='grc' dir='ltr'>τῶν</span> <span class='ocrx_word' id='word_1_25' title='bbox 387 453 429 496; x_wconf 85' lang='grc' dir='ltr'>δ’</span> <span class='ocrx_word' id='word_1_26' title='bbox 447 454 720 525; x_wconf 76' lang='grc' dir='ltr'><em>ἐξηγείσθω,</em></span> <span class='ocrx_word' id='word_1_27' title='bbox 750 455 1084 526; x_wconf 80' lang='grc' dir='ltr'><em>κοσμησάμενος</em></span> <span class='ocrx_word' id='word_1_28' title='bbox 1114 456 1363 527; x_wconf 41' lang='grc' dir='ltr'>ποῖλιήτας.δι</span> 
     </span>
     <span class='ocr_line' id='line_1_7' title="bbox 333 509 1536 583; baseline 0.002 -30.025"><span class='ocrx_word' id='word_1_29' title='bbox 333 510 415 561; x_wconf 75' lang='grc' dir='ltr'>Ὡς</span> <span class='ocrx_word' id='word_1_30' title='bbox 445 509 602 583; x_wconf 77' lang='grc' dir='ltr'><em>ἔφαθ’·</em></span> <span class='ocrx_word' id='word_1_31' title='bbox 622 510 792 581; x_wconf 58' lang='grc' dir='ltr'><em>ᾘκτωρ</em></span> <span class='ocrx_word' id='word_1_32' title='bbox 825 511 866 556; x_wconf 88' lang='lat'>6&#39;</span> <span class='ocrx_word' id='word_1_33' title='bbox 897 512 995 555; x_wconf 82' lang='grc' dir='ltr'><em>οὔτι</em></span> <span class='ocrx_word' id='word_1_34' title='bbox 1023 515 1131 562; x_wconf 79' lang='grc' dir='ltr'><em>θεᾶς</em></span> <span class='ocrx_word' id='word_1_35' title='bbox 1162 512 1265 562; x_wconf 74' lang='grc' dir='ltr'><em>ἔπος</em></span> <span class='ocrx_word' id='word_1_36' title='bbox 1293 513 1495 568; x_wconf 77' lang='grc' dir='ltr'><em>ἠγνοίησε</em></span> <span class='ocrx_word' id='word_1_37' title='bbox 1498 530 1536 564; x_wconf 76' lang='grc' dir='ltr'>ν,</span> 
     </span>
     <span class='ocr_line' id='line_1_8' title="bbox 272 565 1465 624; baseline 0.003 -14"><span class='ocrx_word' id='word_1_38' title='bbox 272 566 380 617; x_wconf 76' lang='grc' dir='ltr'><em>αἶψα</em></span> <span class='ocrx_word' id='word_1_39' title='bbox 412 566 459 610; x_wconf 80' lang='lat'>6⁷</span> <span class='ocrx_word' id='word_1_40' title='bbox 491 565 611 611; x_wconf 78' lang='grc' dir='ltr'><em>ἔλυσ’</em></span> <span class='ocrx_word' id='word_1_41' title='bbox 645 567 832 624; x_wconf 76' lang='grc' dir='ltr'><em>αγορήν</em></span> <span class='ocrx_word' id='word_1_42' title='bbox 864 568 932 611; x_wconf 76' lang='grc' dir='ltr'><em>ἐπὶ</em></span> <span class='ocrx_word' id='word_1_43' title='bbox 962 567 1113 623; x_wconf 85' lang='grc' dir='ltr'><em>τεύχεα</em></span> <span class='ocrx_word' id='word_1_44' title='bbox 1145 567 1186 611; x_wconf 83' lang='grc' dir='ltr'>δ’</span> <span class='ocrx_word' id='word_1_45' title='bbox 1219 569 1465 613; x_wconf 78' lang='grc' dir='ltr'>ἐσσεύοντο</span> 
     </span>
     <span class='ocr_line' id='line_1_9' title="bbox 266 623 1396 680; baseline 0.002 -14"><span class='ocrx_word' id='word_1_46' title='bbox 266 629 401 667; x_wconf 83' lang='grc' dir='ltr'><em>πᾶσαι</em></span> <span class='ocrx_word' id='word_1_47' title='bbox 433 623 477 667; x_wconf 83' lang='lat'>6²</span> <span class='ocrx_word' id='word_1_48' title='bbox 508 625 722 680; x_wconf 59' lang='grc' dir='ltr'><em>ω’ίφνυντο</em></span> <span class='ocrx_word' id='word_1_49' title='bbox 753 625 908 672; x_wconf 82' lang='grc' dir='ltr'><em>πύλαι,</em></span> <span class='ocrx_word' id='word_1_50' title='bbox 941 626 987 669; x_wconf 76' lang='grc' dir='ltr'>ἐκ</span> <span class='ocrx_word' id='word_1_51' title='bbox 1018 625 1062 668; x_wconf 83' lang='lat'>6⁷</span> <span class='ocrx_word' id='word_1_52' title='bbox 1093 624 1246 668; x_wconf 84' lang='grc' dir='ltr'><em>ε’σσυτο</em></span> <span class='ocrx_word' id='word_1_53' title='bbox 1277 625 1396 677; x_wconf 81' lang='grc' dir='ltr'><em>λαός,</em></span> 
     </span>
     <span class='ocr_line' id='line_1_10' title="bbox 155 679 1486 753; baseline -0.002 -27"><span class='ocrx_word' id='word_1_54' title='bbox 155 686 236 726; x_wconf 84' lang='grc'>810</span> <span class='ocrx_word' id='word_1_55' title='bbox 268 682 389 733; x_wconf 81' lang='grc' dir='ltr'><em>πεζοί</em></span> <span class='ocrx_word' id='word_1_56' title='bbox 417 679 468 724; x_wconf 84' lang='grc' dir='ltr'>θ’</span> <span class='ocrx_word' id='word_1_57' title='bbox 502 682 656 752; x_wconf 80' lang='grc' dir='ltr'><em>ἱππῆές</em></span> <span class='ocrx_word' id='word_1_58' title='bbox 685 695 753 724; x_wconf 85' lang='grc' dir='ltr'><em>τε·</em></span> <span class='ocrx_word' id='word_1_59' title='bbox 785 682 923 733; x_wconf 82' lang='grc' dir='ltr'><em>πολυς</em></span> <span class='ocrx_word' id='word_1_60' title='bbox 955 679 998 725; x_wconf 92' lang='lat'>6&#39;</span> <span class='ocrx_word' id='word_1_61' title='bbox 1033 681 1282 753; x_wconf 76' lang='grc' dir='ltr'><em>ὀρυμαγδὸς</em></span> <span class='ocrx_word' id='word_1_62' title='bbox 1312 680 1486 735; x_wconf 81' lang='grc' dir='ltr'><em>ὀρώρει.</em></span> 
     </span>
     <span class='ocr_line' id='line_1_11' title="bbox 335 738 1509 795; baseline 0.002 -16.033"><span class='ocrx_word' id='word_1_63' title='bbox 335 738 458 781; x_wconf 85' lang='grc' dir='ltr'><em>Ἔστι</em></span> <span class='ocrx_word' id='word_1_64' title='bbox 489 738 534 783; x_wconf 81' lang='grc' dir='ltr'>δέ</span> <span class='ocrx_word' id='word_1_65' title='bbox 563 755 628 790; x_wconf 82' lang='grc' dir='ltr'>τις</span> <span class='ocrx_word' id='word_1_66' title='bbox 657 738 810 790; x_wconf 81' lang='grc' dir='ltr'><em>πόλιος</em></span> <span class='ocrx_word' id='word_1_67' title='bbox 839 738 1109 794; x_wconf 75' lang='grc' dir='ltr'><em>προπάροιθ’</em></span> <span class='ocrx_word' id='word_1_68' title='bbox 1143 741 1290 782; x_wconf 86' lang='grc' dir='ltr'><em>αἰπεῖα</em></span> <span class='ocrx_word' id='word_1_69' title='bbox 1322 738 1509 795; x_wconf 81' lang='grc' dir='ltr'><em>κολώνη,</em></span> 
     </span>
     <span class='ocr_line' id='line_1_12' title="bbox 266 793 1445 866; baseline 0.001 -29"><span class='ocrx_word' id='word_1_70' title='bbox 266 793 312 837; x_wconf 79' lang='grc' dir='ltr'>ἐν</span> <span class='ocrx_word' id='word_1_71' title='bbox 341 797 475 866; x_wconf 83' lang='grc' dir='ltr'><em>πεδίῳ</em></span> <span class='ocrx_word' id='word_1_72' title='bbox 508 793 752 845; x_wconf 76' lang='grc' dir='ltr'><em>ἀπάνευθε</em></span> <span class='ocrx_word' id='word_1_73' title='bbox 783 798 1050 866; x_wconf 82' lang='grc' dir='ltr'><em>περίδρομος</em></span> <span class='ocrx_word' id='word_1_74' title='bbox 1080 796 1191 839; x_wconf 79' lang='grc' dir='ltr'><em>ἔνθα</em></span> <span class='ocrx_word' id='word_1_75' title='bbox 1220 796 1294 839; x_wconf 84' lang='grc' dir='ltr'>καὶ</span> <span class='ocrx_word' id='word_1_76' title='bbox 1323 796 1445 845; x_wconf 85' lang='grc' dir='ltr'><em>ε’νθα,</em></span> 
     </span>
     <span class='ocr_line' id='line_1_13' title="bbox 264 849 1249 908; baseline 0.003 -15"><span class='ocrx_word' id='word_1_77' title='bbox 264 849 346 905; x_wconf 82' lang='grc' dir='ltr'>τήν</span> <span class='ocrx_word' id='word_1_78' title='bbox 375 851 474 908; x_wconf 79' lang='grc' dir='ltr'><em>ἤτοι</em></span> <span class='ocrx_word' id='word_1_79' title='bbox 504 852 658 907; x_wconf 80' lang='grc' dir='ltr'><em>ἄνδρες</em></span> <span class='ocrx_word' id='word_1_80' title='bbox 688 855 894 896; x_wconf 87' lang='grc' dir='ltr'><em>Βατίειαν</em></span> <span class='ocrx_word' id='word_1_81' title='bbox 923 852 1249 908; x_wconf 86' lang='grc' dir='ltr'><em>κικλησκουσιν,</em></span> 
     </span>
     <span class='ocr_line' id='line_1_14' title="bbox 266 906 1433 982; baseline 0.002 -32"><span class='ocrx_word' id='word_1_82' title='bbox 266 906 484 952; x_wconf 78' lang='grc' dir='ltr'><em>ἀθάνατοι</em></span> <span class='ocrx_word' id='word_1_83' title='bbox 512 909 557 953; x_wconf 80' lang='grc' dir='ltr'>δέ</span> <span class='ocrx_word' id='word_1_84' title='bbox 588 925 632 952; x_wconf 86' lang='grc' dir='ltr'><em>τε</em></span> <span class='ocrx_word' id='word_1_85' title='bbox 663 914 779 965; x_wconf 86' lang='grc' dir='ltr'><em>σῆμα</em></span> <span class='ocrx_word' id='word_1_86' title='bbox 808 909 1173 982; x_wconf 78' lang='grc' dir='ltr'><em>πολυσκάρθμοιο</em></span> <span class='ocrx_word' id='word_1_87' title='bbox 1204 911 1433 965; x_wconf 83' lang='grc' dir='ltr'><em>Μυρίνης·</em></span> 
     </span>
     <span class='ocr_line' id='line_1_15' title="bbox 151 964 1378 1023; baseline 0.002 -16"><span class='ocrx_word' id='word_1_88' title='bbox 151 967 234 1008; x_wconf 87' lang='grc'>815</span> <span class='ocrx_word' id='word_1_89' title='bbox 266 964 375 1008; x_wconf 78' lang='grc' dir='ltr'><em>ἔνθα</em></span> <span class='ocrx_word' id='word_1_90' title='bbox 405 965 502 1009; x_wconf 88' lang='grc' dir='ltr'><em>τότε</em></span> <span class='ocrx_word' id='word_1_91' title='bbox 536 965 683 1019; x_wconf 80' lang='grc' dir='ltr'><em>Τρῶές</em></span> <span class='ocrx_word' id='word_1_92' title='bbox 712 982 757 1009; x_wconf 90' lang='grc' dir='ltr'><em>τε</em></span> <span class='ocrx_word' id='word_1_93' title='bbox 787 967 1007 1022; x_wconf 84' lang='grc' dir='ltr'><em>διέκριθεν</em></span> <span class='ocrx_word' id='word_1_94' title='bbox 1034 967 1108 1023; x_wconf 76' lang='grc' dir='ltr'>ἡδ’</span> <span class='ocrx_word' id='word_1_95' title='bbox 1140 967 1378 1021; x_wconf 83' lang='grc' dir='ltr'><em>ἐπίκουροι.</em></span> 
     </span>
     <span class='ocr_line' id='line_1_16' title="bbox 350 1022 1552 1081; baseline 0.001 -17"><span class='ocrx_word' id='word_1_96' title='bbox 350 1023 497 1078; x_wconf 86' lang='grc' dir='ltr'><em>Τρωσὶ</em></span> <span class='ocrx_word' id='word_1_97' title='bbox 526 1022 606 1079; x_wconf 81' lang='grc' dir='ltr'>μὲν</span> <span class='ocrx_word' id='word_1_98' title='bbox 634 1022 872 1079; x_wconf 78' lang='grc' dir='ltr'><em>ἡγεμόνευε</em></span> <span class='ocrx_word' id='word_1_99' title='bbox 902 1024 1035 1081; x_wconf 83' lang='grc' dir='ltr'><strong><em>μέγας</em></strong></span> <span class='ocrx_word' id='word_1_100' title='bbox 1064 1025 1363 1079; x_wconf 77' lang='grc' dir='ltr'><em>κορυθαίολος</em></span> <span class='ocrx_word' id='word_1_101' title='bbox 1379 1023 1552 1078; x_wconf 78' lang='grc' dir='ltr'><em>Εκτωρ</em></span> 
     </span>
    </p>
   </div>
   <div class='ocr_carea' id='block_1_4' title="bbox 95 1132 909 1228">
    <p class='ocr_par' dir='ltr' id='par_1_4' title="bbox 95 1132 909 1228">
     <span class='ocr_line' id='line_1_17' title="bbox 139 1132 909 1182; baseline 0.005 -14"><span class='ocrx_word' id='word_1_102' title='bbox 139 1132 217 1168; x_wconf 85' lang='grc'><em>804.</em></span> <span class='ocrx_word' id='word_1_103' title='bbox 266 1136 370 1169; x_wconf 85' lang='grc' dir='ltr'><em>πολ.</em></span> <span class='ocrx_word' id='word_1_104' title='bbox 407 1135 467 1172; x_wconf 80' lang='grc' dir='ltr'><em>ἐπὶ</em></span> <span class='ocrx_word' id='word_1_105' title='bbox 491 1135 609 1171; x_wconf 73' lang='grc' dir='ltr'><em>πολλοὶ</em></span> <span class='ocrx_word' id='word_1_106' title='bbox 639 1136 730 1181; x_wconf 77' lang='grc' dir='ltr'><em>μέρη</em></span> <span class='ocrx_word' id='word_1_107' title='bbox 757 1139 821 1181; x_wconf 80' lang='grc' dir='ltr'>τῆς</span> <span class='ocrx_word' id='word_1_108' title='bbox 843 1139 909 1182; x_wconf 77' lang='grc' dir='ltr'>γῆς</span> 
     </span>
     <span class='ocr_line' id='line_1_18' title="bbox 95 1180 905 1228; baseline 0.006 -14"><span class='ocrx_word' id='word_1_109' title='bbox 95 1180 393 1225; x_wconf 80' lang='grc' dir='ltr'><em>διεσπαρμένων,</em></span> <span class='ocrx_word' id='word_1_110' title='bbox 433 1184 666 1227; x_wconf 79' lang='grc' dir='ltr'><em>πολυγενῶν,</em></span> <span class='ocrx_word' id='word_1_111' title='bbox 712 1182 736 1228; x_wconf 78' lang='grc' dir='ltr'>ὴ</span> <span class='ocrx_word' id='word_1_112' title='bbox 777 1187 905 1219; x_wconf 85' lang='grc' dir='ltr'><em>πολυε</em></span> 
     </span>
    </p>
   </div>
   <div class='ocr_carea' id='block_1_5' title="bbox 91 1227 907 1320">
    <p class='ocr_par' dir='ltr' id='par_1_5' title="bbox 91 1227 907 1311">
     <span class='ocr_line' id='line_1_19' title="bbox 91 1227 905 1273; baseline 0.005 -12"><span class='ocrx_word' id='word_1_113' title='bbox 91 1227 211 1261; x_wconf 84' lang='grc' dir='ltr'><em>θνῶν.</em></span> <span class='ocrx_word' id='word_1_114' title='bbox 272 1239 375 1272; x_wconf 86' lang='grc' dir='ltr'><em>σημ.</em></span> <span class='ocrx_word' id='word_1_115' title='bbox 410 1230 688 1273; x_wconf 80' lang='grc' dir='ltr'><em>προστασσέτω,</em></span> <span class='ocrx_word' id='word_1_116' title='bbox 723 1231 905 1265; x_wconf 72' lang='grc' dir='ltr'><em>κελευέτω.</em></span> 
     </span>
     <span class='ocr_line' id='line_1_20' title="bbox 91 1270 907 1320; baseline 0.005 -13"><span class='ocrx_word' id='word_1_117' title='bbox 91 1291 136 1297; x_wconf 91' lang='grc'>-</span> <span class='ocrx_word' id='word_1_118' title='bbox 161 1270 326 1309; x_wconf 77' lang='grc' dir='ltr'><em>ἄλλων.</em></span> <span class='ocrx_word' id='word_1_119' title='bbox 352 1275 526 1309; x_wconf 79' lang='lat' dir='ltr'>Thracum</span> <span class='ocrx_word' id='word_1_120' title='bbox 553 1281 587 1309; x_wconf 84' lang='lat' dir='ltr'>et</span> <span class='ocrx_word' id='word_1_121' title='bbox 608 1276 841 1320; x_wconf 80' lang='lat' dir='ltr'>Pelasgorum,</span> <span class='ocrx_word' id='word_1_122' title='bbox 864 1289 907 1311; x_wconf 85' lang='lat' dir='ltr'>ex</span> 
     </span>
    </p>
   </div>
   <div class='ocr_carea' id='block_1_6' title="bbox 85 1319 906 3072">
    <p class='ocr_par' dir='ltr' id='par_1_6' title="bbox 92 1319 906 1596">
     <span class='ocr_line' id='line_1_21' title="bbox 92 1319 906 1366; baseline 0.006 -15"><span class='ocrx_word' id='word_1_123' title='bbox 92 1319 219 1362; x_wconf 89' lang='lat' dir='ltr'>quibus</span> <span class='ocrx_word' id='word_1_124' title='bbox 262 1320 397 1365; x_wconf 89' lang='lat' dir='ltr'>populis</span> <span class='ocrx_word' id='word_1_125' title='bbox 435 1326 595 1355; x_wconf 80' lang='lat' dir='ltr'>constant</span> <span class='ocrx_word' id='word_1_126' title='bbox 633 1322 717 1355; x_wconf 85' lang='lat' dir='ltr'>socii</span> <span class='ocrx_word' id='word_1_127' title='bbox 749 1323 906 1366; x_wconf 87' lang='lat' dir='ltr'>Trojani,</span> 
     </span>
     <span class='ocr_line' id='line_1_22' title="bbox 93 1365 906 1411; baseline 0.007 -14"><span class='ocrx_word' id='word_1_128' title='bbox 93 1365 240 1399; x_wconf 84' lang='lat' dir='ltr'>diversis</span> <span class='ocrx_word' id='word_1_129' title='bbox 275 1371 409 1399; x_wconf 79' lang='lat' dir='ltr'>tantum</span> <span class='ocrx_word' id='word_1_130' title='bbox 444 1368 593 1410; x_wconf 88' lang='lat' dir='ltr'>ejusdem</span> <span class='ocrx_word' id='word_1_131' title='bbox 626 1368 764 1411; x_wconf 76' lang='lat' dir='ltr'>linguae</span> <span class='ocrx_word' id='word_1_132' title='bbox 793 1369 906 1402; x_wconf 88' lang='lat' dir='ltr'>diale-</span> 
     </span>
     <span class='ocr_line' id='line_1_23' title="bbox 94 1410 903 1459; baseline 0.006 -16"><span class='ocrx_word' id='word_1_133' title='bbox 94 1410 160 1444; x_wconf 89' lang='lat' dir='ltr'>ctis</span> <span class='ocrx_word' id='word_1_134' title='bbox 186 1413 260 1450; x_wconf 91' lang='lat' dir='ltr'>usi·</span> <span class='ocrx_word' id='word_1_135' title='bbox 299 1413 575 1457; x_wconf 82' lang='lat' dir='ltr'>quemadmodum</span> <span class='ocrx_word' id='word_1_136' title='bbox 611 1425 666 1459; x_wconf 87' lang='lat' dir='ltr'>ap</span> <span class='ocrx_word' id='word_1_137' title='bbox 701 1415 903 1459; x_wconf 59' lang='lat' dir='ltr'>Aeschylum</span> 
     </span>
     <span class='ocr_line' id='line_1_24' title="bbox 93 1457 904 1513; baseline 0.006 -23"><span class='ocrx_word' id='word_1_138' title='bbox 93 1457 192 1501; x_wconf 77' lang='lat' dir='ltr'>Sept.</span> <span class='ocrx_word' id='word_1_139' title='bbox 219 1459 297 1492; x_wconf 68' lang='grc'><em>152.</em></span> <span class='ocrx_word' id='word_1_140' title='bbox 332 1459 535 1513; x_wconf 83' lang='lat' dir='ltr'>Argivorum</span> <span class='ocrx_word' id='word_1_141' title='bbox 559 1460 734 1494; x_wconf 86' lang='lat' dir='ltr'>exercitus</span> <span class='ocrx_word' id='word_1_142' title='bbox 759 1468 904 1495; x_wconf 90' lang='lat' dir='ltr'>vocatur</span> 
     </span>
     <span class='ocr_line' id='line_1_25' title="bbox 92 1502 904 1551; baseline 0.005 -14"><span class='ocrx_word' id='word_1_143' title='bbox 92 1502 325 1548; x_wconf 79' lang='grc' dir='ltr'><em>ετερόφωνος</em></span> <span class='ocrx_word' id='word_1_144' title='bbox 358 1506 526 1548; x_wconf 79' lang='grc' dir='ltr'><em>στρατός.</em></span> <span class='ocrx_word' id='word_1_145' title='bbox 583 1506 650 1550; x_wconf 86' lang='lat' dir='ltr'>ipsi</span> <span class='ocrx_word' id='word_1_146' title='bbox 683 1507 828 1551; x_wconf 83' lang='lat' dir='ltr'>&#39;lrojani</span> <span class='ocrx_word' id='word_1_147' title='bbox 860 1508 904 1541; x_wconf 90' lang='lat' dir='ltr'>ad</span> 
     </span>
     <span class='ocr_line' id='line_1_26' title="bbox 93 1550 635 1596; baseline 0.006 -14"><span class='ocrx_word' id='word_1_148' title='bbox 93 1550 261 1594; x_wconf 87' lang='lat' dir='ltr'>Pelasgos</span> <span class='ocrx_word' id='word_1_149' title='bbox 287 1551 473 1596; x_wconf 78' lang='lat' dir='ltr'>pertinent.</span> <span class='ocrx_word' id='word_1_150' title='bbox 512 1554 563 1585; x_wconf 72' lang='lat' dir='ltr'>Ea·</span> <span class='ocrx_word' id='word_1_151' title='bbox 590 1553 635 1586; x_wconf 85' lang='lat' dir='ltr'>H.</span> 
     </span>
    </p>

    <p class='ocr_par' dir='ltr' id='par_1_7' title="bbox 92 1597 905 1688">
     <span class='ocr_line' id='line_1_27' title="bbox 139 1597 905 1640; baseline 0.004 -10"><span class='ocrx_word' id='word_1_152' title='bbox 139 1598 219 1631; x_wconf 90' lang='grc'><em>806.</em></span> <span class='ocrx_word' id='word_1_153' title='bbox 270 1602 304 1630; x_wconf 79' lang='lat' dir='ltr'>ct</span> <span class='ocrx_word' id='word_1_154' title='bbox 333 1597 393 1631; x_wconf 83' lang='lat' dir='ltr'>hos</span> <span class='ocrx_word' id='word_1_155' title='bbox 421 1599 547 1640; x_wconf 84' lang='lat' dir='ltr'>ducat,</span> <span class='ocrx_word' id='word_1_156' title='bbox 581 1598 752 1633; x_wconf 60' lang='lat' dir='ltr'>ordinatis</span> <span class='ocrx_word' id='word_1_157' title='bbox 777 1600 905 1633; x_wconf 83' lang='lat' dir='ltr'>civibus</span> 
     </span>
     <span class='ocr_line' id='line_1_28' title="bbox 92 1641 345 1688; baseline -0.004 -12"><span class='ocrx_word' id='word_1_158' title='bbox 92 1641 238 1688; x_wconf 86' lang='lat' dir='ltr'>quisque</span> <span class='ocrx_word' id='word_1_159' title='bbox 262 1643 345 1679; x_wconf 80' lang='lat' dir='ltr'>suis.</span> 
     </span>
    </p>

    <p class='ocr_par' dir='ltr' id='par_1_8' title="bbox 85 1685 906 1862">
     <span class='ocr_line' id='line_1_29' title="bbox 139 1685 906 1735; baseline 0.001 -12"><span class='ocrx_word' id='word_1_160' title='bbox 139 1690 218 1723; x_wconf 88' lang='lat'>807.</span> <span class='ocrx_word' id='word_1_161' title='bbox 269 1687 376 1724; x_wconf 76' lang='grc' dir='ltr'><em>οὔτι</em></span> <span class='ocrx_word' id='word_1_162' title='bbox 409 1709 451 1714; x_wconf 92' lang='lat'>—-</span> <span class='ocrx_word' id='word_1_163' title='bbox 488 1685 584 1734; x_wconf 85' lang='grc' dir='ltr'><em>η’γν.</em></span> <span class='ocrx_word' id='word_1_164' title='bbox 625 1701 693 1723; x_wconf 79' lang='lat' dir='ltr'>non</span> <span class='ocrx_word' id='word_1_165' title='bbox 726 1691 906 1735; x_wconf 79' lang='lat' dir='ltr'>ignoravit</span> 
     </span>
     <span class='ocr_line' id='line_1_30' title="bbox 85 1735 904 1778; baseline 0.005 -12"><span class='ocrx_word' id='word_1_166' title='bbox 85 1735 222 1778; x_wconf 75' lang='lat' dir='ltr'>jussum</span> <span class='ocrx_word' id='word_1_167' title='bbox 241 1736 350 1776; x_wconf 78' lang='lat' dir='ltr'>deae3</span> <span class='ocrx_word' id='word_1_168' title='bbox 375 1747 439 1769; x_wconf 88' lang='lat' dir='ltr'>non</span> <span class='ocrx_word' id='word_1_169' title='bbox 458 1735 559 1769; x_wconf 81' lang='lat' dir='ltr'>latuit</span> <span class='ocrx_word' id='word_1_170' title='bbox 581 1747 668 1776; x_wconf 90' lang='lat' dir='ltr'>eum,</span> <span class='ocrx_word' id='word_1_171' title='bbox 692 1736 816 1770; x_wconf 90' lang='lat' dir='ltr'>Iridem</span> <span class='ocrx_word' id='word_1_172' title='bbox 839 1738 904 1770; x_wconf 92' lang='lat' dir='ltr'>hoc</span> 
     </span>
     <span class='ocr_line' id='line_1_31' title="bbox 92 1780 902 1825; baseline 0.004 -11"><span class='ocrx_word' id='word_1_173' title='bbox 92 1780 259 1823; x_wconf 82' lang='lat' dir='ltr'><strong>edixisse,</strong></span> <span class='ocrx_word' id='word_1_174' title='bbox 286 1794 354 1815; x_wconf 89' lang='lat' dir='ltr'>non</span> <span class='ocrx_word' id='word_1_175' title='bbox 380 1781 534 1823; x_wconf 86' lang='lat' dir='ltr'><strong>Politen</strong></span> <span class='ocrx_word' id='word_1_176' title='bbox 571 1782 668 1825; x_wconf 82' lang='lat' dir='ltr'>cujus</span> <span class='ocrx_word' id='word_1_177' title='bbox 703 1782 762 1817; x_wconf 88' lang='lat' dir='ltr'>illa</span> <span class='ocrx_word' id='word_1_178' title='bbox 786 1795 902 1817; x_wconf 80' lang='lat' dir='ltr'>vocem</span> 
     </span>
     <span class='ocr_line' id='line_1_32' title="bbox 93 1827 717 1869; baseline 0.003 -9"><span class='ocrx_word' id='word_1_179' title='bbox 93 1827 367 1862; x_wconf 85' lang='lat' dir='ltr'>assimulaverat.</span> <span class='ocrx_word' id='word_1_180' title='bbox 404 1828 449 1861; x_wconf 86' lang='lat' dir='ltr'><strong>cf.</strong></span> <span class='ocrx_word' id='word_1_181' title='bbox 485 1827 532 1869; x_wconf 84' lang='grc' dir='ltr'>α’,</span> <span class='ocrx_word' id='word_1_182' title='bbox 558 1829 626 1862; x_wconf 86' lang='grc'>537</span> <span class='ocrx_word' id='word_1_183' title='bbox 651 1834 717 1862; x_wconf 86' lang='lat' dir='ltr'>etc.</span> 
     </span>
    </p>

    <p class='ocr_par' dir='ltr' id='par_1_9' title="bbox 137 1871 640 1920">
     <span class='ocr_line' id='line_1_33' title="bbox 137 1871 640 1920; baseline -0.004 -12"><span class='ocrx_word' id='word_1_184' title='bbox 137 1875 220 1908; x_wconf 88' lang='grc'>810</span> <span class='ocrx_word' id='word_1_185' title='bbox 269 1871 333 1918; x_wconf 78' lang='grc' dir='ltr'>ὀρ.</span> <span class='ocrx_word' id='word_1_186' title='bbox 357 1871 535 1920; x_wconf 80' lang='grc' dir='ltr'><em>θόρυβος.</em></span> <span class='ocrx_word' id='word_1_187' title='bbox 561 1875 640 1908; x_wconf 79' lang='lat' dir='ltr'><strong>Sch.</strong></span> 
     </span>
    </p>

    <p class='ocr_par' dir='ltr' id='par_1_10' title="bbox 91 1918 904 2047">
     <span class='ocr_line' id='line_1_34' title="bbox 139 1918 903 1964; baseline 0.001 -11"><span class='ocrx_word' id='word_1_188' title='bbox 139 1921 221 1955; x_wconf 83' lang='lat'><strong>811.</strong></span> <span class='ocrx_word' id='word_1_189' title='bbox 270 1920 321 1953; x_wconf 90' lang='lat' dir='ltr'>sic</span> <span class='ocrx_word' id='word_1_190' title='bbox 346 1923 409 1964; x_wconf 88' lang='lat' dir='ltr'>Ap.</span> <span class='ocrx_word' id='word_1_191' title='bbox 434 1932 468 1954; x_wconf 89' lang='lat' dir='ltr'><strong>v.</strong></span> <span class='ocrx_word' id='word_1_192' title='bbox 502 1918 677 1960; x_wconf 81' lang='grc' dir='ltr'><em>κολωνός.</em></span> <span class='ocrx_word' id='word_1_193' title='bbox 716 1920 802 1954; x_wconf 89' lang='lat' dir='ltr'>male</span> <span class='ocrx_word' id='word_1_194' title='bbox 827 1920 903 1954; x_wconf 87' lang='lat' dir='ltr'>vul-</span> 
     </span>
     <span class='ocr_line' id='line_1_35' title="bbox 91 1965 904 2047; baseline 0.006 -50"><span class='ocrx_word' id='word_1_195' title='bbox 91 1965 168 2047; x_wconf 38' lang='lat' dir='ltr'>gssti</span> <span class='ocrx_word' id='word_1_196' title='bbox 192 1966 290 2000; x_wconf 84' lang='lat' dir='ltr'>libri:</span> <span class='ocrx_word' id='word_1_197' title='bbox 316 1965 344 2002; x_wconf 78' lang='grc' dir='ltr'>ἒ.</span> <span class='ocrx_word' id='word_1_198' title='bbox 370 1966 410 2002; x_wconf 83' lang='grc' dir='ltr'>δέ</span> <span class='ocrx_word' id='word_1_199' title='bbox 435 1979 491 2007; x_wconf 84' lang='grc' dir='ltr'>τις</span> <span class='ocrx_word' id='word_1_200' title='bbox 513 1965 751 2012; x_wconf 78' lang='grc' dir='ltr'><em>προπάροιθε</em></span> <span class='ocrx_word' id='word_1_201' title='bbox 774 1966 904 2009; x_wconf 84' lang='grc' dir='ltr'><em>πόλιος</em></span> 
     </span>
     <span class='ocr_line' id='line_1_36' title="bbox 96 2023 229 2046; baseline 0 0"><span class='ocrx_word' id='word_1_202' title='bbox 96 2025 120 2046; x_wconf 88' lang='grc' dir='ltr'><em>α</em></span> <span class='ocrx_word' id='word_1_203' title='bbox 138 2023 176 2045; x_wconf 89' lang='grc' dir='ltr'><em>π.</em></span> <span class='ocrx_word' id='word_1_204' title='bbox 197 2025 229 2046; x_wconf 87' lang='grc' dir='ltr'>κ.</span> 
     </span>
    </p>

    <p class='ocr_par' dir='ltr' id='par_1_11' title="bbox 89 2055 905 2242">
     <span class='ocr_line' id='line_1_37' title="bbox 138 2055 903 2104; baseline 0.003 -11"><span class='ocrx_word' id='word_1_205' title='bbox 138 2059 218 2093; x_wconf 74' lang='grc'><em>812.</em></span> <span class='ocrx_word' id='word_1_206' title='bbox 268 2055 343 2094; x_wconf 80' lang='grc' dir='ltr'>ἇπ.</span> <span class='ocrx_word' id='word_1_207' title='bbox 387 2058 456 2102; x_wconf 76' lang='grc' dir='ltr'>ἔξω</span> <span class='ocrx_word' id='word_1_208' title='bbox 487 2061 555 2103; x_wconf 82' lang='grc' dir='ltr'>τῆς</span> <span class='ocrx_word' id='word_1_209' title='bbox 595 2058 750 2098; x_wconf 81' lang='grc' dir='ltr'><em>πόλεως.</em></span> <span class='ocrx_word' id='word_1_210' title='bbox 806 2072 903 2104; x_wconf 82' lang='grc' dir='ltr'><em>περ.</em></span> 
     </span>
     <span class='ocr_line' id='line_1_38' title="bbox 91 2104 904 2150; baseline 0.002 -11"><span class='ocrx_word' id='word_1_211' title='bbox 91 2104 295 2149; x_wconf 78' lang='grc' dir='ltr'><em>περιφερὴς</em></span> <span class='ocrx_word' id='word_1_212' title='bbox 316 2131 325 2145; x_wconf 87' lang='grc'>,</span> <span class='ocrx_word' id='word_1_213' title='bbox 371 2106 620 2150; x_wconf 81' lang='grc' dir='ltr'><em>στρογγύλος,</em></span> <span class='ocrx_word' id='word_1_214' title='bbox 664 2105 904 2150; x_wconf 79' lang='grc' dir='ltr'><em>πανταχόθεν</em></span> 
     </span>
     <span class='ocr_line' id='line_1_39' title="bbox 89 2150 905 2196; baseline 0.004 -11"><span class='ocrx_word' id='word_1_215' title='bbox 89 2150 370 2196; x_wconf 81' lang='grc' dir='ltr'><em>περιτρέχεσθαι</em></span> <span class='ocrx_word' id='word_1_216' title='bbox 404 2151 618 2196; x_wconf 73' lang='grc' dir='ltr'><em>δυνάμενος.</em></span> <span class='ocrx_word' id='word_1_217' title='bbox 669 2151 793 2186; x_wconf 75' lang='grc' dir='ltr'><em>ἔνθα</em></span> <span class='ocrx_word' id='word_1_218' title='bbox 825 2153 905 2188; x_wconf 83' lang='grc' dir='ltr'>καὶ</span> 
     </span>
     <span class='ocr_line' id='line_1_40' title="bbox 94 2198 880 2242; baseline -0.001 -9"><span class='ocrx_word' id='word_1_219' title='bbox 94 2198 228 2233; x_wconf 72' lang='grc' dir='ltr'><em>ἔνθα.</em></span> <span class='ocrx_word' id='word_1_220' title='bbox 257 2200 310 2238; x_wconf 85' lang='grc' dir='ltr'><em>εἰς</em></span> <span class='ocrx_word' id='word_1_221' title='bbox 331 2198 470 2240; x_wconf 78' lang='grc' dir='ltr'><em>πλάτος</em></span> <span class='ocrx_word' id='word_1_222' title='bbox 493 2200 552 2233; x_wconf 74' lang='grc' dir='ltr'>καὶ</span> <span class='ocrx_word' id='word_1_223' title='bbox 581 2199 632 2237; x_wconf 82' lang='grc' dir='ltr'><em>εἰς</em></span> <span class='ocrx_word' id='word_1_224' title='bbox 651 2201 780 2242; x_wconf 83' lang='grc' dir='ltr'><em>μῆκος.</em></span> <span class='ocrx_word' id='word_1_225' title='bbox 799 2200 880 2233; x_wconf 86' lang='lat' dir='ltr'><strong>Sch.</strong></span> 
     </span>
    </p>

    <p class='ocr_par' dir='ltr' id='par_1_12' title="bbox 90 2243 905 3072">
     <span class='ocr_line' id='line_1_41' title="bbox 140 2243 904 2288; baseline 0 -9"><span class='ocrx_word' id='word_1_226' title='bbox 140 2245 219 2280; x_wconf 87' lang='lat'><strong>813.</strong></span> <span class='ocrx_word' id='word_1_227' title='bbox 269 2244 442 2288; x_wconf 75' lang='grc' dir='ltr'><em>ἄνδρες</em></span> <span class='ocrx_word' id='word_1_228' title='bbox 466 2264 511 2270; x_wconf 93' lang='grc'><strong>-</strong></span> <span class='ocrx_word' id='word_1_229' title='bbox 536 2243 793 2280; x_wconf 68' lang='grc' dir='ltr'><em>ἀθάνατοι.</em></span> <span class='ocrx_word' id='word_1_230' title='bbox 819 2245 904 2279; x_wconf 88' lang='lat' dir='ltr'>haec</span> 
     </span>
     <span class='ocr_line' id='line_1_42' title="bbox 92 2290 904 2336; baseline 0.001 -13"><span class='ocrx_word' id='word_1_231' title='bbox 92 2290 264 2336; x_wconf 91' lang='lat' dir='ltr'>quomodo</span> <span class='ocrx_word' id='word_1_232' title='bbox 288 2291 510 2335; x_wconf 85' lang='lat' dir='ltr'>intelligenda</span> <span class='ocrx_word' id='word_1_233' title='bbox 538 2302 613 2325; x_wconf 87' lang='lat' dir='ltr'>esse</span> <span class='ocrx_word' id='word_1_234' title='bbox 635 2291 828 2333; x_wconf 84' lang='lat' dir='ltr'>videantur,</span> <span class='ocrx_word' id='word_1_235' title='bbox 855 2291 904 2324; x_wconf 88' lang='grc'>51-</span> 
     </span>
     <span class='ocr_line' id='line_1_43' title="bbox 90 2336 904 2380; baseline 0.001 -11"><span class='ocrx_word' id='word_1_236' title='bbox 90 2336 331 2380; x_wconf 81' lang='lat' dir='ltr'>gnificavimus</span> <span class='ocrx_word' id='word_1_237' title='bbox 373 2349 450 2371; x_wconf 86' lang='lat' dir='ltr'>ann.</span> <span class='ocrx_word' id='word_1_238' title='bbox 495 2338 539 2371; x_wconf 87' lang='lat' dir='ltr'>ad</span> <span class='ocrx_word' id='word_1_239' title='bbox 573 2336 620 2378; x_wconf 85' lang='grc' dir='ltr'>α’,</span> <span class='ocrx_word' id='word_1_240' title='bbox 654 2338 734 2372; x_wconf 85' lang='grc'><em>403.</em></span> <span class='ocrx_word' id='word_1_241' title='bbox 774 2337 904 2371; x_wconf 85' lang='lat' dir='ltr'>fuerint</span> 
     </span>
     <span class='ocr_line' id='line_1_44' title="bbox 91 2382 902 2427; baseline 0.004 -13"><span class='ocrx_word' id='word_1_242' title='bbox 91 2382 222 2426; x_wconf 83' lang='lat' dir='ltr'>igitur,</span> <span class='ocrx_word' id='word_1_243' title='bbox 252 2394 340 2427; x_wconf 90' lang='lat' dir='ltr'>quae</span> <span class='ocrx_word' id='word_1_244' title='bbox 365 2385 505 2417; x_wconf 83' lang='lat' dir='ltr'>deorum</span> <span class='ocrx_word' id='word_1_245' title='bbox 536 2385 641 2416; x_wconf 82' lang='lat' dir='ltr'>verba</span> <span class='ocrx_word' id='word_1_246' title='bbox 676 2384 760 2418; x_wconf 87' lang='lat' dir='ltr'>dicit</span> <span class='ocrx_word' id='word_1_247' title='bbox 785 2385 885 2417; x_wconf 91' lang='lat' dir='ltr'>Hom.</span> <span class='ocrx_word' id='word_1_248' title='bbox 878 2409 902 2427; x_wconf 88' lang='lat'>.,</span> 
     </span>
     <span class='ocr_line' id='line_1_45' title="bbox 93 2429 902 2475; baseline 0.003 -14"><span class='ocrx_word' id='word_1_249' title='bbox 93 2433 246 2461; x_wconf 84' lang='lat' dir='ltr'>veterum</span> <span class='ocrx_word' id='word_1_250' title='bbox 262 2429 492 2473; x_wconf 83' lang='lat' dir='ltr'>Pelasgorum.</span> <span class='ocrx_word' id='word_1_251' title='bbox 518 2441 549 2463; x_wconf 88' lang='lat' dir='ltr'><strong>v.</strong></span> <span class='ocrx_word' id='word_1_252' title='bbox 576 2429 608 2462; x_wconf 94' lang='lat' dir='ltr'>U</span> <span class='ocrx_word' id='word_1_253' title='bbox 628 2436 674 2471; x_wconf 86' lang='lat' dir='ltr'>et,</span> <span class='ocrx_word' id='word_1_254' title='bbox 701 2441 798 2475; x_wconf 90' lang='lat' dir='ltr'>quem</span> <span class='ocrx_word' id='word_1_255' title='bbox 820 2441 902 2463; x_wconf 89' lang='lat' dir='ltr'>con—</span> 
     </span>
     <span class='ocr_line' id='line_1_46' title="bbox 94 2474 902 2520; baseline 0.004 -14"><span class='ocrx_word' id='word_1_256' title='bbox 94 2474 160 2507; x_wconf 88' lang='lat' dir='ltr'>suli</span> <span class='ocrx_word' id='word_1_257' title='bbox 180 2475 304 2518; x_wconf 87' lang='lat' dir='ltr'>jussit,</span> <span class='ocrx_word' id='word_1_258' title='bbox 332 2476 505 2520; x_wconf 66' lang='lat' dir='ltr'>Gottling.</span> <span class='ocrx_word' id='word_1_259' title='bbox 530 2475 565 2508; x_wconf 93' lang='lat' dir='ltr'>in</span> <span class='ocrx_word' id='word_1_260' title='bbox 588 2477 706 2511; x_wconf 83' lang='lat' dir='ltr'><strong><em>Jahrb.</em></strong></span> <span class='ocrx_word' id='word_1_261' title='bbox 724 2479 791 2518; x_wconf 74' lang='lat' dir='ltr'>fiir</span> <span class='ocrx_word' id='word_1_262' title='bbox 814 2477 902 2509; x_wconf 85' lang='lat' dir='ltr'>wiss.</span> 
     </span>
     <span class='ocr_line' id='line_1_47' title="bbox 95 2521 901 2566; baseline 0.002 -14"><span class='ocrx_word' id='word_1_263' title='bbox 95 2521 232 2561; x_wconf 75' lang='lat' dir='ltr'>Kritilc,</span> <span class='ocrx_word' id='word_1_264' title='bbox 259 2522 359 2557; x_wconf 87' lang='grc'><em>1830.</em></span> <span class='ocrx_word' id='word_1_265' title='bbox 384 2521 518 2566; x_wconf 80' lang='lat' dir='ltr'><strong>p..304</strong></span> <span class='ocrx_word' id='word_1_266' title='bbox 543 2522 590 2555; x_wconf 86' lang='lat' dir='ltr'>ibi</span> <span class='ocrx_word' id='word_1_267' title='bbox 619 2522 832 2566; x_wconf 79' lang='lat' dir='ltr'>G6ttlingius</span> <span class='ocrx_word' id='word_1_268' title='bbox 857 2522 901 2555; x_wconf 86' lang='lat' dir='ltr'>de</span> 
     </span>
     <span class='ocr_line' id='line_1_48' title="bbox 97 2533 903 2612; baseline 0.002 -13"><span class='ocrx_word' id='word_1_269' title='bbox 97 2565 130 2599; x_wconf 88' lang='grc'>11.</span> <span class='ocrx_word' id='word_1_270' title='bbox 156 2566 198 2601; x_wconf 86' lang='lat' dir='ltr'>l.:</span> <span class='ocrx_word' id='word_1_271' title='bbox 224 2567 304 2608; x_wconf 83' lang='lat' dir='ltr'>„die</span> <span class='ocrx_word' id='word_1_272' title='bbox 321 2533 507 2601; x_wconf 50' lang='lat' dir='ltr'>Trgdition</span> <span class='ocrx_word' id='word_1_273' title='bbox 528 2567 589 2601; x_wconf 89' lang='lat' dir='ltr'>der</span> <span class='ocrx_word' id='word_1_274' title='bbox 609 2568 772 2612; x_wconf 75' lang='lat' dir='ltr'>Peiasger</span> <span class='ocrx_word' id='word_1_275' title='bbox 796 2569 903 2609; x_wconf 90' lang='lat' dir='ltr'>(denn</span> 
     </span>
     <span class='ocr_line' id='line_1_49' title="bbox 96 2591 904 2657; baseline 0.003 -13"><span class='ocrx_word' id='word_1_276' title='bbox 96 2611 167 2644; x_wconf 84' lang='lat' dir='ltr'>Das</span> <span class='ocrx_word' id='word_1_277' title='bbox 210 2591 286 2645; x_wconf 62' lang='lat' dir='ltr'>522in</span> <span class='ocrx_word' id='word_1_278' title='bbox 321 2614 376 2646; x_wconf 88' lang='lat' dir='ltr'>die</span> <span class='ocrx_word' id='word_1_279' title='bbox 409 2615 542 2657; x_wconf 87' lang='lat' dir='ltr'>&#39;Iroer)</span> <span class='ocrx_word' id='word_1_280' title='bbox 581 2625 666 2647; x_wconf 84' lang='lat' dir='ltr'>nam</span> <span class='ocrx_word' id='word_1_281' title='bbox 671 2620 706 2647; x_wconf 85' lang='lat' dir='ltr'>te</span> <span class='ocrx_word' id='word_1_282' title='bbox 739 2615 795 2647; x_wconf 82' lang='lat' dir='ltr'>ein</span> <span class='ocrx_word' id='word_1_283' title='bbox 830 2614 904 2647; x_wconf 89' lang='lat' dir='ltr'>Hu-</span> 
     </span>
     <span class='ocr_line' id='line_1_50' title="bbox 96 2659 902 2704; baseline 0.004 -14"><span class='ocrx_word' id='word_1_284' title='bbox 96 2659 251 2702; x_wconf 81' lang='lat' dir='ltr'>nengrab</span> <span class='ocrx_word' id='word_1_285' title='bbox 275 2671 338 2693; x_wconf 92' lang='lat' dir='ltr'>vor</span> <span class='ocrx_word' id='word_1_286' title='bbox 353 2659 464 2702; x_wconf 85' lang='lat' dir='ltr'>Troja</span> <span class='ocrx_word' id='word_1_287' title='bbox 485 2661 549 2693; x_wconf 80' lang='lat' dir='ltr'>das</span> <span class='ocrx_word' id='word_1_288' title='bbox 578 2661 651 2692; x_wconf 69' lang='lat' dir='ltr'>wal</span> <span class='ocrx_word' id='word_1_289' title='bbox 669 2661 730 2692; x_wconf 83' lang='lat' dir='ltr'>der</span> <span class='ocrx_word' id='word_1_290' title='bbox 752 2661 902 2704; x_wconf 69' lang='lat' dir='ltr'>Myrina,</span> 
     </span>
     <span class='ocr_line' id='line_1_51' title="bbox 96 2703 904 2750; baseline 0.002 -13"><span class='ocrx_word' id='word_1_291' title='bbox 96 2703 152 2737; x_wconf 84' lang='lat' dir='ltr'>die</span> <span class='ocrx_word' id='word_1_292' title='bbox 186 2704 362 2737; x_wconf 89' lang='lat' dir='ltr'>Griechen</span> <span class='ocrx_word' id='word_1_293' title='bbox 407 2706 512 2748; x_wconf 88' lang='lat' dir='ltr'>(imo:</span> <span class='ocrx_word' id='word_1_294' title='bbox 555 2705 706 2738; x_wconf 83' lang='lat' dir='ltr'>homines</span> <span class='ocrx_word' id='word_1_295' title='bbox 739 2708 798 2750; x_wconf 84' lang='lat' dir='ltr'>qui</span> <span class='ocrx_word' id='word_1_296' title='bbox 833 2712 904 2740; x_wconf 90' lang='lat' dir='ltr'>tum</span> 
     </span>
     <span class='ocr_line' id='line_1_52' title="bbox 97 2749 904 2796; baseline 0.004 -14"><span class='ocrx_word' id='word_1_297' title='bbox 97 2749 278 2789; x_wconf 65' lang='lat' dir='ltr'>xivebant,</span> <span class='ocrx_word' id='word_1_298' title='bbox 302 2750 376 2783; x_wconf 79' lang='lat' dir='ltr'>sive</span> <span class='ocrx_word' id='word_1_299' title='bbox 401 2751 551 2792; x_wconf 89' lang='lat' dir='ltr'>Graeci,</span> <span class='ocrx_word' id='word_1_300' title='bbox 575 2752 650 2785; x_wconf 69' lang='lat' dir='ltr'>sixe</span> <span class='ocrx_word' id='word_1_301' title='bbox 676 2752 820 2796; x_wconf 88' lang='lat' dir='ltr'>Trojani</span> <span class='ocrx_word' id='word_1_302' title='bbox 844 2758 904 2786; x_wconf 88' lang='lat' dir='ltr'>aut</span> 
     </span>
     <span class='ocr_line' id='line_1_53' title="bbox 95 2795 904 2853; baseline 0.003 -25"><span class='ocrx_word' id='word_1_303' title='bbox 95 2795 267 2838; x_wconf 86' lang='lat' dir='ltr'>barbari.)</span> <span class='ocrx_word' id='word_1_304' title='bbox 311 2802 460 2830; x_wconf 85' lang='lat' dir='ltr'>nannten</span> <span class='ocrx_word' id='word_1_305' title='bbox 499 2809 535 2830; x_wconf 91' lang='lat' dir='ltr'>es</span> <span class='ocrx_word' id='word_1_306' title='bbox 575 2798 668 2830; x_wconf 84' lang='lat' dir='ltr'>bloss</span> <span class='ocrx_word' id='word_1_307' title='bbox 710 2799 904 2853; x_wconf 34' lang='grc' dir='ltr'><em>Βοτᾙιὸενς</em></span> 
     </span>
     <span class='ocr_line' id='line_1_54' title="bbox 97 2842 901 2888; baseline 0.005 -13"><span class='ocrx_word' id='word_1_308' title='bbox 97 2842 284 2885; x_wconf 62' lang='lat' dir='ltr'>(Batiam.</span> <span class='ocrx_word' id='word_1_309' title='bbox 332 2842 438 2875; x_wconf 85' lang='lat' dir='ltr'><strong>Sch.:</strong></span> <span class='ocrx_word' id='word_1_310' title='bbox 483 2845 657 2886; x_wconf 81' lang='grc' dir='ltr'><em>Βατίεια,</em></span> <span class='ocrx_word' id='word_1_311' title='bbox 699 2842 803 2884; x_wconf 85' lang='grc' dir='ltr'><em>πόλις</em></span> <span class='ocrx_word' id='word_1_312' title='bbox 836 2845 901 2888; x_wconf 58' lang='grc' dir='ltr'>[ἕ]</span> 
     </span>
     <span class='ocr_line' id='line_1_55' title="bbox 103 2886 902 2935; baseline 0.004 -14.008"><span class='ocrx_word' id='word_1_313' title='bbox 103 2886 260 2932; x_wconf 73' lang='grc' dir='ltr'><em>Τρωὶκή.</em></span> <span class='ocrx_word' id='word_1_314' title='bbox 294 2887 395 2931; x_wconf 75' lang='grc' dir='ltr'><em>παρὰ</em></span> <span class='ocrx_word' id='word_1_315' title='bbox 422 2889 496 2923; x_wconf 77' lang='grc' dir='ltr'>τῶν</span> <span class='ocrx_word' id='word_1_316' title='bbox 514 2892 594 2932; x_wconf 76' lang='grc' dir='ltr'><em>περὶ</em></span> <span class='ocrx_word' id='word_1_317' title='bbox 620 2887 737 2934; x_wconf 66' lang='grc' dir='ltr'><em>αὐτὴν</em></span> <span class='ocrx_word' id='word_1_318' title='bbox 767 2889 902 2935; x_wconf 80' lang='grc' dir='ltr'><em>βάτων.</em></span> 
     </span>
     <span class='ocr_line' id='line_1_56' title="bbox 98 2934 903 2980; baseline 0.005 -14"><span class='ocrx_word' id='word_1_319' title='bbox 98 2945 186 2977; x_wconf 86' lang='lat' dir='ltr'>quae</span> <span class='ocrx_word' id='word_1_320' title='bbox 211 2935 342 2968; x_wconf 82' lang='lat' dir='ltr'>notatio</span> <span class='ocrx_word' id='word_1_321' title='bbox 368 2934 396 2967; x_wconf 93' lang='lat' dir='ltr'>si</span> <span class='ocrx_word' id='word_1_322' title='bbox 421 2946 506 2968; x_wconf 90' lang='lat' dir='ltr'>vera</span> <span class='ocrx_word' id='word_1_323' title='bbox 531 2941 607 2976; x_wconf 86' lang='lat' dir='ltr'>est,</span> <span class='ocrx_word' id='word_1_324' title='bbox 632 2948 699 2980; x_wconf 82' lang='lat' dir='ltr'>neg</span> <span class='ocrx_word' id='word_1_325' title='bbox 703 2937 813 2970; x_wconf 90' lang='lat' dir='ltr'>lectus</span> <span class='ocrx_word' id='word_1_326' title='bbox 837 2937 903 2971; x_wconf 83' lang='lat' dir='ltr'>fuit</span> 
     </span>
     <span class='ocr_line' id='line_1_57' title="bbox 96 2980 905 3024; baseline 0.005 -11"><span class='ocrx_word' id='word_1_327' title='bbox 96 2980 255 3022; x_wconf 84' lang='lat' dir='ltr'>Myrinae</span> <span class='ocrx_word' id='word_1_328' title='bbox 279 2980 436 3024; x_wconf 81' lang='lat' dir='ltr'>tumulus,</span> <span class='ocrx_word' id='word_1_329' title='bbox 462 2992 525 3015; x_wconf 91' lang='lat' dir='ltr'>nec</span> <span class='ocrx_word' id='word_1_330' title='bbox 544 2982 723 3016; x_wconf 87' lang='lat' dir='ltr'>arboribus</span> <span class='ocrx_word' id='word_1_331' title='bbox 740 2983 905 3024; x_wconf 76' lang='lat' dir='ltr'>consitus,</span> 
     </span>
     <span class='ocr_line' id='line_1_58' title="bbox 98 3025 905 3072; baseline 0.007 -14"><span class='ocrx_word' id='word_1_332' title='bbox 98 3030 218 3070; x_wconf 84' lang='lat' dir='ltr'>utpote</span> <span class='ocrx_word' id='word_1_333' title='bbox 251 3025 430 3072; x_wconf 82' lang='lat' dir='ltr'>inimicae,</span> <span class='ocrx_word' id='word_1_334' title='bbox 464 3031 586 3062; x_wconf 84' lang='lat' dir='ltr'>contra</span> <span class='ocrx_word' id='word_1_335' title='bbox 617 3039 659 3061; x_wconf 88' lang='lat' dir='ltr'>ac</span> <span class='ocrx_word' id='word_1_336' title='bbox 692 3029 797 3063; x_wconf 86' lang='lat' dir='ltr'>moris</span> <span class='ocrx_word' id='word_1_337' title='bbox 828 3034 905 3064; x_wconf 83' lang='lat' dir='ltr'>erat</span> 
     </span>
    </p>
   </div>
   <div class='ocr_carea' id='block_1_7' title="bbox 946 1136 1811 3076">
    <p class='ocr_par' dir='ltr' id='par_1_13' title="bbox 950 1136 1811 1828">
     <span class='ocr_line' id='line_1_59' title="bbox 953 1136 1757 1181; baseline -0.004 -9"><span class='ocrx_word' id='word_1_338' title='bbox 953 1141 1122 1180; x_wconf 85' lang='lat' dir='ltr'>veterum,</span> <span class='ocrx_word' id='word_1_339' title='bbox 1148 1142 1188 1172; x_wconf 88' lang='lat' dir='ltr'>ut</span> <span class='ocrx_word' id='word_1_340' title='bbox 1211 1139 1242 1171; x_wconf 87' lang='grc' dir='ltr'><strong>Κ</strong></span> <span class='ocrx_word' id='word_1_341' title='bbox 1269 1137 1468 1178; x_wconf 82' lang='lat' dir='ltr'>annotavit,</span> <span class='ocrx_word' id='word_1_342' title='bbox 1493 1136 1636 1181; x_wconf 85' lang='lat' dir='ltr'>prolatis</span> <span class='ocrx_word' id='word_1_343' title='bbox 1658 1136 1757 1181; x_wconf 87' lang='lat' dir='ltr'>Virg.</span> 
     </span>
     <span class='ocr_line' id='line_1_60' title="bbox 953 1182 1759 1226; baseline -0.002 -9"><span class='ocrx_word' id='word_1_344' title='bbox 953 1186 1037 1217; x_wconf 82' lang='lat' dir='ltr'>Aen.</span> <span class='ocrx_word' id='word_1_345' title='bbox 1063 1187 1097 1226; x_wconf 91' lang='lat'>3,</span> <span class='ocrx_word' id='word_1_346' title='bbox 1125 1187 1182 1220; x_wconf 69' lang='grc'>22.</span> <span class='ocrx_word' id='word_1_347' title='bbox 1208 1189 1243 1218; x_wconf 88' lang='lat' dir='ltr'>et</span> <span class='ocrx_word' id='word_1_348' title='bbox 1269 1187 1324 1224; x_wconf 88' lang='lat'>11,</span> <span class='ocrx_word' id='word_1_349' title='bbox 1350 1186 1429 1219; x_wconf 88' lang='grc'><em>851.</em></span> <span class='ocrx_word' id='word_1_350' title='bbox 1454 1183 1548 1225; x_wconf 81' lang='lat' dir='ltr'>„suit</span> <span class='ocrx_word' id='word_1_351' title='bbox 1571 1182 1657 1216; x_wconf 84' lang='lat' dir='ltr'>enim</span> <span class='ocrx_word' id='word_1_352' title='bbox 1683 1184 1759 1226; x_wconf 75' lang='lat' dir='ltr'>My-</span> 
     </span>
     <span class='ocr_line' id='line_1_61' title="bbox 953 1229 1758 1273; baseline -0.001 -10"><span class='ocrx_word' id='word_1_353' title='bbox 953 1232 1033 1264; x_wconf 80' lang='lat' dir='ltr'>rina</span> <span class='ocrx_word' id='word_1_354' title='bbox 1058 1242 1100 1263; x_wconf 87' lang='lat' dir='ltr'>ex</span> <span class='ocrx_word' id='word_1_355' title='bbox 1134 1230 1362 1264; x_wconf 84' lang='lat' dir='ltr'>Amazonibus</span> <span class='ocrx_word' id='word_1_356' title='bbox 1398 1229 1525 1273; x_wconf 84' lang='lat' dir='ltr'>[Schol.</span> <span class='ocrx_word' id='word_1_357' title='bbox 1553 1231 1582 1262; x_wconf 90' lang='lat' dir='ltr'><strong>A</strong></span> <span class='ocrx_word' id='word_1_358' title='bbox 1617 1234 1651 1262; x_wconf 86' lang='lat' dir='ltr'>et</span> <span class='ocrx_word' id='word_1_359' title='bbox 1675 1229 1758 1262; x_wconf 85' lang='lat' dir='ltr'><strong>Sch.</strong></span> 
     </span>
     <span class='ocr_line' id='line_1_62' title="bbox 953 1274 1758 1321; baseline 0 -12"><span class='ocrx_word' id='word_1_360' title='bbox 953 1277 1083 1319; x_wconf 90' lang='lat' dir='ltr'>brev.],</span> <span class='ocrx_word' id='word_1_361' title='bbox 1106 1288 1193 1321; x_wconf 84' lang='lat' dir='ltr'>quas</span> <span class='ocrx_word' id='word_1_362' title='bbox 1212 1276 1468 1320; x_wconf 81' lang='lat' dir='ltr'>impressionem</span> <span class='ocrx_word' id='word_1_363' title='bbox 1485 1274 1519 1307; x_wconf 90' lang='lat' dir='ltr'>in</span> <span class='ocrx_word' id='word_1_364' title='bbox 1538 1274 1652 1307; x_wconf 84' lang='lat' dir='ltr'>Asiam</span> <span class='ocrx_word' id='word_1_365' title='bbox 1665 1275 1758 1309; x_wconf 85' lang='lat' dir='ltr'>Tro-</span> 
     </span>
     <span class='ocr_line' id='line_1_63' title="bbox 953 1321 1758 1367; baseline -0.001 -10.969"><span class='ocrx_word' id='word_1_366' title='bbox 953 1323 1122 1367; x_wconf 87' lang='lat' dir='ltr'>ademque</span> <span class='ocrx_word' id='word_1_367' title='bbox 1156 1322 1302 1362; x_wconf 88' lang='lat' dir='ltr'>fecisse,</span> <span class='ocrx_word' id='word_1_368' title='bbox 1336 1326 1436 1355; x_wconf 85' lang='lat' dir='ltr'>vetus</span> <span class='ocrx_word' id='word_1_369' title='bbox 1470 1321 1559 1354; x_wconf 82' lang='lat' dir='ltr'>fama</span> <span class='ocrx_word' id='word_1_370' title='bbox 1583 1321 1758 1355; x_wconf 81' lang='lat' dir='ltr'>obtinuit:</span> 
     </span>
     <span class='ocr_line' id='line_1_64' title="bbox 952 1366 1759 1412; baseline 0.001 -11"><span class='ocrx_word' id='word_1_371' title='bbox 952 1379 1028 1401; x_wconf 86' lang='lat' dir='ltr'>nam</span> <span class='ocrx_word' id='word_1_372' title='bbox 1054 1374 1089 1401; x_wconf 90' lang='lat' dir='ltr'>et</span> <span class='ocrx_word' id='word_1_373' title='bbox 1106 1369 1334 1412; x_wconf 86' lang='lat' dir='ltr'>Bellerophon</span> <span class='ocrx_word' id='word_1_374' title='bbox 1353 1374 1390 1402; x_wconf 84' lang='lat' dir='ltr'>et.</span> <span class='ocrx_word' id='word_1_375' title='bbox 1412 1368 1486 1412; x_wconf 87' lang='lat' dir='ltr'>ipse</span> <span class='ocrx_word' id='word_1_376' title='bbox 1505 1366 1657 1400; x_wconf 81' lang='lat' dir='ltr'>Priamus</span> <span class='ocrx_word' id='word_1_377' title='bbox 1684 1378 1759 1402; x_wconf 91' lang='lat' dir='ltr'>cum</span> 
     </span>
     <span class='ocr_line' id='line_1_65' title="bbox 952 1413 1758 1459; baseline 0.002 -13"><span class='ocrx_word' id='word_1_378' title='bbox 952 1414 994 1447; x_wconf 87' lang='lat' dir='ltr'>iis</span> <span class='ocrx_word' id='word_1_379' title='bbox 1020 1415 1205 1459; x_wconf 83' lang='lat' dir='ltr'>pugnavit:</span> <span class='ocrx_word' id='word_1_380' title='bbox 1231 1415 1273 1459; x_wconf 78' lang='grc' dir='ltr'>γ’,</span> <span class='ocrx_word' id='word_1_381' title='bbox 1293 1415 1386 1455; x_wconf 91' lang='grc'><em>189.,</em></span> <span class='ocrx_word' id='word_1_382' title='bbox 1409 1415 1450 1456; x_wconf 79' lang='grc' dir='ltr'>ζ’,</span> <span class='ocrx_word' id='word_1_383' title='bbox 1476 1414 1554 1448; x_wconf 89' lang='lat'>186.</span> <span class='ocrx_word' id='word_1_384' title='bbox 1579 1414 1630 1446; x_wconf 89' lang='lat' dir='ltr'>sic</span> <span class='ocrx_word' id='word_1_385' title='bbox 1654 1413 1758 1448; x_wconf 80' lang='lat' dir='ltr'>etiam</span> 
     </span>
     <span class='ocr_line' id='line_1_66' title="bbox 951 1459 1759 1494; baseline 0 0"><span class='ocrx_word' id='word_1_386' title='bbox 951 1461 1060 1494; x_wconf 89' lang='lat' dir='ltr'>Cume</span> <span class='ocrx_word' id='word_1_387' title='bbox 1096 1472 1215 1494; x_wconf 88' lang='lat' dir='ltr'>nomen</span> <span class='ocrx_word' id='word_1_388' title='bbox 1248 1461 1291 1494; x_wconf 90' lang='lat' dir='ltr'>ab</span> <span class='ocrx_word' id='word_1_389' title='bbox 1324 1465 1495 1494; x_wconf 81' lang='lat' dir='ltr'>Amazone</span> <span class='ocrx_word' id='word_1_390' title='bbox 1519 1459 1659 1493; x_wconf 87' lang='lat' dir='ltr'>duxisse</span> <span class='ocrx_word' id='word_1_391' title='bbox 1683 1471 1759 1494; x_wconf 85' lang='lat' dir='ltr'>cre-</span> 
     </span>
     <span class='ocr_line' id='line_1_67' title="bbox 951 1505 1757 1551; baseline 0.001 -12"><span class='ocrx_word' id='word_1_392' title='bbox 951 1506 1023 1540; x_wconf 83' lang='lat' dir='ltr'>dita</span> <span class='ocrx_word' id='word_1_393' title='bbox 1048 1513 1102 1540; x_wconf 85' lang='lat' dir='ltr'>est</span> <span class='ocrx_word' id='word_1_394' title='bbox 1125 1512 1160 1540; x_wconf 89' lang='lat' dir='ltr'>et</span> <span class='ocrx_word' id='word_1_395' title='bbox 1184 1508 1352 1551; x_wconf 73' lang='lat' dir='ltr'>Smyrna:</span> <span class='ocrx_word' id='word_1_396' title='bbox 1391 1506 1508 1540; x_wconf 80' lang='lat' dir='ltr'>Strab.</span> <span class='ocrx_word' id='word_1_397' title='bbox 1535 1507 1588 1541; x_wconf 90' lang='lat'>13.</span> <span class='ocrx_word' id='word_1_398' title='bbox 1617 1518 1650 1551; x_wconf 93' lang='lat' dir='ltr'>p.</span> <span class='ocrx_word' id='word_1_399' title='bbox 1676 1505 1757 1548; x_wconf 74' lang='lat'>924,</span> 
     </span>
     <span class='ocr_line' id='line_1_68' title="bbox 952 1551 1758 1596; baseline 0.002 -12"><span class='ocrx_word' id='word_1_400' title='bbox 952 1552 992 1585; x_wconf 86' lang='lat' dir='ltr'><strong>C.</strong></span> <span class='ocrx_word' id='word_1_401' title='bbox 1019 1558 1055 1585; x_wconf 78' lang='lat' dir='ltr'>et</span> <span class='ocrx_word' id='word_1_402' title='bbox 1071 1551 1151 1593; x_wconf 79' lang='lat'>940,</span> <span class='ocrx_word' id='word_1_403' title='bbox 1169 1555 1236 1586; x_wconf 50' lang='lat' dir='ltr'>Ast‘</span> <span class='ocrx_word' id='word_1_404' title='bbox 1260 1554 1315 1586; x_wconf 70' lang='lat' dir='ltr'>Ex</span> <span class='ocrx_word' id='word_1_405' title='bbox 1341 1553 1407 1596; x_wconf 89' lang='lat' dir='ltr'>H.)</span> <span class='ocrx_word' id='word_1_406' title='bbox 1433 1553 1571 1595; x_wconf 75' lang='lat' dir='ltr'>Myrina</span> <span class='ocrx_word' id='word_1_407' title='bbox 1595 1554 1678 1586; x_wconf 88' lang='lat' dir='ltr'>aber</span> <span class='ocrx_word' id='word_1_408' title='bbox 1695 1564 1758 1596; x_wconf 84' lang='lat' dir='ltr'>ge—</span> 
     </span>
     <span class='ocr_line' id='line_1_69' title="bbox 951 1598 1760 1642; baseline 0.001 -11"><span class='ocrx_word' id='word_1_409' title='bbox 951 1599 1032 1631; x_wconf 72' lang='lat' dir='ltr'>hort</span> <span class='ocrx_word' id='word_1_410' title='bbox 1054 1598 1110 1641; x_wconf 69' lang='lat'>(2)</span> <span class='ocrx_word' id='word_1_411' title='bbox 1139 1599 1174 1631; x_wconf 89' lang='lat' dir='ltr'>in</span> <span class='ocrx_word' id='word_1_412' title='bbox 1199 1599 1264 1632; x_wconf 88' lang='lat' dir='ltr'>den</span> <span class='ocrx_word' id='word_1_413' title='bbox 1292 1598 1529 1642; x_wconf 80' lang='lat' dir='ltr'>Mythenkreis</span> <span class='ocrx_word' id='word_1_414' title='bbox 1554 1598 1616 1632; x_wconf 91' lang='lat' dir='ltr'>der</span> <span class='ocrx_word' id='word_1_415' title='bbox 1639 1599 1760 1632; x_wconf 90' lang='lat' dir='ltr'>Pelas-</span> 
     </span>
     <span class='ocr_line' id='line_1_70' title="bbox 951 1644 1758 1688; baseline 0.001 -11"><span class='ocrx_word' id='word_1_416' title='bbox 951 1656 1026 1688; x_wconf 84' lang='lat' dir='ltr'>ger,</span> <span class='ocrx_word' id='word_1_417' title='bbox 1052 1644 1119 1677; x_wconf 84' lang='lat' dir='ltr'>wie</span> <span class='ocrx_word' id='word_1_418' title='bbox 1143 1644 1205 1678; x_wconf 88' lang='lat' dir='ltr'>der</span> <span class='ocrx_word' id='word_1_419' title='bbox 1225 1646 1336 1679; x_wconf 87' lang='lat' dir='ltr'>Name</span> <span class='ocrx_word' id='word_1_420' title='bbox 1359 1646 1456 1678; x_wconf 81' lang='lat' dir='ltr'>ihrer</span> <span class='ocrx_word' id='word_1_421' title='bbox 1479 1645 1583 1677; x_wconf 80' lang='lat' dir='ltr'>stadt</span> <span class='ocrx_word' id='word_1_422' title='bbox 1607 1645 1670 1678; x_wconf 87' lang='lat' dir='ltr'>auf</span> <span class='ocrx_word' id='word_1_423' title='bbox 1690 1644 1758 1679; x_wconf 88' lang='lat' dir='ltr'>Le-</span> 
     </span>
     <span class='ocr_line' id='line_1_71' title="bbox 951 1691 1811 1735; baseline 0 -12"><span class='ocrx_word' id='word_1_424' title='bbox 951 1701 1046 1723; x_wconf 90' lang='lat' dir='ltr'>mnos</span> <span class='ocrx_word' id='word_1_425' title='bbox 1079 1691 1224 1724; x_wconf 82' lang='lat' dir='ltr'>beweist</span> <span class='ocrx_word' id='word_1_426' title='bbox 1261 1692 1308 1734; x_wconf 87' lang='lat' dir='ltr'>(s.</span> <span class='ocrx_word' id='word_1_427' title='bbox 1336 1691 1458 1735; x_wconf 85' lang='lat' dir='ltr'>Steph.</span> <span class='ocrx_word' id='word_1_428' title='bbox 1494 1702 1527 1724; x_wconf 88' lang='lat' dir='ltr'><strong>v.</strong></span> <span class='ocrx_word' id='word_1_429' title='bbox 1550 1691 1638 1735; x_wconf 82' lang='lat' dir='ltr'><strong>Byz.</strong></span> <span class='ocrx_word' id='word_1_430' title='bbox 1671 1702 1698 1724; x_wconf 91' lang='lat' dir='ltr'>s.</span> <span class='ocrx_word' id='word_1_431' title='bbox 1723 1703 1757 1725; x_wconf 89' lang='lat' dir='ltr'><strong>v.</strong></span> <span class='ocrx_word' id='word_1_432' title='bbox 1810 1719 1811 1723; x_wconf 73' lang='grc'><em>,</em></span> 
     </span>
     <span class='ocr_line' id='line_1_72' title="bbox 946 1732 1757 1782; baseline 0.001 -12.01"><span class='ocrx_word' id='word_1_433' title='bbox 946 1732 1205 1781; x_wconf 47' lang='grc' dir='ltr'>ΗφαιστίαΆί)</span> <span class='ocrx_word' id='word_1_434' title='bbox 1237 1738 1281 1771; x_wconf 89' lang='lat' dir='ltr'>de</span> <span class='ocrx_word' id='word_1_435' title='bbox 1312 1737 1377 1771; x_wconf 86' lang='lat' dir='ltr'>bac</span> <span class='ocrx_word' id='word_1_436' title='bbox 1402 1737 1540 1782; x_wconf 78' lang='lat' dir='ltr'>Myrine</span> <span class='ocrx_word' id='word_1_437' title='bbox 1573 1749 1607 1771; x_wconf 88' lang='lat' dir='ltr'><strong>v.</strong></span> <span class='ocrx_word' id='word_1_438' title='bbox 1641 1737 1757 1773; x_wconf 85' lang='lat' dir='ltr'>schol.</span> 
     </span>
     <span class='ocr_line' id='line_1_73' title="bbox 950 1781 1433 1828; baseline 0.004 -11"><span class='ocrx_word' id='word_1_439' title='bbox 950 1783 1062 1828; x_wconf 85' lang='lat' dir='ltr'>Apoll.</span> <span class='ocrx_word' id='word_1_440' title='bbox 1087 1783 1200 1817; x_wconf 89' lang='lat' dir='ltr'>Rhod.</span> <span class='ocrx_word' id='word_1_441' title='bbox 1228 1784 1271 1817; x_wconf 85' lang='lat' dir='ltr'>ad</span> <span class='ocrx_word' id='word_1_442' title='bbox 1298 1787 1329 1824; x_wconf 90' lang='lat'>1,</span> <span class='ocrx_word' id='word_1_443' title='bbox 1354 1781 1433 1819; x_wconf 89' lang='grc'><em>604.</em></span> 
     </span>
    </p>

    <p class='ocr_par' dir='ltr' id='par_1_14' title="bbox 947 1827 1798 2751">
     <span class='ocr_line' id='line_1_74' title="bbox 996 1827 1758 1875; baseline 0.001 -11"><span class='ocrx_word' id='word_1_444' title='bbox 996 1828 1075 1864; x_wconf 80' lang='lat'>814</span> <span class='ocrx_word' id='word_1_445' title='bbox 1127 1831 1261 1875; x_wconf 84' lang='grc' dir='ltr'><em>σῆμα.</em></span> <span class='ocrx_word' id='word_1_446' title='bbox 1286 1831 1356 1864; x_wconf 81' lang='grc' dir='ltr'>νῦν</span> <span class='ocrx_word' id='word_1_447' title='bbox 1383 1841 1520 1873; x_wconf 83' lang='grc' dir='ltr'><em>ταφον.</em></span> <span class='ocrx_word' id='word_1_448' title='bbox 1561 1827 1689 1864; x_wconf 78' lang='grc' dir='ltr'><em>ἄλλοτε</em></span> <span class='ocrx_word' id='word_1_449' title='bbox 1716 1828 1758 1866; x_wconf 77' lang='grc' dir='ltr'>δὲ</span> 
     </span>
     <span class='ocr_line' id='line_1_75' title="bbox 949 1875 1758 1922; baseline 0.004 -14"><span class='ocrx_word' id='word_1_450' title='bbox 949 1879 1114 1919; x_wconf 75' lang='grc' dir='ltr'><em>σημεῖον.</em></span> <span class='ocrx_word' id='word_1_451' title='bbox 1139 1877 1284 1920; x_wconf 76' lang='grc' dir='ltr'><em>(χῶμα,</em></span> <span class='ocrx_word' id='word_1_452' title='bbox 1307 1875 1457 1922; x_wconf 76' lang='grc' dir='ltr'><em>τύμβος.</em></span> <span class='ocrx_word' id='word_1_453' title='bbox 1482 1875 1585 1917; x_wconf 66' lang='grc' dir='ltr'><em>σίζ’,ζ</em></span> <span class='ocrx_word' id='word_1_454' title='bbox 1606 1875 1686 1918; x_wconf 86' lang='grc'><em>419,</em></span> <span class='ocrx_word' id='word_1_455' title='bbox 1710 1875 1758 1921; x_wconf 87' lang='grc' dir='ltr'>η’,</span> 
     </span>
     <span class='ocr_line' id='line_1_76' title="bbox 950 1920 1759 1980; baseline 0.001 -23"><span class='ocrx_word' id='word_1_456' title='bbox 950 1922 995 1957; x_wconf 83' lang='lat'>84</span> <span class='ocrx_word' id='word_1_457' title='bbox 1012 1933 1106 1966; x_wconf 86' lang='lat' dir='ltr'>seqq.</span> <span class='ocrx_word' id='word_1_458' title='bbox 1136 1923 1245 1965; x_wconf 85' lang='grc' dir='ltr'><em>ΕΚ.)</em></span> <span class='ocrx_word' id='word_1_459' title='bbox 1292 1926 1393 1958; x_wconf 88' lang='grc' dir='ltr'><em>πολ.</em></span> <span class='ocrx_word' id='word_1_460' title='bbox 1415 1920 1677 1980; x_wconf 60' lang='grc' dir='ltr'><em>πὀλυκινήτου,</em></span> <span class='ocrx_word' id='word_1_461' title='bbox 1695 1936 1759 1958; x_wconf 82' lang='grc' dir='ltr'>τα-</span> 
     </span>
     <span class='ocr_line' id='line_1_77' title="bbox 948 1966 1758 2013; baseline 0.002 -9"><span class='ocrx_word' id='word_1_462' title='bbox 948 1970 1069 2011; x_wconf 84' lang='grc' dir='ltr'><em>χείας,</em></span> <span class='ocrx_word' id='word_1_463' title='bbox 1095 1966 1159 2004; x_wconf 73' lang='grc' dir='ltr'>διὰ</span> <span class='ocrx_word' id='word_1_464' title='bbox 1185 1968 1228 2003; x_wconf 81' lang='grc' dir='ltr'>τὸ</span> <span class='ocrx_word' id='word_1_465' title='bbox 1257 1968 1374 2004; x_wconf 85' lang='grc' dir='ltr'><em>πολλα</em></span> <span class='ocrx_word' id='word_1_466' title='bbox 1401 1967 1521 2013; x_wconf 64' lang='grc' dir='ltr'><em>αΰττῗν</em></span> <span class='ocrx_word' id='word_1_467' title='bbox 1542 1968 1700 2013; x_wconf 80' lang='grc' dir='ltr'><em>ενεργεῑν</em></span> <span class='ocrx_word' id='word_1_468' title='bbox 1719 1969 1758 2006; x_wconf 80' lang='grc' dir='ltr'>ἒν</span> 
     </span>
     <span class='ocr_line' id='line_1_78' title="bbox 949 2012 1760 2072; baseline 0.004 -23"><span class='ocrx_word' id='word_1_469' title='bbox 949 2017 999 2060; x_wconf 84' lang='grc' dir='ltr'>τῷ</span> <span class='ocrx_word' id='word_1_470' title='bbox 1019 2013 1175 2060; x_wconf 84' lang='grc' dir='ltr'><em>πολέμῳ.</em></span> <span class='ocrx_word' id='word_1_471' title='bbox 1198 2014 1392 2072; x_wconf 84' lang='grc' dir='ltr'><em>σκαρθμὸς</em></span> <span class='ocrx_word' id='word_1_472' title='bbox 1406 2012 1478 2060; x_wconf 77' lang='grc' dir='ltr'>γὰρ</span> <span class='ocrx_word' id='word_1_473' title='bbox 1496 2013 1519 2061; x_wconf 85' lang='grc' dir='ltr'>ἡ</span> <span class='ocrx_word' id='word_1_474' title='bbox 1537 2029 1612 2050; x_wconf 88' lang='grc' dir='ltr'>των</span> <span class='ocrx_word' id='word_1_475' title='bbox 1630 2017 1760 2052; x_wconf 83' lang='grc' dir='ltr'><em>ποδων</em></span> 
     </span>
     <span class='ocr_line' id='line_1_79' title="bbox 951 2059 1757 2106; baseline 0.004 -10"><span class='ocrx_word' id='word_1_476' title='bbox 951 2063 1093 2105; x_wconf 83' lang='grc' dir='ltr'><em>κίνησις</em></span> <span class='ocrx_word' id='word_1_477' title='bbox 1125 2063 1209 2106; x_wconf 87' lang='lat' dir='ltr'><strong>(Ap.</strong></span> <span class='ocrx_word' id='word_1_478' title='bbox 1242 2073 1274 2094; x_wconf 94' lang='lat' dir='ltr'><strong>v.</strong></span> <span class='ocrx_word' id='word_1_479' title='bbox 1306 2059 1557 2106; x_wconf 73' lang='grc' dir='ltr'><em>εὕσκαρθμοιι</em></span> <span class='ocrx_word' id='word_1_480' title='bbox 1591 2081 1635 2086; x_wconf 95' lang='grc'>-</span> <span class='ocrx_word' id='word_1_481' title='bbox 1656 2067 1757 2099; x_wconf 88' lang='grc' dir='ltr'><em>πολ.</em></span> 
     </span>
     <span class='ocr_line' id='line_1_80' title="bbox 951 2108 1756 2153; baseline 0 -10"><span class='ocrx_word' id='word_1_482' title='bbox 951 2111 998 2143; x_wconf 90' lang='grc' dir='ltr'><strong><em>Μ</em></strong></span> <span class='ocrx_word' id='word_1_483' title='bbox 1005 2121 1069 2152; x_wconf 84' lang='grc' dir='ltr'>υρ</span> <span class='ocrx_word' id='word_1_484' title='bbox 1093 2110 1159 2153; x_wconf 82' lang='grc' dir='ltr'>τῆς</span> <span class='ocrx_word' id='word_1_485' title='bbox 1179 2109 1493 2151; x_wconf 81' lang='grc' dir='ltr'><em>πολυσκαρίστου,</em></span> <span class='ocrx_word' id='word_1_486' title='bbox 1518 2108 1691 2151; x_wconf 81' lang='lat' dir='ltr'>[mendose</span> <span class='ocrx_word' id='word_1_487' title='bbox 1713 2110 1756 2143; x_wconf 92' lang='lat' dir='ltr'>li-</span> 
     </span>
     <span class='ocr_line' id='line_1_81' title="bbox 950 2153 1756 2198; baseline 0.003 -10"><span class='ocrx_word' id='word_1_488' title='bbox 950 2155 1024 2188; x_wconf 85' lang='lat' dir='ltr'>bri.</span> <span class='ocrx_word' id='word_1_489' title='bbox 1048 2154 1143 2189; x_wconf 88' lang='grc' dir='ltr'><em>πολυ</em></span> <span class='ocrx_word' id='word_1_490' title='bbox 1167 2153 1379 2198; x_wconf 82' lang='grc' dir='ltr'><em>ἐκαρίστου,</em></span> <span class='ocrx_word' id='word_1_491' title='bbox 1404 2166 1468 2188; x_wconf 87' lang='lat' dir='ltr'>nec</span> <span class='ocrx_word' id='word_1_492' title='bbox 1488 2159 1584 2187; x_wconf 85' lang='lat' dir='ltr'>recte</span> <span class='ocrx_word' id='word_1_493' title='bbox 1603 2154 1756 2191; x_wconf 53' lang='lat' dir='ltr'>Villoisa</span> 
     </span>
     <span class='ocr_line' id='line_1_82' title="bbox 949 2199 1756 2257; baseline 0.004 -23"><span class='ocrx_word' id='word_1_494' title='bbox 949 2213 987 2234; x_wconf 88' lang='grc' dir='ltr'>π.</span> <span class='ocrx_word' id='word_1_495' title='bbox 1024 2199 1277 2257; x_wconf 82' lang='grc' dir='ltr'><em>εὗσκαρίστου.</em></span> <span class='ocrx_word' id='word_1_496' title='bbox 1335 2201 1469 2245; x_wconf 87' lang='lat' dir='ltr'>Etym.:</span> <span class='ocrx_word' id='word_1_497' title='bbox 1510 2199 1756 2245; x_wconf 82' lang='grc' dir='ltr'><em>ευσκαρθμοι.</em></span> 
     </span>
     <span class='ocr_line' id='line_1_83' title="bbox 950 2242 1758 2293; baseline 0.004 -12"><span class='ocrx_word' id='word_1_498' title='bbox 950 2245 1208 2292; x_wconf 66' lang='grc' dir='ltr'><em>ευσκάριστοι]</em></span> <span class='ocrx_word' id='word_1_499' title='bbox 1233 2242 1257 2292; x_wconf 79' lang='grc' dir='ltr'><em>ἢ</em></span> <span class='ocrx_word' id='word_1_500' title='bbox 1273 2245 1536 2292; x_wconf 84' lang='grc' dir='ltr'><em>πολυκινήτου·</em></span> <span class='ocrx_word' id='word_1_501' title='bbox 1562 2248 1758 2293; x_wconf 83' lang='grc' dir='ltr'><em>καταστρέ-</em></span> 
     </span>
     <span class='ocr_line' id='line_1_84' title="bbox 950 2293 1758 2348; baseline 0.002 -21"><span class='ocrx_word' id='word_1_502' title='bbox 950 2306 1013 2337; x_wconf 83' lang='grc' dir='ltr'><em>φει</em></span> <span class='ocrx_word' id='word_1_503' title='bbox 1039 2293 1079 2329; x_wconf 84' lang='grc' dir='ltr'><em>δε</em></span> <span class='ocrx_word' id='word_1_504' title='bbox 1099 2295 1151 2335; x_wconf 76' lang='grc' dir='ltr'><em>εἰς</em></span> <span class='ocrx_word' id='word_1_505' title='bbox 1177 2293 1217 2328; x_wconf 84' lang='grc' dir='ltr'>τὸ</span> <span class='ocrx_word' id='word_1_506' title='bbox 1246 2295 1455 2348; x_wconf 83' lang='grc' dir='ltr'><em>πολεμικῆς.</em></span> <span class='ocrx_word' id='word_1_507' title='bbox 1487 2317 1510 2334; x_wconf 86' lang='grc'>,,</span> <span class='ocrx_word' id='word_1_508' title='bbox 1501 2293 1656 2334; x_wconf 79' lang='lat' dir='ltr'>,choreas</span> <span class='ocrx_word' id='word_1_509' title='bbox 1673 2297 1758 2340; x_wconf 79' lang='lat' dir='ltr'>agi-</span> 
     </span>
     <span class='ocr_line' id='line_1_85' title="bbox 948 2341 1759 2385; baseline 0.003 -12"><span class='ocrx_word' id='word_1_510' title='bbox 948 2342 1028 2374; x_wconf 84' lang='lat' dir='ltr'>liter</span> <span class='ocrx_word' id='word_1_511' title='bbox 1052 2342 1232 2374; x_wconf 76' lang='lat' dir='ltr'>ducentem</span> <span class='ocrx_word' id='word_1_512' title='bbox 1268 2341 1327 2374; x_wconf 89' lang='lat' dir='ltr'>alii</span> <span class='ocrx_word' id='word_1_513' title='bbox 1349 2341 1634 2385; x_wconf 80' lang='lat' dir='ltr'>interpretantur.</span> <span class='ocrx_word' id='word_1_514' title='bbox 1677 2353 1759 2375; x_wconf 83' lang='lat' dir='ltr'>con·</span> 
     </span>
     <span class='ocr_line' id='line_1_86' title="bbox 948 2386 1758 2432; baseline 0.001 -12"><span class='ocrx_word' id='word_1_515' title='bbox 948 2388 1093 2420; x_wconf 86' lang='lat' dir='ltr'>tendunt</span> <span class='ocrx_word' id='word_1_516' title='bbox 1123 2387 1231 2432; x_wconf 79' lang='lat' dir='ltr'>igitur</span> <span class='ocrx_word' id='word_1_517' title='bbox 1255 2386 1426 2430; x_wconf 77' lang='lat' dir='ltr'>Myrinam</span> <span class='ocrx_word' id='word_1_518' title='bbox 1453 2386 1557 2419; x_wconf 71' lang='lat' dir='ltr'>Trois</span> <span class='ocrx_word' id='word_1_519' title='bbox 1581 2386 1636 2419; x_wconf 83' lang='lat' dir='ltr'>vel</span> <span class='ocrx_word' id='word_1_520' title='bbox 1660 2388 1758 2421; x_wconf 89' lang='lat' dir='ltr'>Teu-</span> 
     </span>
     <span class='ocr_line' id='line_1_87' title="bbox 949 2432 1755 2475; baseline 0.001 -9"><span class='ocrx_word' id='word_1_521' title='bbox 949 2432 998 2466; x_wconf 89' lang='lat' dir='ltr'>cri</span> <span class='ocrx_word' id='word_1_522' title='bbox 1024 2434 1130 2466; x_wconf 85' lang='lat' dir='ltr'>fuisse</span> <span class='ocrx_word' id='word_1_523' title='bbox 1154 2433 1269 2474; x_wconf 84' lang='lat' dir='ltr'>filiam,</span> <span class='ocrx_word' id='word_1_524' title='bbox 1296 2433 1449 2467; x_wconf 81' lang='lat' dir='ltr'>Dardani</span> <span class='ocrx_word' id='word_1_525' title='bbox 1467 2442 1617 2467; x_wconf 84' lang='lat' dir='ltr'>uxorem</span> <span class='ocrx_word' id='word_1_526' title='bbox 1651 2445 1684 2467; x_wconf 91' lang='lat' dir='ltr'><strong>v.</strong></span> <span class='ocrx_word' id='word_1_527' title='bbox 1711 2433 1755 2475; x_wconf 77' lang='lat' dir='ltr'>E,</span> 
     </span>
     <span class='ocr_line' id='line_1_88' title="bbox 947 2478 1759 2523; baseline 0.001 -11"><span class='ocrx_word' id='word_1_528' title='bbox 947 2478 1006 2523; x_wconf 90' lang='lat' dir='ltr'>qui</span> <span class='ocrx_word' id='word_1_529' title='bbox 1041 2479 1301 2523; x_wconf 86' lang='lat' dir='ltr'>Lycophronem</span> <span class='ocrx_word' id='word_1_530' title='bbox 1340 2485 1375 2512; x_wconf 86' lang='lat' dir='ltr'>et</span> <span class='ocrx_word' id='word_1_531' title='bbox 1407 2478 1610 2512; x_wconf 88' lang='lat' dir='ltr'>Strabonem</span> <span class='ocrx_word' id='word_1_532' title='bbox 1641 2479 1759 2513; x_wconf 86' lang='lat' dir='ltr'>laudat</span> 
     </span>
     <span class='ocr_line' id='line_1_89' title="bbox 950 2524 1757 2569; baseline 0.001 -11"><span class='ocrx_word' id='word_1_533' title='bbox 950 2536 1024 2558; x_wconf 90' lang='lat' dir='ltr'>cum</span> <span class='ocrx_word' id='word_1_534' title='bbox 1047 2525 1205 2560; x_wconf 83' lang='lat' dir='ltr'>Arriano.</span> <span class='ocrx_word' id='word_1_535' title='bbox 1254 2526 1344 2559; x_wconf 91' lang='lat' dir='ltr'>adde</span> <span class='ocrx_word' id='word_1_536' title='bbox 1367 2524 1614 2569; x_wconf 81' lang='lat' dir='ltr'>Wassenberg.</span> <span class='ocrx_word' id='word_1_537' title='bbox 1646 2525 1757 2569; x_wconf 82' lang='lat' dir='ltr'>virgi-</span> 
     </span>
     <span class='ocr_line' id='line_1_90' title="bbox 950 2570 1758 2616; baseline 0.001 -12"><span class='ocrx_word' id='word_1_538' title='bbox 950 2580 1023 2604; x_wconf 90' lang='lat' dir='ltr'>nem</span> <span class='ocrx_word' id='word_1_539' title='bbox 1049 2570 1194 2604; x_wconf 91' lang='lat' dir='ltr'>Arisben</span> <span class='ocrx_word' id='word_1_540' title='bbox 1221 2571 1411 2616; x_wconf 84' lang='lat' dir='ltr'>appellavit</span> <span class='ocrx_word' id='word_1_541' title='bbox 1438 2570 1612 2613; x_wconf 86' lang='lat' dir='ltr'>Cephalo,</span> <span class='ocrx_word' id='word_1_542' title='bbox 1637 2571 1758 2605; x_wconf 88' lang='lat' dir='ltr'>Hella-</span> 
     </span>
     <span class='ocr_line' id='line_1_91' title="bbox 951 2615 1757 2671; baseline 0.001 -21"><span class='ocrx_word' id='word_1_543' title='bbox 951 2617 1046 2650; x_wconf 91' lang='lat' dir='ltr'>nicus</span> <span class='ocrx_word' id='word_1_544' title='bbox 1070 2617 1215 2650; x_wconf 81' lang='lat' dir='ltr'>Batiam.</span> <span class='ocrx_word' id='word_1_545' title='bbox 1242 2629 1274 2650; x_wconf 88' lang='lat' dir='ltr'><strong>v.</strong></span> <span class='ocrx_word' id='word_1_546' title='bbox 1301 2617 1417 2650; x_wconf 84' lang='lat' dir='ltr'>Sturz.</span> <span class='ocrx_word' id='word_1_547' title='bbox 1440 2615 1610 2649; x_wconf 79' lang='lat' dir='ltr'>Hellanici</span> <span class='ocrx_word' id='word_1_548' title='bbox 1633 2617 1757 2671; x_wconf 81' lang='lat' dir='ltr'>fragm.</span> 
     </span>
     <span class='ocr_line' id='line_1_92' title="bbox 952 2659 1798 2713; baseline 0 -15"><span class='ocrx_word' id='word_1_549' title='bbox 952 2675 984 2708; x_wconf 91' lang='lat' dir='ltr'>p.</span> <span class='ocrx_word' id='word_1_550' title='bbox 1011 2666 1108 2703; x_wconf 89' lang='grc'><em>100,</em></span> <span class='ocrx_word' id='word_1_551' title='bbox 1141 2663 1262 2707; x_wconf 85' lang='lat' dir='ltr'>Steph.</span> <span class='ocrx_word' id='word_1_552' title='bbox 1286 2664 1371 2708; x_wconf 85' lang='lat' dir='ltr'><strong>Byz.</strong></span> <span class='ocrx_word' id='word_1_553' title='bbox 1404 2674 1461 2695; x_wconf 89' lang='lat' dir='ltr'><strong>vv.</strong></span> <span class='ocrx_word' id='word_1_554' title='bbox 1482 2659 1645 2707; x_wconf 82' lang='grc' dir='ltr'><em>Ἀρίσβη,</em></span> <span class='ocrx_word' id='word_1_555' title='bbox 1680 2661 1757 2698; x_wconf 76' lang='grc' dir='ltr'>Βά-</span> <span class='ocrx_word' id='word_1_556' title='bbox 1794 2675 1798 2713; x_wconf 49' lang='lat' dir='ltr'>f*</span> 
     </span>
     <span class='ocr_line' id='line_1_93' title="bbox 950 2706 1478 2751; baseline -0.008 -7"><span class='ocrx_word' id='word_1_557' title='bbox 950 2721 1041 2749; x_wconf 83' lang='grc' dir='ltr'><em>τεια,</em></span> <span class='ocrx_word' id='word_1_558' title='bbox 1070 2706 1308 2751; x_wconf 48' lang='grc' dir='ltr'><em>Δάρδανοςὲ*</em></span> <span class='ocrx_word' id='word_1_559' title='bbox 1340 2710 1392 2742; x_wconf 74' lang='lat' dir='ltr'>Ex</span> <span class='ocrx_word' id='word_1_560' title='bbox 1411 2708 1478 2751; x_wconf 90' lang='lat' dir='ltr'><strong>H.)</strong></span> 
     </span>
    </p>

    <p class='ocr_par' dir='ltr' id='par_1_15' title="bbox 949 2753 1796 3076">
     <span class='ocr_line' id='line_1_94' title="bbox 997 2753 1756 2800; baseline -0.003 -10"><span class='ocrx_word' id='word_1_561' title='bbox 997 2757 1075 2790; x_wconf 91' lang='grc'><em>816.</em></span> <span class='ocrx_word' id='word_1_562' title='bbox 1091 2756 1245 2800; x_wconf 86' lang='lat' dir='ltr'>sequitur</span> <span class='ocrx_word' id='word_1_563' title='bbox 1263 2765 1425 2788; x_wconf 89' lang='lat' dir='ltr'>recensus</span> <span class='ocrx_word' id='word_1_564' title='bbox 1442 2753 1607 2798; x_wconf 84' lang='lat' dir='ltr'>gentium,</span> <span class='ocrx_word' id='word_1_565' title='bbox 1621 2761 1663 2788; x_wconf 74' lang='lat' dir='ltr'>ex</span> <span class='ocrx_word' id='word_1_566' title='bbox 1679 2753 1756 2800; x_wconf 90' lang='lat' dir='ltr'>qui—</span> 
     </span>
     <span class='ocr_line' id='line_1_95' title="bbox 951 2800 1756 2847; baseline 0.001 -12"><span class='ocrx_word' id='word_1_567' title='bbox 951 2802 1014 2835; x_wconf 91' lang='lat' dir='ltr'>bus</span> <span class='ocrx_word' id='word_1_568' title='bbox 1025 2802 1206 2836; x_wconf 84' lang='lat' dir='ltr'>constabat</span> <span class='ocrx_word' id='word_1_569' title='bbox 1221 2801 1395 2835; x_wconf 85' lang='lat' dir='ltr'>exercitus</span> <span class='ocrx_word' id='word_1_570' title='bbox 1406 2800 1647 2843; x_wconf 89' lang='lat' dir='ltr'>Trojanorum,</span> <span class='ocrx_word' id='word_1_571' title='bbox 1666 2813 1756 2847; x_wconf 85' lang='lat' dir='ltr'>quae</span> 
     </span>
     <span class='ocr_line' id='line_1_96' title="bbox 952 2846 1796 2892; baseline 0.001 -12"><span class='ocrx_word' id='word_1_572' title='bbox 952 2853 1072 2892; x_wconf 85' lang='lat' dir='ltr'>gentes</span> <span class='ocrx_word' id='word_1_573' title='bbox 1093 2847 1298 2892; x_wconf 88' lang='lat' dir='ltr'>peninsulam</span> <span class='ocrx_word' id='word_1_574' title='bbox 1323 2846 1425 2880; x_wconf 85' lang='lat' dir='ltr'>Asiae</span> <span class='ocrx_word' id='word_1_575' title='bbox 1444 2846 1694 2888; x_wconf 80' lang='lat' dir='ltr'>1nhab=tabant</span> <span class='ocrx_word' id='word_1_576' title='bbox 1719 2848 1753 2880; x_wconf 89' lang='lat' dir='ltr'>h.</span> <span class='ocrx_word' id='word_1_577' title='bbox 1793 2852 1796 2858; x_wconf 92' lang='grc'><em>“</em></span> 
     </span>
     <span class='ocr_line' id='line_1_97' title="bbox 951 2891 1755 2937; baseline 0.001 -11"><span class='ocrx_word' id='word_1_578' title='bbox 951 2905 982 2928; x_wconf 87' lang='lat' dir='ltr'>e.</span> <span class='ocrx_word' id='word_1_579' title='bbox 1018 2893 1199 2927; x_wconf 87' lang='lat' dir='ltr'>anterioris</span> <span class='ocrx_word' id='word_1_580' title='bbox 1222 2893 1325 2926; x_wconf 87' lang='lat' dir='ltr'>Asiae</span> <span class='ocrx_word' id='word_1_581' title='bbox 1358 2897 1487 2937; x_wconf 84' lang='lat' dir='ltr'>partem</span> <span class='ocrx_word' id='word_1_582' title='bbox 1519 2891 1634 2936; x_wconf 87' lang='lat' dir='ltr'>illam,</span> <span class='ocrx_word' id='word_1_583' title='bbox 1667 2904 1755 2937; x_wconf 87' lang='lat' dir='ltr'>quae</span> 
     </span>
     <span class='ocr_line' id='line_1_98' title="bbox 950 2938 1792 3000; baseline 0.001 -29"><span class='ocrx_word' id='word_1_584' title='bbox 950 2939 1079 2984; x_wconf 87' lang='lat' dir='ltr'>Sinope</span> <span class='ocrx_word' id='word_1_585' title='bbox 1104 2945 1139 2973; x_wconf 88' lang='lat' dir='ltr'>et</span> <span class='ocrx_word' id='word_1_586' title='bbox 1162 2939 1236 2972; x_wconf 85' lang='lat' dir='ltr'>Isso</span> <span class='ocrx_word' id='word_1_587' title='bbox 1261 2938 1458 2974; x_wconf 87' lang='lat' dir='ltr'>includitur.</span> <span class='ocrx_word' id='word_1_588' title='bbox 1496 2939 1651 2982; x_wconf 77' lang='grc' dir='ltr'><em>Τρῶες</em></span> <span class='ocrx_word' id='word_1_589' title='bbox 1675 2940 1708 2972; x_wconf 86' lang='lat' dir='ltr'>h.</span> <span class='ocrx_word' id='word_1_590' title='bbox 1729 2939 1752 2973; x_wconf 87' lang='lat'><strong>1.</strong></span> <span class='ocrx_word' id='word_1_591' title='bbox 1787 2967 1792 3000; x_wconf 42' lang='grc' dir='ltr'><strong><em>ἲ</em></strong></span> 
     </span>
     <span class='ocr_line' id='line_1_99' title="bbox 950 2984 1792 3030; baseline 0.005 -12"><span class='ocrx_word' id='word_1_592' title='bbox 950 2985 1091 3030; x_wconf 85' lang='lat' dir='ltr'>proprie</span> <span class='ocrx_word' id='word_1_593' title='bbox 1118 2985 1202 3019; x_wconf 85' lang='lat' dir='ltr'>dicti</span> <span class='ocrx_word' id='word_1_594' title='bbox 1224 2985 1286 3019; x_wconf 91' lang='lat' dir='ltr'>Ilio</span> <span class='ocrx_word' id='word_1_595' title='bbox 1311 2990 1346 3018; x_wconf 84' lang='lat' dir='ltr'>et</span> <span class='ocrx_word' id='word_1_596' title='bbox 1365 2984 1506 3018; x_wconf 89' lang='lat' dir='ltr'>Troade</span> <span class='ocrx_word' id='word_1_597' title='bbox 1527 2984 1756 3021; x_wconf 87' lang='lat' dir='ltr'>continentur.</span> <span class='ocrx_word' id='word_1_598' title='bbox 1788 3012 1792 3021; x_wconf 84' lang='lat'>‚</span> 
     </span>
     <span class='ocr_line' id='line_1_100' title="bbox 949 3031 1790 3076; baseline 0.001 -12"><span class='ocrx_word' id='word_1_599' title='bbox 949 3031 1035 3066; x_wconf 83' lang='lat' dir='ltr'>alias</span> <span class='ocrx_word' id='word_1_600' title='bbox 1069 3043 1241 3066; x_wconf 89' lang='lat' dir='ltr'>commune</span> <span class='ocrx_word' id='word_1_601' title='bbox 1276 3042 1395 3065; x_wconf 88' lang='lat' dir='ltr'>nomen</span> <span class='ocrx_word' id='word_1_602' title='bbox 1426 3035 1480 3064; x_wconf 83' lang='lat' dir='ltr'>est</span> <span class='ocrx_word' id='word_1_603' title='bbox 1512 3036 1548 3064; x_wconf 88' lang='lat' dir='ltr'>et</span> <span class='ocrx_word' id='word_1_604' title='bbox 1581 3031 1755 3076; x_wconf 85' lang='lat' dir='ltr'>Trojano·</span> <span class='ocrx_word' id='word_1_605' title='bbox 1786 3038 1790 3055; x_wconf 81' lang='lat'><strong><em>¹</em></strong></span> 
     </span>
    </p>
   </div>
   <div class='ocr_carea' id='block_1_8' title="bbox 1786 1721 1811 3269">
    <p class='ocr_par' dir='ltr' id='par_1_16' title="bbox 1786 1721 1811 3269">
     <span class='ocr_line' id='line_1_101' title="bbox 1786 1721 1811 3269; baseline 0 0"><span class='ocrx_word' id='word_1_606' title='bbox 1786 1721 1811 3009; x_wconf 95' lang='lat' dir='ltr'>  </span> <span class='ocrx_word' id='word_1_607' title='bbox 1792 2951 1811 3269; x_wconf 95' lang='lat' dir='ltr'>  </span> 
     </span>
    </p>
   </div>
  </div>
 </body>
</html>
