1811 3269
55 139 140 179 136

686 135 1092 178 ΟΜΗΡΟΥ

108 247 193 292 595
223 243 460 300 α’ντόμεναι
492 244 694 300 Θάμυριν
723 245 802 289 τόν
836 245 1004 317 Θρήϊκα
1034 249 1211 290 παῦσαν
1241 244 1408 304 ἀοιδῆς,

223 303 488 370 Οἰχαλίηθεν
516 302 642 346 ἰόντα
673 301 779 356 παρ’
813 302 1020 358 Εὐρύτου
1055 306 1309 359 Οιχαλιῆος·

224 363 378 403 στεῦτο
409 358 493 428 γοὶρ
525 357 759 414 εὐχόμενος
787 361 1036 430 νικησέμεν,
1069 362 1188 414 εἴπερ
1222 360 1278 403 ἂν
1308 359 1437 405 αὐταὶ

223 420 410 459 Μοῦσαι
443 414 652 469 οἷείδοιεν,
682 419 842 472 κοῦραι
872 418 982 468 Διὸς
1013 416 1247 487 αἰγιόχοιο·

226 474 272 516 αἱ
302 474 347 516 δὲ
377 472 677 542 χολωσαμεναι
706 473 851 530 πηρὸν
880 474 1039 526 θέσαν,
1073 471 1215 526 αὐτὰρ
1247 471 1404 529 ἀοιδην

112 533 198 575 600
225 532 463 599 θεσπεσίην
491 527 736 598 ἀφέλοντο,
766 531 841 573 καὶ
871 508 1110 574 ἐκλέλαθον
1139 531 1445 584 κιθαριστύν)·

226 590 314 629 τῶν
345 583 453 628 αὖθ’
485 584 720 642 ἡγεμόνευε
751 585 960 643 Γερήνιος
991 585 1153 630 ἱππότα
1183 586 1389 656 Νέστωρ·

227 647 289 700 τῷ
320 641 360 686 δ’
394 642 657 697 ἐνενήκοντα
685 644 912 713 γλαφυραὶ
939 645 1031 695 νέες
1063 641 1330 698 ἐστιχόωντο

308 702 364 742 Οι
398 698 442 743 6'
475 699 575 756 ε’χον
586 699 851 770 Ἀρκαδίην,
883 699 972 745 ὑπό
1006 700 1238 755 Κυλλήνης
1268 699 1376 754 ὅρος
1406 701 1525 753 αἰπὺ,

227 757 448 800 Αἰπύτιον
475 756 598 813 παρὰ
626 756 825 814 τύμβον,
855 757 918 801 ἵν’
950 756 1101 814 ἀνέρες
1131 756 1432 814 ἀγχιμαχηταὶ,

58 891 103 928 de
128 893 192 927 hac
215 896 322 928 tacet.
351 913 391 921 -
416 894 460 928 H.
498 894 625 928 Strabo
650 893 717 929 ib.:
731 892 874 933 Ἕλος

59 938 97 976 οἱ
129 937 196 983 μὲν
229 939 312 983 περὶ
339 939 408 976 τὸν
436 939 602 995 Ἀλφειὸν
632 939 756 985 χώραν
787 938 873 976 τινοὶ

59 998 196 1040 φασιν,
222 986 258 1020 οἱ
284 984 323 1022 δὲ
341 987 403 1022 καὶ
420 988 549 1029 πόλιν,
573 983 623 1028 (ὃς
650 986 719 1032 τήν
742 991 873 1022 Λακω-

58 1030 168 1076 νικήν
190 1032 291 1076 (584.
315 1045 350 1067 v.
370 1045 447 1069 ann.
472 1034 672 1068 Buttmanni
691 1033 734 1068 ad
757 1034 872 1092 581.)-

60 1078 98 1117 οὶ
123 1077 163 1114 δὲ
195 1079 279 1124 περὶ
313 1077 356 1115 τὸ
385 1077 556 1122 Αλτόριον
579 1077 710 1121 Ἐλος,
746 1093 791 1116 ου
827 1077 870 1114 τὸ

59 1125 127 1170 τῆς
147 1123 291 1166 Ἠλείας
312 1124 516 1170 Ἀρτέμιδος
540 1125 663 1183 ἱερὸν,
697 1127 780 1184 τῆς
795 1123 872 1162 ὑπὸ

59 1175 141 1213 τοῖς
163 1169 336 1214 Ἀρκοίσιν
385 1171 575 1217 Δώριον
608 1171 650 1208 δὲ
682 1173 718 1208 οἱ
741 1171 808 1216 μὲν
833 1169 875 1208 ὄ-

61 1231 149 1264 ρος,
180 1218 217 1253 οὶ
252 1216 292 1253 δὲ
323 1220 457 1254 πεδίον
493 1221 630 1276 φασίν·
666 1217 778 1254 οὐδὲν
804 1217 875 1273 γὰρ

61 1266 132 1300 νῦν
156 1265 357 1299 δείκνυται.
407 1263 506 1309 ὅμως
531 1265 571 1301 δὲ
597 1263 690 1300 ἔνιοι
713 1264 781 1310 τὴν
806 1278 877 1301 νυν

52 1307 270 1355 Ὀλουριν
257 1308 278 1355 ἢ
295 1311 504 1355 ”,Ολονρον
528 1311 567 1348 ἐν
589 1313 642 1357 τῷ
660 1311 876 1368 καλουμένῳ

61 1345 209 1393 Αὐλῶνι
230 1370 297 1402 της
331 1359 542 1413 Μεσσηνίας
565 1357 759 1415 κειμένην,
790 1357 876 1392 Δω-

62 1417 146 1450 ριον
177 1402 358 1449 λέγουσιν.
413 1404 534 1441 αὑτοῦ
576 1403 616 1439 δέ
647 1417 722 1440 που
756 1404 819 1439 καὶ
851 1400 875 1448 ἡ

61 1451 281 1508 Οἰχαλία
305 1449 442 1486 ἐστὶν
423 1465 446 1497 η
469 1453 538 1487 τοῦ
550 1449 748 1507 Εὐρύτου,
762 1448 785 1496 ἡ
807 1451 879 1486 νῦν

61 1495 245 1539 Ἀνδανία,
268 1498 458 1542 πολίχνιον
477 1496 714 1542 Ἀρκαδικὸν,
733 1494 878 1553 ᾆμώνυ-

94 1557 137 1579 ον
168 1545 221 1590 τῷ
259 1546 468 1580 Θετταλικώ
502 1544 563 1579 καὶ
599 1545 651 1590 τῷ
692 1542 747 1579 Εὖ
776 1544 878 1599 οικῷ,

65 1593 161 1629 οθεν
185 1591 298 1647 φησὶν
323 1588 342 1627 6
367 1604 407 1626 π.
433 1579 470 1631 ἔς
493 1590 535 1627 τὸ
557 1580 708 1645 Δώριον
739 1590 880 1635 αφικό-

63 1650 198 1694 μενον
215 1635 386 1681 Θάμυριν
413 1637 480 1673 τὸν
507 1638 640 1694 Θρᾷκα
663 1633 739 1671 ’ὑπὸ
765 1640 879 1672 Μου-

67 1685 144 1721 σῶν
177 1680 437 1728 ἀφαιρεθῆναι
475 1682 544 1728 τὴν
572 1681 786 1739 μουσικήν.
836 1682 880 1716 de

68 1730 239 1766 Oechalia
260 1731 376 1765 Schol.
402 1732 451 1764 A:
481 1730 525 1767 >=
558 1727 617 1765 ὅτι
638 1730 838 1770 Θεσσαλίας
855 1726 879 1773 ἡ

71 1777 230 1832 Οἰχαλία
254 1775 345 1812 καθ’
362 1774 557 1830 ”Ομηρον·
583 1776 620 1811 οὶ
645 1774 686 1812 δὲ
709 1775 881 1819 νεώτεροι

69 1823 129 1860 επ’
158 1821 325 1869 Εὐβοίας
344 1822 600 1867 πεποιήκασιν.
648 1828 744 1857 recte
764 1821 883 1856 Schol.

68 1869 306 1904 Thessalicam
331 1870 432 1913 hujus
457 1869 602 1903 nominis
632 1869 749 1902 urbem
780 1868 883 1902 intel—

68 1916 161 1960 ligit,
186 1915 222 1949 in
247 1927 314 1960 qua
332 1915 410 1949 olim
426 1914 588 1959 regnavit
607 1915 776 1959 Eurytus,
797 1914 884 1947 alius

70 1962 238 2002 Euboico,
263 1961 400 1996 notiore
419 1973 460 1994 ex
482 1961 658 2005 Tragicis‚
683 1972 781 2006 quem
794 1960 884 1993 Her-

71 2009 166 2044 cules
193 2007 281 2041 vicit
308 2013 344 2041 et
367 2006 505 2041 occidit.
554 2008 601 2041 cf.
628 2008 705 2042 730.
733 2012 885 2041 ceterum

71 2055 107 2090 H
133 2053 330 2093 annotavit,
355 2054 471 2099 plures
496 2052 603 2087 fuisse
631 2053 733 2086 urbes
757 2064 886 2096 cogno-

71 2101 177 2137 mines
202 2100 344 2144 (Steph.
370 2100 402 2132 h.
426 2111 448 2133 v
471 2125 480 2142 ,
509 2099 538 2132 Ε
565 2112 596 2144 p
623 2100 742 2143 298.);
767 2109 886 2144 quam-

73 2158 141 2201 que
164 2147 292 2180 Strabo
318 2146 430 2187 dicat,
456 2149 578 2190 postea
600 2145 790 2179 Andaniam
822 2155 886 2176 no-

74 2193 252 2234 minatam,
280 2191 519 2236 Arcadiaeque
543 2202 732 2231 accensam
754 2191 796 2224 ab
810 2189 887 2223 aliis

73 2238 321 2277 Messeniorum
349 2237 472 2271 ditioni
504 2237 667 2278 attribui,
698 2242 733 2270 et
765 2234 889 2270 haberi

75 2297 138 2331 pro
162 2283 343 2325 Carnasio‚
368 2283 495 2328 oppido
521 2282 631 2317 vicino
657 2281 860 2317 Andaniae
851 2292 888 2315 ιιι

75 2331 243 2365 Arcadum
268 2309 435 2363 con’fmiis.
470 2341 503 2363 v.
533 2330 637 2363 Paus.
659 2328 702 2371 4,
726 2330 760 2362 2.
796 2327 889 2362 cole-

75 2378 178 2412 batur
210 2388 346 2422 quoque
379 2375 533 2420 Eurytus
567 2376 669 2409 heros
703 2387 724 2408 a
753 2374 890 2408 Messe-

77 2423 164 2464 niis,
192 2427 282 2456 teste
307 2422 410 2455 Paus.
433 2422 476 2462 4,
501 2422 565 2462 27,
590 2427 626 2455 et
648 2426 730 2454 sunt
751 2420 809 2465 qui
829 2431 888 2454 su·-

76 2469 272 2512 spiceutur‚
297 2478 433 2502 versum
453 2468 533 2502 596.
554 2446 725 2500 insertum
751 2478 828 2501 esse
845 2466 889 2499 ab

78 2515 192 2560 aliquo
225 2514 298 2559 ejus
330 2514 444 2547 herois
477 2520 514 2548 et.
545 2513 792 2547 Messeniorum
815 2517 891 2545 stu-

78 2561 188 2595 dioso.
214 2578 258 2585 ——
281 2559 324 2593 de
354 2560 582 2602 Thamyride,
607 2559 733 2593 musico
755 2565 790 2593 et
809 2560 892 2614 po&-

78 2612 117 2640 ta
140 2605 337 2647 notissimo,
363 2617 429 2650 quo
453 2611 592 2659 spectat
615 2605 782 2639 articulus
805 2603 857 2640 τὸ
871 2616 893 2637 ν

82 2650 246 2696 Θρήικα,
272 2663 305 2685 v.
330 2651 530 2705 Apollodori
554 2651 704 2704 interpp.
732 2654 772 2692 1,
796 2652 831 2692 3,
856 2651 891 2704 3

79 2699 168 2732 vixit
191 2697 436 2742 antiquissimis
461 2697 528 2732 illis
551 2696 778 2741 temporibus,
812 2696 892 2740 qui-

79 2745 143 2779 bus
168 2743 327 2789 permixti
355 2743 543 2787 Pelasgicis
574 2743 710 2788 populis
734 2743 893 2776 Thraces

82 2791 205 2837 passim
237 2788 422 2823 Graeciam
461 2789 682 2830 insederant;
718 2793 754 2823 ct
785 2789 894 2822 duce-

81 2839 167 2871 bant
189 2836 342 2870 musicae
374 2834 474 2869 initia
498 2836 628 2868 Graeci
656 2847 676 2869 a
700 2834 893 2868 Thracibus

81 2883 121 2916 L·
98 2894 192 2925 ιιιο,
215 2882 377 2927 Orpheo,
403 2881 544 2914 Musaeo
570 2881 728 2926 aliisque.

129 2951 209 2987 597.
259 2950 443 2986 στεῦτο.
494 2949 775 3008 διεβεβαιοῦτο,
817 2948 893 2983 ἔλε-

85 3006 156 3042 γεν·.
185 2997 266 3032 Sch.
316 2994 412 3031 κατᾶ
449 2993 626 3031 διάνοιαν
669 2996 797 3031 ι’στατο
833 2995 896 3031 καὶ

920 894 1003 932 οἷον
1026 892 1185 939 ὡρίζετο.
1211 895 1277 940 Ap.
1312 894 1431 928 Voss.:
1456 894 1549 929 deun
1566 896 1638 931 sich
1649 907 1730 932 ver-

918 944 1076 977 messend
1100 941 1231 975 Prahlt⁷
1251 952 1288 974 er
1307 942 1383 975 laut
1400 946 1467 976 etc.

965 1002 1045 1037 599.
1094 998 1249 1053 πηρὸς
1277 999 1468 1042 generatim
1501 1003 1556 1033 est
1587 996 1607 1036 6
1632 1000 1728 1036 κατοὶ

919 1060 953 1082 τι
975 1047 1084 1091 μέρος
1103 1047 1172 1081 τοῦ
1196 1043 1365 1088 σώματος
1385 1044 1642 1090 βεβλαμμένος,
1668 1047 1730 1081 sed

922 1105 985 1127 usu
1011 1092 1173 1139 loquendi
1197 1096 1282 1126 vett.
1306 1092 1426 1125 vocab.
1452 1092 1496 1125 ad
1528 1094 1730 1127 coecitatem

919 1141 1122 1174 retulerunt.
1147 1150 1181 1174 v.
1208 1138 1243 1171 H
1268 1148 1341 1171 cum
1366 1137 1400 1172 h.
1424 1137 1459 1180 1.,
1482 1143 1552 1173 tum
1568 1139 1614 1173 ad
1629 1139 1730 1184 Virg.

920 1187 1004 1221 Aen.
1023 1187 1058 1221 2.
1082 1196 1155 1221 exc.
1180 1185 1237 1221 17.

967 1246 1047 1281 600.
1082 1240 1224 1278 εκλέλ.
1248 1242 1344 1276 κιθ.
1366 1238 1615 1278 ἐπιλαθέσθαι
1632 1241 1733 1280 ἐποι-

921 1301 1017 1335 ησαν
1039 1288 1109 1333 τὴν
1132 1288 1381 1331 κιθαρῳδίαν.
1405 1288 1487 1320 Sch.

967 1349 1049 1383 601.
1096 1349 1194 1390 Γερ.
1221 1346 1301 1381 336.
1327 1343 1505 1380 ἱππότα
1524 1346 1734 1381 rariusalio-

922 1405 997 1428 rum
1022 1394 1162 1427 heroum
1184 1391 1360 1437 epitheton
1385 1396 1459 1434 est,
1483 1391 1644 1427 Nestoris
1672 1405 1734 1428 au-

924 1444 991 1474 tem
1027 1444 1230 1485 perpetuum
1261 1449 1318 1482 ap.
1343 1438 1444 1472 Hom.
1458 1463 1469 1480 ‚
1504 1450 1567 1473 nec
1591 1444 1733 1482 temere,

923 1497 1000 1565 {132¹
1004 1485 1094 1565 ¹33²?
1098 1486 1221 1571 ..3³:533
1229 1466 1735 1566 ⁹³{{2¹‡⁵11i{⁰sz.i{.prrllssssss'ss¹3

924 1577 972 1619 li,
997 1543 1095 1622 quae?
1109 1588 1194 1622 gens
1212 1542 1337 1621 egui&
1365 1588 1384 1610 a
1409 1577 1572 1621 Neptuno
1598 1579 1737 1620 creatis,

926 1603 1138 1664 ex’cellebat;
1175 1622 1455 1667 quemadmodum
1488 1629 1524 1657 et
1553 1624 1629 1668 ipse
1662 1626 1739 1659 Ne-

925 1675 1023 1710 stor,
1068 1669 1186 1703 Neleis
1217 1668 1314 1713 equis
1346 1668 1525 1711 invectus,
1556 1671 1737 1715 aurigandi

926 1715 1170 1770 peritissimum
1201 1726 1239 1748 se
1271 1715 1423 1749 ostendit
1451 1713 1504 1759 ψ’,
1535 1717 1615 1752 306.
1639 1729 1737 1763 seqq.

927 1763 973 1796 cf.
1007 1762 1165 1818 superius
1197 1762 1277 1796 553.
1309 1772 1406 1806 seqq.
1439 1767 1475 1796 et
1506 1763 1666 1798 Nitzsch.
1695 1764 1739 1798 ad

928 1808 1057 1853 Odyss.
1082 1806 1126 1853 γ’,
1151 1809 1190 1844 5.

974 1868 1053 1902 603.
1099 1864 1208 1908 Ἀρκ.
1244 1865 1342 1909 regio
1375 1866 1601 1911 Peloponnesi
1634 1867 1742 1902 medi-

929 1917 1090 1947 terranea
1113 1913 1200 1955 (612
1218 1930 1264 1937 —
1281 1896 1391 1955 614),
1415 1918 1548 1946 mature
1572 1913 1742 1955 habitata,

930 1964 967 1993 et
990 1970 1091 2012 quam
1116 1958 1246 1991 diutius
1277 1958 1475 1992 insederunt
1502 1959 1639 2003 Pelasg
1632 1972 1654 1993 1.
1680 1972 1743 2006 pa-

931 2005 1022 2039 scuis
1046 2004 1257 2038 abundans'
1247 2016 1282 2037 ιιι
1315 2005 1487 2039 montibus
1512 1971 1744 2040 convagllibus-

932 2063 999 2097 que
1023 2052 1096 2084 fere
1128 2051 1323 2091 continuis,
1355 2049 1566 2095 πολύμηλος
1599 2058 1745 2087 vocatur

933 2109 970 2177 at
985 2097 1156 2176 slprigtore
1167 2097 1440 2178 ΟΙίγἙιιίᾘΙςξοιιι.
1453 2097 1500 2176 fin
1509 2097 1683 2178 ὃίὄὲεῐοὲιι.
1707 2101 1743 2178 ξ.

932 2156 967 2225 ἒ.
991 2154 1165 2233 Ρζξιιιὲωεῐ
1190 2188 1236 2221 U.
1265 2168 1307 2213 3-
1333 2192 1400 2224 Kv
1414 2155 1478 2223 ici...
1497 2169 1617 2233 6'90'9-
1643 2149 1746 2224 338:

933 2235 1038 2269 simus
1062 2233 1232 2268 Arcadiae
1256 2246 1363 2276 mons,
1389 2235 1423 2268 in
1449 2247 1515 2280 quo
1533 2242 1635 2270 natus
1650 2236 1746 2271 Mer-

934 2281 1047 2316 curius
1069 2280 1264 2325 appellatur
1287 2281 1335 2326 C)
1334 2281 1477 2323 llenius,
1503 2282 1596 2316 velut
1616 2281 1799 2327 odyss..

934 2340 988 2369 ω,
1018 2329 1050 2363 1.
1086 2327 1129 2360 ad
1154 2295 1335 2371 sequentia
1357 2327 1485 2362 Strabo
1509 2328 1532 2361 l.
1547 2340 1577 2361 c.
1601 2334 1747 2362 annota-
1797 2324 1799 2342 ⁵

934 2373 997 2414 vit,
1016 2372 1170 2406 Arcades
1192 2378 1248 2407 tot
1271 2373 1436 2407 bellorum
1461 2374 1673 2408 calamitates
1687 2387 1749 2408 ex·
1796 2370 1798 2404 ,¹

935 2422 1053 2466 pertos
1077 2430 1172 2459 esse,
1197 2424 1255 2461 ut,
1288 2419 1465 2465 plerisque
1498 2421 1641 2455 urbibus
1674 2422 1749 2465 ejus
1796 2427 1797 2430 ’

934 2472 1053 2499 terrae
1082 2464 1227 2506 deletis,
1260 2477 1304 2499 ne
1340 2466 1488 2511 vestigia
1520 2466 1658 2511 quidem
1690 2479 1748 2501 su-
1795 2491 1796 2496 ,

936 2510 1067 2564 persint
1101 2510 1145 2545 ad
1176 2511 1278 2545 situm
1313 2523 1428 2546 earum
1461 2512 1747 2557 cognoscendum.
1794 2512 1795 2520 ²

937 2556 1102 2593 disertior
1126 2561 1180 2591 est
1204 2558 1306 2592 Paus.
1330 2558 1419 2592 libro
1443 2560 1477 2594 8.
1503 2559 1560 2591 Es
1577 2559 1617 2591 H
1635 2564 1668 2592 et
1691 2561 1747 2593 W

983 2624 1063 2661 604.
1111 2625 1209 2660 Αῐπ.
1246 2626 1278 2659 h.
1303 2638 1333 2661 e.
1365 2625 1554 2668 Αἰπύτου,
1590 2626 1649 2672 qui
1681 2626 1750 2661 fuit

936 2673 1030 2707 inter
1053 2671 1221 2707 Arcadum
1254 2673 1400 2714 heroas,
1435 2672 1531 2707 Elati
1560 2672 1609 2706 fil.
1644 2684 1678 2707 v.
1703 2673 1748 2714 E,
1791 2682 1793 2687 ⁴

937 2719 1120 2760 Paus.8‚
1155 2720 1234 2758 16.
1271 2718 1487 2761 Pind.Ol.,
1520 2721 1567 2761 6,
1603 2717 1682 2760 54„
1714 2719 1749 2753 H
1790 2740 1791 2750 1

940 2766 1045 2798 Obss.
1070 2764 1113 2799 ad
1137 2763 1296 2809 Apollod.
1320 2765 1353 2805 3,
1378 2766 1412 2808 9,
1438 2766 1484 2807 1.,
1510 2777 1544 2810 p.
1564 2766 1643 2800 266.
1669 2776 1749 2809 pro·
1790 2764 1791 2773 ¹

939 2811 1019 2845 tulit
1050 2811 1116 2844 hoc
1147 2809 1396 2845 hemistichium
1423 2810 1541 2846 Schol.
1567 2811 1749 2844 Theocriti

937 2857 982 2891 ad
1002 2858 1123 2900 1,125
1137 2881 1148 2898 ,
1173 2868 1238 2901 quo
1253 2856 1388 2900 doceat,
1407 2857 1558 2891 tumulos
1575 2856 1653 2890 altis
1670 2857 1748 2890 olim
1787 2890 1790 2894 ,

939 2902 976 2937 in
996 2903 1079 2936 locis
1098 2902 1259 2937 constitui
1279 2903 1399 2937 solitos
1420 2903 1637 2959 specularum
1654 2914 1749 2936 usum
1786 2934 1789 2943 .

941 2949 1114 2985 habuisse.
1138 2948 1251 2982 ExH.
1297 2949 1400 2984 seha
1424 2963 1492 2984 αν.
1519 2961 1615 3006 onyx.
1640 2948 1676 2984 οἳ
1693 2948 1748 2994 ἐγ
1785 2977 1789 2997 3

941 2994 1010 3040 γύς
1033 2995 1096 3030 καὶ
1120 2992 1307 3040 συστάδην
1330 2994 1534 3041 μαχόμενοι
1559 2994 1703 3039 ἄνδρες.
