1811 3269
13 30 18 76 l

9 78 25 219 Ξῑ
594 142 1158 185 ΙΛΙ*Λ·ΔΟΣ*Α.ι
1160 159 1178 169 ·-
1276 188 1295 205 ,Ὦ

7 223 23 324 ii
90 259 173 300 360
203 255 278 298 καί
307 254 362 308 ῥα
390 250 592 307 πάροιθ’
611 248 765 295 αὐτοῖο
794 248 1013 303 καθέζετο
1029 158 1363 325 chaumes,

1645 145 1703 186 61.

200 312 310 366 χειρί
338 309 382 352 τέ
411 326 487 364 μιν
516 308 762 362 κατέρεξεν,
794 307 900 358 ε’πος
926 307 967 350 τ’
995 307 1124 364 ἔφατ’
1135 342 1147 360 ,
1177 310 1223 353 ἔκ
1257 307 1297 353 τ’
1327 309 1541 365 ὀνόμαζε·

27 719 145 775 primis
169 719 298 776 Bugtm.
325 719 433 754 Lexil.
458 719 503 753 II.
540 731 574 765 Ρ.
598 721 679 754 227.
709 718 838 764 seqq.)

28 765 104 800 ἔστι
139 763 179 800 δὲ
213 764 271 810 ὀμ.
316 764 336 800 ὅ
373 780 496 809 παχυς
537 765 599 800 καὶ
633 762 840 810 υγρότατος

28 810 495 857 οἶήρ.8ι;11.η”ὕθ’ὁμίχλη
521 813 663 846 Vratisl.
690 813 722 846 1).
749 819 784 846 et
808 823 839 845 a.

27 869 111 892 am.
131 865 186 898 24
224 867 260 892 at.
292 859 443 892 Ionicum
471 865 524 892 est
560 857 687 902 ὀμιχλη
703 858 838 902 ‚equod

27 904 130 938 docet
162 904 278 948 Ety.m
308 905 370 938 hoc
405 905 480 949 ipso
511 916 612 938 xersu
639 904 838 960 adsciipto.

27 950 71 984 H.
95 951 154 992 (11.,
175 950 202 983 si
222 951 309 984 tanti
328 956 393 993 est
416 951 459 984 E.
496 950 607 984 idem:
634 948 692 985 ὅτι
716 950 753 985 ἐν
774 947 838 984 αλ-

25 999 103 1037 λοις
119 1008 186 1040 μεν
198 995 271 1040 (ω’,
272 998 359 1041 80)
387 995 549 1040 δαίμονά
567 1011 650 1032 τινα
674 997 837 1041 (Itidem)

25 1022 304 1087 καταδυομένην
330 1045 383 1084 εις
412 1043 479 1099 τήν
503 1043 701 1078 θάλασσαν
724 1048 837 1088 μολυ-

25 1091 161 1136 βδαίνῃ
187 1088 341 1124 εἰκάσει·
378 1088 518 1135 βάρους
541 1104 610 1135 γορ
635 1091 736 1147 χρεία
760 1093 839 1129 τοῖς

25 1137 329 1179 καταδυομένοις.
364 1136 532 1171 ἐνταῦθα
567 1137 607 1173 δὲ
631 1135 700 1179 τήν
727 1136 837 1172 Θέτιν

26 1181 312 1238 οἶναβαίνουσαν
339 1182 378 1217 ἐκ
422 1183 614 1229 θαλάσσης
650 1183 837 1219 ἀναδῦναι

25 1229 117 1285 λέγει
150 1228 254 1265 καθα
294 1227 466 1274 ὀμίχλην·
505 1231 565 1266 καὶ
599 1227 668 1275 γάρ
701 1231 764 1266 καὶ
800 1243 838 1264 οι

26 1273 283 1318 ἀναδυόμενοι
309 1277 546 1334 κουφότητος
570 1279 742 1318 δέονται,
774 1276 838 1311 καὶ

25 1320 48 1366 ἡ
84 1319 213 1366 ὁμίχλη
247 1323 425 1357 τοιοῦτόν
458 1322 546 1358 ἐστι.
590 1324 676 1357 31135
714 1323 838 1357 nebula

0 1367 221 1402 =circumfusi
253 1369 439 1403 adveniunt
471 1369 538 1410 dii,
571 1369 667 1403 velut
687 1367 712 1403 ε’
724 1371 838 1411 ,186

26 1411 70 1454 θ’,
91 1415 181 1455 308,
206 1415 350 1448 Hesiod.
378 1416 513 1459 'lheog
539 1417 595 1456 9.
622 1415 726 1449 Ovid.
753 1415 838 1450 Met.

27 1462 82 1500 12,
103 1462 197 1501 595,
222 1461 318 1504 Virg.
337 1462 469 1505 Georg.
492 1460 526 1502 4,
542 1461 635 1503 424.,
655 1474 743 1506 quae
762 1462 839 1494 1003

25 1485 197 1540 1ιι(1103νίῒ.
217 1506 261 1540 K.
287 1507 333 1542 cf.
355 1507 494 1542 Horatii
520 1474 677 1553 interppq
703 1508 745 1540 ad
767 1507 837 1541 Od.

23 1552 182 1593 Ι,2,31

70 1610 150 1645 361.
184 1622 280 1645 κατ
315 1621 355 1665 p.
387 1610 636 1667 κατέρῤεξεν,
655 1611 748 1656 quod
786 1614 839 1644 esi:

26 1655 232 1690 Atticorum.
258 1655 308 1690 sic
329 1654 368 1698 ε’,
393 1659 473 1693 373
490 1671 498 1691 ι
518 1662 572 1698 τίς
592 1657 636 1692 νύ
660 1669 699 1692 σε
719 1655 838 1692 τοιάδ’

27 1700 147 1746 ε’ρεξες
179 1706 244 1736 etc.
274 1721 320 1726 —
351 1709 474 1748 argute
508 1704 837 1760 8011.;κατέψηξε,

21 1747 294 1804 καθωμάλισεν.
319 1756 441 1794 argute
465 1751 577 1785 idem.
610 1750 776 1791 ἔπος-
798 1749 838 1785 ὀ-

23 1806 46 1829 ν
62 1794 132 1851 όμ.
157 1793 223 1830 τόν
255 1807 293 1829 τε
318 1796 430 1841 λόγον
455 1796 554 1839 εἷπε,
591 1798 651 1833 καὶ
677 1797 724 1833 τοὶ
745 1796 837 1851 μέρη

24 1840 145 1876 αὐτοῦ
178 1842 361 1885 διεξῆλθε.
403 1844 546 1877 fuerunt
579 1856 737 1889 quoque,
779 1844 837 1888 qui

23 1885 66 1923 τό
101 1887 408 1931 ἐξονόμαζεν
450 1890 765 1934 interpretarentur
799 1889 837 1933 ἐξ

25 1932 211 1979 ὀνόματος
235 1932 365 1970 ἐκάλει.
391 1947 477 1980 quos
497 1936 719 1971 refellensE:
744 1937 834 1992 ὅπερ

24 1980 65 2016 ἐν
87 1984 256 2021 πολλοῖς,
289 1980 424 2026 inquit,
460 1981 528 2017 οὐκ
562 1981 702 2025 ἀληθὲς
734 1980 834 2027 εὑρε-

19 2026 194 2085 θήσεται
221 2025 342 2069 ὥσπερ
367 2026 457 2062 οὔδε
483 2027 674 2063 ἐνταῦθα·
702 2029 748 2065 οὐ
765 2030 834 2074 γὰρ

19 2070 180 2132 Ἀχιλλέα
202 2077 423 2117 προσφωνεῖ
454 2072 520 2110 τὸν
555 2074 641 2110 υἱὸν
678 2074 700 2120 ἡ
730 2076 836 2118 Θέτις

25 2118 63 2163 ἐξ
98 2119 312 2165 ὀνόματος,
354 2119 446 2155 ἄλλα
489 2121 686 2163 Τέκνον,
729 2124 832 2167 φησὶ,

22 2169 73 2202 τί
105 2170 313 2208 κλαίεις,
341 2167 377 2202 οἱ
407 2166 447 2202 δὲ
473 2165 726 2226 ἀκριβέστεροι
751 2169 833 2205 ἀντὶ

23 2215 92 2248 τοῦ
116 2213 286 2258 ἐλάλησεν
310 2212 458 2255 ἁπλῶς,
484 2229 534 2255 ως
559 2220 654 2250 εἰναι
678 2214 716 2251 ἐκ
740 2231 834 2261 παρ-

24 2263 113 2305 αλλη
106 2259 182 2296 ’λου
223 2260 341 2296 ταντα
365 2261 421 2295 ’τό
453 2274 491 2296 τε
532 2261 685 2305 ἔφατο
721 2262 834 2304 ἔπος

22 2274 113 2342 καὶη
102 2307 151 2342 τὸ
170 2307 306 2350 ἐξονη
331 2303 453 2350 ὥσπερ
469 2309 530 2344 καὶ
552 2307 591 2343 ἐν
613 2310 659 2355 τῇ
678 2308 708 2344 σ’
734 2310 832 2354 ῥαψ-

24 2355 120 2400 ῳδίᾳ
140 2354 246 2412 (9)
280 2355 371 2398 φησὶ
406 2346 719 2400 διαπέφραδε
751 2358 831 2392 καί

21 2412 104 2444 μοι
137 2398 267 2435 εἐιπε
305 2407 372 2434 etc.
405 2402 553 2436 formula
590 2403 771 2448 frequens.
796 2416 830 2438 v.

23 2447 147 2482 Seber.
173 2458 207 2480 v.
236 2442 407 2491 ὀνόμαζε.

68 2515 147 2551 363.
175 2513 314 2558 εἰδόμ
324 2527 389 2557 εν,
414 2527 447 2560 Ρ.
468 2517 635 2560 εἰδῶμεν.
660 2517 723 2551 ita
732 2518 833 2552 Pam-

23 2560 139 2606 philus
173 2561 207 2595 in
241 2527 648 2597 8011011.νειι.ειμ.Τ11
678 2576 709 2609 Ρ.
734 2567 830 2608 222.,

23 2606 301 2651 quemadmodum
335 2613 371 2642 et.
402 2608 516 2644 εἰδέτε
547 2610 747 2656 scripsimus
771 2609 832 2653 θ’,

25 2652 79 2686 18.
99 2653 197 2687 libri:
230 2654 400 2696 εἴδομεν,
434 2657 527 2701 quod
554 2654 686 2691 frustra
711 2657 832 2691 defen-

22 2708 96 2732 sum
120 2704 213 2735 eunt.
235 2700 280 2734 cf.
298 2701 345 2734 H.

67 2756 148 2792 365.
179 2758 260 2802 τίη
287 2768 351 2802 pro
375 2759 412 2793 τί
434 2753 478 2802 ἦ,
511 2764 549 2813 ut
583 2758 695 2804 ἕπειῆ.
723 2759 822 2803 (156.

21 2801 407 2858 310.)Ε·σημείωσαι
440 2805 480 2840 δὲ
516 2804 574 2840 ὅτι
608 2806 644 2841 02
675 2805 830 2841 παλαιοὶ

19 2846 60 2883 ἐν
82 2846 149 2903 μὲν
170 2851 223 2895 τῷ
245 2850 350 2895 ἐπειῆ
366 2870 412 2876 -
431 2852 633 2896 περισπῶσι
657 2849 699 2887 τὸ
724 2866 746 2896 η
765 2854 830 2910 τῆς

17 2884 219 2940 ληγούσης,
251 2896 421 2933 ἐνταῦθα
445 2897 486 2934 δὲ
517 2899 747 2958 βαρύνουσιν
773 2897 827 2944 ἐγ-

10 2942 226 2996 κλίνοντες,
268 2957 319 2984 ως
362 2942 401 2979 ἐν
444 2948 524 2985 τοῖς
551 2941 746 2986 Ἀπίωνος,
763 2945 826 2982 καὶ

258 367 481 418 ,,Τέκνον,
512 367 554 408 τί
583 367 764 416 κλαίεις,
795 366 837 408 τί
866 364 913 407 δέ
945 377 992 407 σε
1023 365 1189 435 φρένας
1219 367 1336 410 ἵκετο
1369 369 1553 419 πένθος;

202 422 386 476 ἐξαύδα,
417 423 477 478 μή
506 426 640 466 κεῦθε
670 420 787 479 νόῳ,
819 422 894 464 ι’να
925 421 1098 476 εἰδόμεν
1129 422 1312 478 α’μφω.“

260 481 351 542 Τὴν
382 480 428 523 δὲ
458 467 793 550 βαρυστενάχων
822 478 1027 534 προσέφη
1054 478 1197 549 πόδας
1226 479 1344 531 ὠκὺς
1369 478 1602 536 Ἀχιλλεύς·

85 540 168 583 365
200 534 390 607 ,,Ρῗσθα·
421 538 489 592 τίη
519 553 589 579 τοι
616 535 739 579 ταῦτ’
771 536 923 604 εἰδυίῃ
943 534 1072 577 πάντ’
1108 535 1334 591 ἀγορεύω,-

204 591 396 650 ᾠχόμεθ’
428 610 472 644 ες
507 592 659 650 Θήβηι
671 626 682 645 ,
715 591 837 648 ἰερην
864 590 995 644 πόλιν
1018 589 1262 648 Ἠετίωνος,

885 717 1006 760 τόνως
1023 717 1168 763 λέγουσι
1187 716 1246 764 τιὴ
1268 718 1367 755 uaz‘
1350 717 1443 765 οτιή
1464 737 1511 743 --
1535 730 1556 753 ο
1569 715 1700 759 ἴσθά,

885 767 987 799 nosti.
1020 766 1094 800 5011.
1129 767 1416 811 expugnationem
1452 765 1624 805 T‚hebes
1662 771 1698 798 et

886 813 1052 856 quomodo
1084 816 1203 856 Agam.
1249 816 1338 846 dono
1376 810 1551 855 acceperit
1583 789 1700 855 Clu-y—

886 858 1032 900 seidem3
1065 859 1190 903 quibus
1225 857 1366 902 subjicit
1399 856 1631 892 narrationem
1657 856 1702 888 de

886 905 1023 947 Chrjse
1040 912 1074 938 et
1098 904 1361 948 Agamemnonis
1380 903 1574 943 insolentia,
1599 914 1701 947 quam

886 951 1000 984 adhuc
1023 950 1164 994 ignorat
1189 951 1331 984 Thetis:
1356 962 1470 995 neque
1494 950 1582 982 enim
1607 961 1702 983 nav-

887 998 990 1036 δαεῖς
1013 1002 1093 1030 sunt
1116 997 1165 1030 dii
1191 997 1379 1030 Homelici.
1415 998 1459 1030 cf.
1478 997 1559 1030 363.

931 1045 1011 1078 366.
1040 1040 1111 1088 ω’χ.
1138 1041 1182 1083 ἐς
1209 1043 1388 1097 Θήβην.
1413 1054 1545 1086 παρεγε
1531 1038 1698 1085 ενόμεθα

884 1089 937 1129 εἰς
968 1102 1035 1130 τας
1063 1086 1202 1136 Θήβας.
1227 1089 1405 1134 (militaris
1441 1089 1474 1122 11.
1503 1088 1526 1121 1.
1553 1099 1618 1121 vox
1645 1093 1700 1121 est

886 1136 1080 1180 οἴχεσθαι,
1101 1137 1296 1180 proficisci,
1322 1135 1603 1193 quemadmodum
1622 1133 1697 1167 Xe-

885 1183 986 1226 noph.
1013 1184 1102 1228 Exp.
1123 1183 1165 1216 C.
1175 1184 1211 1223 3,
1231 1184 1265 1223 5,
1282 1187 1334 1217 1:
1363 1182 1400 1216 οἱ.
1423 1179 1464 1216 δὲ
1489 1177 1586 1225 ἀμφὶ
1612 1183 1698 1214 Τισ-

885 1227 1075 1273 σαφέρνην
1105 1230 1167 1264 καὶ
1198 1228 1357 1272 Ἀριαῖον
1390 1226 1699 1272 άποτραπομενοι

889 1274 1002 1331 ἄλλην
1027 1272 1120 1311 ὁδὸν
1126 1273 1298 1331 ᾤχοντο,
1325 1275 1504 1330 Aristoph.
1526 1274 1611 1307 Ach.
1626 1275 1697 1309 81.:

884 1318 988 1355 ἀλλ’
1015 1324 1084 1362 εἰς
1110 1318 1365 1357 οἷπόπατον
1390 1320 1537 1367 ᾠχετο
1563 1331 1696 1363 στρα-

884 1368 998 1402 τιάν
1040 1369 1218 1423 λαβών,
1253 1369 1312 1402 ubi
1347 1368 1483 1402 Schola
1518 1367 1602 1402 αντὶ
1626 1366 1697 1401 τοῦ

887 1416 1004 1464 εζπιῖν
1038 1415 1117 1451 ἐπὶ
1150 1413 1367 1458 πόλεμον
1392 1413 1534 1460 ὤχετο
1561 1420 1625 1447 etc.
1647 1414 1695 1447 cf.

915 1462 1028 1500 ,.511
1055 1461 1157 1495 simili
1178 1473 1281 1495 sensu
1304 1450 1430 1495 ibidem
1455 1460 1534 1495 508.
1559 1464 1595 1494 et
1618 1470 1696 1492 mox

886 1474 963 1542 383.
997 1507 1124 1540 dicitur
1155 1507 1382 1552 ἐποιχεσθαι.
1395 1509 1412 1551 )
1444 1507 1512 1541 ιιύν
1538 1505 1578 1540 δε
1602 1506 1697 1549 λέγει

884 1551 952 1592 τοῖς
962 1551 1297 1594 Τποπλακίους-
1255 1557 1454 1594 -Κίλικες
1473 1552 1585 1593 «ἔθνος
1604 1551 1696 1607 βάρ-

886 1601 1002 1645 βαρον
1034 1601 1100 1643 τῆς
1131 1597 1207 1635 υπὸ
1240 1599 1282 1635 τό
1316 1599 1481 1635 Πλάκιον
1506 1598 1592 1642 ὅρος
1617 1598 1697 1656 Θή-

885 1648 973 1692 βης·
1008 1647 1152 1697 τούτων
1184 1648 1271 1703 ἠρχε
1306 1660 1379 1680 των
1425 1648 1586 1681 Κιλίκων
1617 1643 1696 1680 Ἠε-

886 1694 997 1733 τίων,
1031 1707 1123 1737 εχων
1155 1692 1264 1735 υιοῦς
1287 1691 1403 1735 ἑπτα,
1438 1692 1629 1750 θυγατέρα
1654 1689 1696 1726 δὲ

884 1737 951 1784 τὴν
969 1735 1219 1786 Ἀνδρομάχην
1236 1739 1304 1798 τήν
1317 1737 1574 1788 γαμηθεῖσανΓ
1574 1737 1696 1774 Έκτο-

887 1800 935 1830 ρι.
958 1806 1002 1811 —
1033 1789 1167 1842 Θηβαι
1210 1786 1250 1823 δὲ
1293 1788 1409 1822 αὐταί
1449 1788 1520 1821 εἰσι
1551 1784 1594 1821 vd
1627 1787 1696 1820 νῦν

882 1831 1147 1877 Ἀδραμύττιον
1181 1833 1425 1878 καλούμενον.
1450 1834 1530 1868 8011.
1553 1845 1584 1869 ν,
1611 1832 1695 1865 Cel-

883 1879 947 1913 lar.
965 1882 999 1914 2.
1023 1892 1058 1925 Ρ
1079 1880 1136 1916 42.
1158 1892 1256 1926 seqq.
1272 1886 1308 1914 et
1325 1892 1402 1914 ann.
1429 1881 1473 1914 ad
1502 1881 1554 1913 11.
1582 1885 1618 1913 et
1634 1879 1693 1914 38.

884 1932 1066 1971 praeterea
1104 1927 1254 1960 conferri
1294 1928 1429 1981 jubent
1464 1926 1616 1982 interpp.
1644 1924 1695 1968 ζ’,

882 1974 961 2007 397.
980 1983 1091 2018 seqq,
1118 1975 1199 2013 416,
1220 1971 1267 2020 β’,
1293 1975 1373 2015 691,
1392 1970 1441 2013 π’,
1474 1973 1552 2014 153,
1572 1970 1615 2013 τ’,
1636 1974 1694 2012 99,

881 2017 932 2062 χ’,
957 2019 1036 2054 479.
1078 2019 1263 2059 „laudatur
1310 2032 1367 2065 ap.
1411 2020 1529 2054 Strab.
1568 2020 1622 2054 13.
1657 2030 1693 2063 p-

883 2066 950 2099 875
978 2065 1043 2106 D.‚
1076 2067 1146 2100 910
1166 2066 1204 2099 A.
1242 2078 1317 2099 cum
1349 2066 1460 2099 tribus
1490 2076 1588 2119 seqq.
1599 2091 1611 2108 ,
1634 2064 1693 2098 ubi

881 2111 961 2144 hinc
996 2112 1118 2152 docet,
1153 2112 1249 2156 Chry
1253 2124 1313 2146 sen
1349 2112 1455 2146 fuisse
1490 2111 1525 2144 in
1560 2111 1693 2145 ditione

882 2158 1036 2191 'lhebes
1070 2157 1185 2191 nobile
1218 2159 1287 2192 fuit
1330 2161 1463 2192 seriore
1497 2165 1614 2192 aetate
1648 2155 1692 2193 τὸ

884 2202 1009 2248 Θήβης
1033 2205 1183 2246 πεδίον,
1208 2210 1300 2238 teste
1323 2206 1441 2238 snab.
1468 2205 1490 2237 l.
1516 2216 1545 2238 c.
1565 2218 1599 2250 p.
1622 2207 1693 2240 910

880 2249 938 2291 Β.,
964 2252 1055 2294 quod
1093 2255 1129 2284 et
1168 2262 1224 2295 ap.
1260 2252 1344 2295 Poly
1349 2252 1402 2292 b.
1436 2250 1619 2296 Xenoph„
1646 2251 1691 2291 31.

881 2275 1054 2337 oc6urrit,
1082 2309 1138 2340 ap.
1151 2297 1321 2338 Memmi,
1338 2299 1389 2331 18.
1418 2309 1560 2341 campus
1575 2298 1692 2331 Thebe

881 2342 1007 2376 dictus.
1033 2343 1076 2376 cf.
1102 2342 1151 2376 ibi
1179 2339 1298 2378 Voss‘
1303 2344 1380 2379 H.
1399 2363 1445 2367 —
1467 2343 1616 2399 ἱερήν.
1642 2343 1693 2378 is.-

881 2401 970 2445 ραν,
993 2388 1154 2445 μεγάλην
1178 2390 1239 2425 καὶ
1273 2388 1509 2434 θαυμαστήν.
1535 2391 1618 2424 8011.
1636 2389 1691 2426 ἱε-

879 2433 928 2490 ρὰ
953 2433 993 2469 δὲ
1019 2433 1064 2470 οὐ
1089 2434 1206 2479 μόνον
1231 2434 1251 2481 ἡ
1277 2436 1437 2493 ρηθεῖσα
1465 2436 1590 2482 Θήβη,
1626 2435 1691 2472 αλ-

879 2478 925 2515 λα
950 2495 1011 2517 και
1036 2484 1110 2518 πᾶσ
1114 2497 1153 2518 α·
1151 2483 1285 2523 -πόλις,
1309 2497 1359 2523 ως
1384 2483 1588 2529 φυλακτικη
1616 2496 1691 2518 των

880 2526 1001 2569 εντός,
1025 2527 1116 2573 ὅπερ
1140 2533 1249 2565 θεῖον
1273 2532 1325 2574 τῷ
1351 2527 1431 2565 ὄντι
1463 2530 1572 2566 εστίν.
1598 2527 1692 2566 ὅθεν

879 2573 919 2609 ἐν
943 2578 1022 2614 τοῖς
1046 2575 1128 2621 ἑξῆς
1154 2576 1218 2621 (κ’,
1243 2578 1319 2620 56.)
1343 2577 1405 2611 καὶ
1434 2590 1522 2618 τους
1545 2575 1691 2634 νύκτωρ

881 2619 1139 2665 φυλάσσοντας
1153 2622 1195 2658 τὸ
1216 2622 1470 2679 στρατόπεδον
1494 2626 1556 2659 καὶ
1580 2636 1692 2669 υπερ-

882 2671 1164 2711 αγρυπνοῦντας
1199 2672 1274 2704 τῶν
1308 2667 1428 2705 ἄλλων
1462 2667 1592 2714 ἱερὸν
1627 2671 1690 2713 τε·

879 2716 964 2754 λος
1006 2717 1233 2760 φυλάκων
1266 2717 1380 2762 φησὶ,
1414 2730 1476 2751 και
1511 2715 1616 2761 ἱερὰ
1650 2716 1691 2753 δέ

878 2773 954 2796 που
979 2764 1140 2807 τείχεα
1166 2761 1348 2818 (Θήβης
1372 2762 1418 2804 δ’,
1433 2764 1543 2818 378.,)
1568 2764 1630 2798 καὶ
1650 2762 1690 2799 ἐν

874 2805 1072 2843 Ὀδυσσεία
1103 2808 1142 2844 δε
1169 2808 1237 2854 (α’,
1257 2810 1311 2854 2.)
1346 2806 1482 2853 ἱερὸν
1511 2811 1689 2866 Τροίης

875 2857 1195 2899 πτολίεθρον.
1238 2856 1273 2891 οὶ
1312 2854 1353 2892 δε
1393 2855 1484 2900 μεθ’
1516 2853 1688 2901 ’Όμηρον

875 2902 936 2936 καὶ
962 2902 1015 2942 εἰς
1040 2901 1236 2959 ἱερόσυλον
1261 2900 1514 2938 α’ποτάσσουσι
1531 2906 1687 2948 πολίτην

873 2945 1034 2989 ἐκεῖνον,
1060 2945 1104 2990 ὃς
1134 2948 1274 2995 καθέλῃ
1308 2948 1415 2994 χάριν
1448 2951 1588 2984 οἰκείαν
1613 2953 1685 2986 τεῖ-

10 2981 225 3037 Ἡροδώρον
250 2991 411 3035 φέρεται.
436 2991 473 3036 οὶ,
498 2990 539 3028 δε
558 2990 712 3028 Ἀττικοὶ
737 2989 823 3043 όξν-
869 3006 936 3038 χος
957 2992 1111 3036 πόλεως.
1137 3015 1179 3032 ,-
1207 2996 1255 3034 cf
1263 2997 1335 3032 38.
1359 2999 1407 3034 et
1413 2995 1459 3030 K.
1472 2997 1518 3032 ,.11
1526 2994 1593 3036 1,.’Ῑ
