1811 3269
631 156 1061 197 ΙΛΙΑΔΟΣ
1118 157 1167 195 Β.

1649 155 1733 194 165

121 273 204 316 865
237 266 305 312 υἷε
341 265 656 328 Ταλαιμένεος,
685 265 745 309 τώ
777 265 947 336 Γυγαίη
976 264 1070 309 τέκε
1099 268 1243 321 λίμνη,

233 329 277 369 οἳ
304 325 379 368 καὶ
407 325 598 382 Μῄονας
627 328 738 379 ἠγον
766 321 853 366 ὑπὸ
879 321 1058 392 Τμώλῳ
1091 337 1324 391 γεγαωτας.

320 380 500 436 Νάστης
529 382 587 423 αὐ
614 384 776 435 Καρῶν
805 378 998 448 ἡγήσατο
1010 377 1411 448 βαρβαροφώνων,

230 442 274 482 οι
303 440 506 506 Μίλητον
535 438 657 492 ἔχον,
696 440 910 505 Φθειρῶν
931 452 955 478 τ
1004 434 1112 488 ὄρος
1141 434 1482 505 ακριτόφυλλον,

230 493 501 550 Μαιάνδρου
532 510 576 537 τε
608 493 741 550 ῥοὰς,
772 490 989 549 Μυκαλης
1017 490 1057 534 τ’
1090 491 1263 535 αἰπεινα
1291 490 1485 548 κάρηνα

58 622 155 663 dem,
183 620 217 654 in
242 620 365 665 quibus
389 621 520 654 Herod.
545 622 590 662 7,
617 619 694 664 74.‚
720 621 869 666 proban-

58 674 93 702 te
117 667 287 701 Strabone
312 679 345 712 p·
371 669 452 708 928,
478 667 520 700 Β.
545 687 588 692 -
615 668 782 701 Mesthles
802 667 870 701 ite-

57 725 130 748 rum
162 719 371 747 memoratur
405 713 449 757 ρ’,
481 715 561 748 216.
622 714 792 757 Antiphus
826 714 868 746 ab

58 760 134 793 aliis
167 760 318 804 ejusdem
352 760 518 798 nominis,
552 761 753 804 praesertim
779 759 869 793 duce

54 806 114 839 illo
149 807 364 839 Graecorum
397 805 626 839 insulanorum
651 807 750 849 678„
789 810 824 839 et
848 817 868 839 a

55 852 185 885 Priami
209 852 279 885 filio
304 850 351 892 δ’,
375 851 454 886 489
482 851 731 885 discernendus
755 857 820 885 est.

102 899 181 933 865.
237 899 430 942 Γυγαίη
464 899 631 941 λίμνη,
669 899 765 931 lacus
798 899 866 941 Gy-

53 956 189 998 gneus,
214 943 408 988 posteriore
433 955 519 978 aevo
547 945 647 978 Coloe
671 944 803 986 dictus,
829 946 866 978 in

52 990 196 1034 regione
219 989 410 1031 Sardiana,
447 991 491 1023 ad
524 1001 625 1034 quem
661 989 764 1023 situm
800 991 866 1024 fuit

51 1036 212 1081 templum
242 1036 382 1068 Veneris
417 1036 592 1069 Coloeuae.
641 1036 686 1069 cf.
711 1034 758 1078 v‘,
783 1038 864 1078 391,

51 1084 109 1123 2.,
140 1082 269 1115 Herod.
298 1084 339 1122 1,
363 1083 441 1123 93.‚
477 1082 596 1117 Strab.
620 1084 673 1117 13.
709 1094 743 1127 p.
768 1084 864 1126 929„

51 1128 238 1163 Chandler.
261 1128 383 1161 Itiner.
409 1128 512 1162 As‘ae
537 1140 613 1173 cap.
639 1130 708 1169 78.,
734 1128 793 1173 qui
811 1129 863 1162 vi-

51 1174 106 1207 dit
129 1175 257 1215 lacum,
283 1185 347 1207 nec
372 1175 492 1219 procul
519 1175 562 1207 ab
588 1186 629 1207 eo
656 1186 774 1218 regum
795 1175 867 1220 Ly-

52 1221 131 1254 diae
155 1220 325 1264 sepulcra.
374 1232 394 1253 e
419 1232 487 1265 quo
513 1221 588 1254 lacu
613 1221 686 1254 nati
708 1221 866 1255 dicuntur

51 1267 158 1300 duces
183 1267 232 1299 illi
257 1267 371 1311 prisco
392 1278 549 1301 sermone
568 1274 753 1312 propterea
772 1268 866 1312 quod

51 1313 99 1347 ibi
125 1312 235 1357 geniti
259 1317 359 1346 erant
383 1320 488 1358 atque
514 1313 663 1347 educati.

98 1361 177 1394 866.
225 1358 269 1392 de
296 1359 426 1401 Tmolo,
452 1358 510 1403 qui
534 1365 570 1392 et
598 1359 756 1392 Timolus
780 1358 867 1392 dici-

51 1411 127 1446 tur,
153 1404 286 1448 Lydiae
311 1411 423 1439 monte
446 1405 645 1447 notissimo,
670 1418 690 1439 e
715 1417 780 1450 quo
802 1417 865 1439 au-

50 1451 136 1485 rifer
160 1451 265 1484 amnis
291 1451 413 1485 defluit
448 1451 630 1494 Pactolus,
666 1464 698 1484 v.
735 1451 862 1485 Cellar.

50 1500 84 1532 2.
117 1499 255 1542 9126.
287 1497 355 1530 fuit
391 1500 426 1530 et
460 1498 543 1530 urbs
568 1497 616 1530 ibi
642 1497 862 1541 cognominis.

49 1563 95 1569 ——
118 1543 195 1577 huic
217 1543 331 1577 versui
355 1543 392 1576 in
416 1543 558 1577 Homeri
582 1543 634 1576 ed
655 1543 861 1588 Euripidea‚

48 1592 95 1637 τῇ
119 1587 203 1624 κατ’
239 1587 468 1633 Εὐριπίδην,
505 1589 548 1622 (10
579 1601 648 1633 qua
672 1589 726 1622 ed.
754 1600 860 1634 prae-

48 1641 147 1671 terea
180 1635 264 1669 nihil
297 1635 541 1680 comperimuS‚
578 1636 754 1680 subjectus
786 1639 862 1669 erat

48 1683 138 1718 alius
161 1682 415 1725 hujuscemodi:
447 1680 586 1737 Τμώλῳ
611 1681 686 1717 ὑπὸ
711 1680 860 1725 νιφόεν-

46 1742 103 1772 τι,
130 1727 248 1773 ’Ὑδης
279 1727 318 1763 ἐν
348 1730 451 1764 πίονι
484 1726 531 1763 δ’
511 1741 609 1773 ημῳ,
650 1727 709 1774 qui
738 1739 861 1762 versus

46 1775 177 1821 legitur
201 1775 303 1809 etiam
328 1786 383 1820 ap.
409 1775 526 1809 Strab.
554 1776 607 1810 13.
642 1787 677 1821 p.
703 1775 793 1817 929,
818 1774 859 1809 C.

46 1824 93 1857 cf.
118 1833 194 1857 ann.
220 1821 264 1854 ad
288 1822 370 1857 783.

94 1869 174 1903 867.
223 1868 350 1908 Cares,
374 1867 541 1901 communi
565 1867 674 1912 stirpe
698 1866 767 1901 orti
785 1878 860 1901 cum

46 1914 231 1958 Lelegibus
255 1918 292 1946 et
316 1913 493 1957 Pelasgis,
531 1913 669 1947 Troicis
694 1913 860 1958 tempori-

46 1961 110 1994 bus
138 1960 304 1994 tenebant
328 1960 508 2001 Miletum,
534 1960 578 1993 de
603 1970 670 2004 qua
695 1960 781 1993 urbe
806 1959 860 1992 di-

47 2012 138 2041 ctum
162 2012 216 2039 est
240 2017 319 2039 ann.
344 2005 387 2039 ad
413 2007 515 2046 647.;
542 2017 627 2050 ques
652 2005 777 2039 deinde
802 2006 859 2038 Io-

48 2064 109 2087 nes
133 2051 347 2097 expulerunt.
379 2064 412 2085 v.
430 2052 651 2096 Pherecydes
667 2063 722 2095 ap.
741 2052 859 2085 strab.

47 2098 103 2134 14.
138 2110 172 2143 p.
196 2099 276 2133 933.
322 2097 448 2131 Cariae
481 2110 575 2131 oram
612 2099 740 2142 Sc>1ax
779 2096 856 2132 ἀπὸ

45 2145 272 2187 Μαιάνδρου
298 2145 473 2187 ποταμοῦ
508 2144 569 2179 ἐπὶ
605 2143 672 2179 τὸν
697 2143 859 2189 Κράγον,

46 2205 66 2227 0
94 2193 168 2227 ἐστι
193 2191 335 2233 Καρίας
359 2188 593 2234 οἷκρωτήριον
617 2190 784 2224 extendit.
825 2202 858 2224 v.

45 2238 174 2272 Cellar.
199 2239 234 2272 2.
260 2250 294 2283 p.
317 2240 375 2273 90.
413 2238 482 2270 fuit
506 2239 690 2282 subjugata
715 2237 858 2281 primum

44 2296 66 2318 a
89 2285 244 2326 Croeso,
275 2290 345 2318 tum
377 2296 397 2317 a
421 2283 549 2317 Persis.
574 2283 705 2318 Herod.
732 2285 749 2317 1
765 2308 775 2324 ,
801 2285 859 2325 98,

46 2332 123 2366 171.
172 2331 301 2374 Cares,
342 2342 431 2375 quae
463 2341 548 2373 gens
581 2330 742 2363 bellicosa
784 2329 859 2370 suit,

45 2377 107 2410 sed
141 2381 264 2421 postea
294 2377 330 2410 in
365 2376 656 2420 vituperationem
696 2376 859 2417 adducta,

44 2428 206 2468 tanquam
232 2423 444 2456 mercenaria
469 2423 520 2465 (v.
533 2422 695 2457 Bredow.
716 2423 858 2458 Ilandb.

46 2470 107 2502 der
136 2470 231 2502 alten
261 2469 381 2503 Gesch.
407 2481 440 2513 p.
468 2470 547 2503 212.
575 2469 716 2513 sequ),
751 2472 858 2512 potita

46 2520 150 2549 vocat
172 2513 515 2561 βαρβαροφώνους,
553 2516 586 2548 11.
614 2527 644 2548 0.
678 2516 855 2560 βαρβαρί-

46 2563 197 2605 ζοντας,
230 2563 323 2607 quod
357 2561 530 2596 recentior
561 2561 704 2594 dixisset
737 2564 857 2595 σολοι-

45 2609 232 2649 κίζοντας,
264 2608 345 2653 quia
379 2607 514 2652 graecis
549 2607 664 2640 verbis
689 2607 856 2641 admisce-

45 2654 130 2687 bant
153 2654 302 2688 barbara
327 2654 520 2699 Lydorum,
546 2654 747 2695 Persarum,
771 2653 857 2687 alio-

47 2709 190 2743 rumque
215 2701 424 2756 populorum
466 2699 694 2734 finitimorum.
751 2699 856 2735 Scl1.:

46 2743 469 2803 βαρβ.ἄγριοφω’νων,
501 2744 854 2800 (0(1)55.θ’,2941;

47 2791 186 2834 οἴχεται
209 2791 244 2832 ἐς
263 2796 420 2849 Λῆμνον
438 2791 530 2836 μετὰ
554 2794 708 2832 Σιντιας
733 2790 856 2835 ἀγριο-

46 2835 228 2891 φώνους.)
249 2840 310 2874 καὶ
329 2839 398 2884 τὴν
413 2837 575 2875 Ελλάδα
593 2837 725 2883 φωνὴν
742 2838 855 2883 η’χρη-

46 2882 250 2926 στωκότων,
269 2886 566 2930 (depravantium,
586 2898 606 2920 a
623 2886 728 2920 verbo
742 2898 855 2930 αχρη-

45 2929 162 2972 eadm,
187 2931 280 2975 quod
303 2932 424 2966 lexicis
449 2932 640 2966 addendum
669 2936 766 2977 puto,
790 2943 854 2965 nec

45 2976 260 3019 mutandum,
287 2978 353 3012 etsi
374 2979 503 3012 Scholl.
532 2979 615 3012 Ven.
641 2979 670 3012 B
695 2978 792 3035 Lips.
817 2981 853 3012 et

45 3022 141 3058 Leid.
163 3023 206 3057 de
231 3023 398 3058 Caribus:
434 3022 493 3061 ὅτι
516 3026 674 3070 Κρητῶν
699 3022 852 3061 ἄποικοι

916 615 1020 658 ὄντες
1045 630 1223 661 eaontcu
1236 629 1320 652 σαν
1344 617 1428 672 τὴν
1429 614 1625 660 Ελληνίὸα
1649 627 1728 658 φω-

916 662 987 709 νήν
1019 668 1087 701 etc.
1124 664 1152 697 Ε
1189 675 1350 708 quoque.
1402 658 1428 708 ἢ
1468 662 1585 704 διότι,
1622 662 1728 706 φασὶ,

916 712 1073 755 Κρητῶν
1097 706 1250 745 α’ποικοι
1275 709 1378 749 ὄντες
1405 709 1641 755 ηχρήστωσαν
1659 707 1728 752 τήν

911 756 1072 792 Ἑλλάδα
1099 755 1242 801 φωνήν.
1290 764 1439 790 ceterum
1465 769 1521 801 ap
1547 756 1678 789 Herod.
1693 758 1725 798 1,

917 806 996 838 171.
1022 804 1207 836 Cretenses
1232 808 1388 845 narrant,
1415 804 1526 836 Cares
1545 803 1654 847 primo
1673 801 1726 834 in-

914 851 1006 883 sulas
1031 849 1216 882 incoluisse
1235 850 1298 881 sub
1319 849 1467 882 Minois*
1460 848 1625 893 imperio3
1651 859 1726 880 cum

913 895 1021 929 Cares
1042 896 1122 938 jure
1147 896 1413 936 contenderent,
1446 895 1681 949 antiquiores
1689 905 1727 927 50

911 941 946 974 in
972 942 1163 975 continenti
1189 941 1293 975 Asiae
1318 942 1418 974 sedes
1443 941 1635 983 habuisse.)
1668 937 1727 975 ὅτι

910 986 958 1022 τοὶ
992 986 1060 1030 μὲν
1087 986 1260 1047 ἀρρενικοὶ
1292 988 1468 1031 θηλυκῶς
1504 986 1646 1030 ἔλεγ,ον
1679 985 1728 1021 τὰ

911 1032 951 1069 δὲ
976 1033 1125 1077 θηλυκά
1155 1032 1365 1077 οἷρρενικῶς.
1416 1034 1461 1069 cf.
1495 1033 1654 1067 Nitzsch.
1683 1033 1726 1065 ad

911 1079 1220 1124 Od>ss.a',12>·3.
1256 1080 1378 1114 merito
1404 1080 1647 1123 Thucydidem
1671 1090 1725 1112 re-

911 1126 1127 1171 prehendunt
1145 1128 1279 1170 (schol.
1301 1130 1356 1166 Α.,
1377 1125 1504 1159 Strabo
1510 1092 1556 1166 y8,
1583 1136 1616 1169 p.
1630 1126 1727 1166 568.‚

916 1171 970 1207 14.
995 1184 1028 1217 p.
1052 1174 1131 1208 976.
1155 1175 1296 1217 sequ.),
1331 1172 1389 1216 qui
1413 1172 1639 1205 barbarorum
1663 1183 1725 1205 no-

913 1230 988 1252 men
1012 1219 1187 1252 recentius
1212 1231 1289 1252 esse
1314 1219 1442 1252 dixerit
1467 1221 1498 1259 1,
1523 1219 1556 1253 3.
1583 1229 1646 1251 1100
1664 1218 1725 1251 110-

912 1276 955 1298 110
990 1265 1057 1298 H:
1094 1265 1226 1310 „atqui
1260 1277 1326 1299 non
1366 1263 1535 1298 refellitur
1570 1264 1725 1305 Thuc.,“

911 1310 1042 1354 inquit·
1069 1322 1163 1351 „non
1189 1312 1298 1355 magis
1328 1311 1415 1344 enim
1449 1310 1630 1344 collectivo
1664 1321 1724 1344 no-

912 1356 1001 1390 mine
1024 1357 1192 1390 barbaros
1224 1357 1313 1390 dixit
1343 1358 1443 1390 Hom.
1475 1368 1576 1401 quam
1608 1357 1725 1390 Helle-

912 1414 984 1436 nas.
989 1404 1011 1422 ‘⁴
1049 1404 1148 1446 quasi
1172 1415 1238 1437 non
1264 1402 1462 1448 compositis
1487 1402 1602 1436 verbis
1634 1405 1724 1449 βαρ-

909 1447 1135 1493 βαρύφωνος
1159 1454 1194 1483 et
1218 1449 1448 1492 Πανέλληνες
1480 1460 1562 1482 115115
1593 1448 1724 1503 simpli-

910 1495 996 1528 cium
1023 1495 1270 1529 declararetur.
1296 1517 1340 1521 —
1367 1497 1496 1530 Nastes
1520 1495 1556 1528 in
1581 1495 1722 1539 quibus-

910 1542 986 1574 dam
1013 1542 1284 1586 exemplaribus,
1319 1554 1461 1587 quorum
1494 1542 1526 1574 E
1559 1541 1723 1582 meminit,

909 1586 1089 1631 Ναύστης
1115 1588 1248 1631 dictus,
1284 1600 1338 1633 ap.
1365 1588 1483 1621 Strab.
1505 1585 1560 1623 14.
1586 1599 1619 1631 p.
1641 1588 1722 1629 976,

909 1634 949 1668 C.
976 1640 1030 1668 est
1053 1632 1195 1669 Μάσθλ
1200 1648 1253 1679 ης,
1279 1647 1352 1668 cum
1378 1636 1530 1668 sortasse
1546 1634 1724 1678 Μέσθλης

908 1680 1014 1715 864
1013 1680 1121 1714 dhuc
1156 1686 1298 1715 sonaret
1332 1681 1368 1714 in
1400 1680 1539 1713 auribus
1576 1679 1721 1714 librarii.

909 1730 1004 1761 certe
1029 1725 1184 1771 Ναστης
1208 1727 1308 1760 etiam
1335 1739 1391 1772 ap.
1417 1725 1627 1770 Hesychium
1659 1728 1722 1760 ha-

909 1774 1030 1814 betur3
1062 1774 1155 1818 quod
1179 1785 1300 1808 nomen
1325 1773 1515 1807 110111115111.
1544 1773 1566 1807 l.
1593 1772 1722 1818 legitur

907 1831 964 1865 ap.
987 1826 1154 1854 nostrum.

952 1867 1031 1901 868.
1084 1869 1201 1910 Φθειρ
1206 1867 1267 1900 ὦν.
1287 1866 1390 1899 MSS.
1414 1864 1566 1900 nonnulli
1584 1868 1619 1899 et
1635 1869 1720 1900 vett.

906 1912 1005 1946 edd.:
1034 1915 1198 1955 Φθιρῶν.
1222 1913 1345 1956 steph.
1371 1913 1478 1968 Byzn
1506 1914 1632 1956 Φθίρα
1656 1912 1721 1956 (τὰ

909 1959 1055 2015 Φθίρα,
1081 1965 1176 2004 puto.
1204 1960 1249 1993 H.
1285 1959 1337 1992 E:
1375 1956 1394 1993 ὁ
1421 1958 1460 1993 δὲ
1485 1957 1724 2004 ἐθνογράφος

908 2008 1018 2049 φησίτ
1053 2008 1153 2049 Φθιρ
1188 2011 1253 2039 etc.
1265 2006 1304 2049 ),
1347 2003 1434 2051 ὄρος
1465 2007 1621 2049 Καρίας.
1682 2007 1719 2040 02

907 2054 1167 2093 κατοικοῦντες
1212 2053 1351 2094 Φθίρες
1392 2052 1539 2094 (Φθῐρε
1544 2053 1612 2096 ς..)
1665 2053 1717 2086 E:

908 2117 952 2122 —
978 2098 1013 2132 οἱ
1039 2097 1079 2133 δὲ
1105 2099 1315 2143 σχολιασταὶ
1345 2095 1463 2132 οὕτω
1500 2099 1655 2143 Φθιρῶν
1681 2096 1720 2134 6—

907 2157 972 2188 ρος
1001 2147 1141 2194 Καρίας
1163 2158 1245 2189 mot
1272 2148 1454 2188 Μί,λητον
1477 2148 1615 2186 πολλάς
1637 2145 1718 2190 ἔχον

905 2192 1032 2233 πίτυς,
1069 2193 1122 2226 ὠν
1152 2190 1199 2226 τοὶ
1230 2191 1474 2236 ἐξανθήματα
1513 2191 1611 2227 οὕτω
1653 2206 1716 2227 κα-

905 2240 1045 2279 λεῖται,
1071 2236 1121 2280 ὡς
1145 2237 1260 2282 ὅμοια
1285 2241 1360 2282 φθε
1364 2240 1469 2281 ιρσίν.
1529 2239 1618 2273 idem
1643 2240 1716 2273 He-

906 2285 1085 2318 rodianum
1121 2284 1163 2320 τὸ
1193 2285 1291 2326 Φθιρ
1316 2286 1407 2319 tueri
1439 2285 1525 2318 dicit
1555 2291 1715 2331 tanquam

906 2331 1044 2372 verius,
1070 2331 1160 2375 quod
1185 2344 1249 2365 nec
1274 2333 1418 2375 Heyneo
1444 2331 1625 2375 displicet,
1661 2333 1716 2366 cui

904 2375 1123 2411 verisimilius
1149 2378 1306 2418 videtur,
1341 2383 1505 2411 mutatum
1541 2389 1616 2412 esse
1654 2379 1715 2412 mi-

904 2434 966 2455 nus
998 2423 1165 2468 frequens
1198 2424 1399 2458 vocabulum
1442 2426 1579 2468 φθῖρες
1614 2436 1714 2469 quam

904 2468 1113 2504 notissimum
1140 2472 1306 2514 φθεῖρες.
1363 2473 1447 2515 Apa
1485 2473 1714 2515 Φθειρῶν.

905 2517 1060 2559 φθεῖροι
1083 2516 1250 2574 λέγονται
1273 2515 1348 2552 υπό
1375 2530 1485 2552 τινων
1511 2517 1550 2551 αἱ
1576 2520 1713 2558 πίτυες.

906 2563 1078 2606 Φθειρῶν
1117 2561 1191 2619 γάρ
1221 2561 1307 2606 ὅρος
1340 2563 1406 2608 τῆς
1449 2566 1596 2608 Καρίας
1628 2565 1714 2609 περὶ

902 2609 1095 2653 Μίλητον,
1128 2607 1193 2646 δια
1224 2610 1266 2646 τὸ
1300 2609 1438 2650 πολλας
1469 2610 1561 2654 ἔχειν
1592 2613 1712 2653 πίτυς.

903 2654 940 2689 οὶ
964 2668 1031 2698 γαρ
1057 2654 1166 2692 τόποι
1188 2658 1263 2692 τῶν
1280 2656 1422 2693 πιτύων
1441 2660 1581 2702 φθίραι
1599 2671 1711 2702 προσ-

902 2701 1158 2746 αγορεύονται.
1186 2703 1223 2738 οἱ
1247 2702 1302 2759 δὲ,
1325 2701 1384 2739 ὅτι
1404 2704 1451 2738 τοὶ
1473 2707 1548 2740 τῶν
1568 2704 1711 2741 πιτύων

900 2747 1013 2792 μικροὶ
1039 2750 1227 2804 στροβίλια
1249 2748 1370 2792 ου’τως
1392 2750 1580 2808 λέγονται,
1606 2767 1630 2787 α
1649 2752 1710 2786 καὶ

901 2807 1186 2853 πιτυοκαμπους
1219 2798 1346 2841 φοσίι.
1396 2794 1420 2839 77¹
1453 2798 1529 2834 ἀπὸ
1556 2800 1710 2855 Φθίρω-

900 2853 966 2881 νος
988 2844 1057 2877 τοῦ
1079 2840 1340 2886 Ἐνδυμίωνος.
1398 2842 1462 2887 ἢ
1450 2843 1508 2880 ότι
1530 2845 1577 2881 τοὶ
1601 2844 1707 2887 ἐξαν-

899 2886 1054 2932 θήματα
1077 2890 1152 2924 τῶν
1177 2891 1324 2926 πιτύων
1346 2888 1461 2935 ὅμοιά
1487 2893 1556 2927 εἱσι
1574 2895 1708 2937 φθειρ-

899 2934 969 2968 σίν.
996 2940 1032 2968 et
1053 2936 1211 2970 similiter
1232 2938 1315 2971 Sch.

945 2980 1025 3016 869.
1074 2994 1157 3027 ergo
1182 2994 1245 3027 per
1260 2984 1347 3027 juga
1367 2984 1588 3027 promontorii
1606 2996 1707 3030 spar-

898 3025 947 3062 sis
970 3026 1110 3062 sedibus
1146 3029 1346 3063 habitarunt
1371 3029 1490 3064 Cares.
1527 3050 1569 3055 -—-
1603 3042 1705 3066 versu
