1811 3269
479 157 831 206 ΧΡΟΝΟΙ,
871 158 1276 199 ΒΙΟΣκ.τ.λ.

51 285 161 308 mnum
181 273 216 307 in
227 273 415 317 Apollinem
436 271 587 304 Homero
610 269 732 303 tribuit
741 269 856 305 Thuc.

51 322 85 362 3,
111 320 189 355 104.
224 331 286 352 nec
309 329 393 352 sane
425 315 557 350 indoles
593 316 711 350 horum
735 314 858 349 carmi-

52 378 152 407 num,
178 369 273 398 certe
297 365 459 409 majorum
483 361 747 406 meliorumque,
771 361 858 395 mul·-

55 418 124 446 tum
149 412 192 445 ab
204 410 345 445 Homeri
361 411 548 453 discrepat,
571 408 623 442 ita
641 414 679 441 ut
702 407 744 441 ad
769 407 858 440 idem

54 466 210 503 tempuS‚
252 457 307 490 vel
345 455 537 501 proximum
571 454 755 488 referenda
785 465 861 487 esse

55 505 261 543 videantur,
294 514 400 547 opera
432 501 491 535 illa
514 502 663 534 fortasse
696 500 860 533 Homeri-

55 551 200 591 darum,
240 549 284 582 de
318 548 440 594 quibus
472 547 618 581 Suidas:
647 543 861 591 ‘Opnpt'doct,

55 596 160 642 γένος
195 594 269 631 α’πὸ
303 595 372 630 τοῦ
401 594 562 638 ποιητοῦ
599 590 863 637 ὠνομασμένον

56 643 94 679 ἐν
120 644 212 687 Χίῳ.
248 641 293 675 cf.
310 642 493 674 Knsterum
519 640 541 674 l.
568 640 590 673 l.
616 643 649 680 1,
671 643 716 680 1.‚
743 639 864 672 Grod-

55 689 171 723 deckii
212 687 525 722 commentationem
571 686 614 719 de
662 688 863 730 hymnorum

56 735 314 771 Homericorum
350 733 524 778 reliquiis,
561 732 724 776 Gotting.
751 731 864 771 1784„

57 782 247 826 Wolfiique
279 781 439 823 Prolegg.
474 791 508 824 p.
540 778 620 814 246.
654 790 772 823 sequ„
805 778 865 822 qui

56 828 192 874 quidem
217 839 339 861 nomen
369 825 617 870 rhapsodorutu
650 825 795 858 istorum
820 824 863 858 ab

57 887 97 909 eo
132 874 245 919 potius
277 873 502 906 derivandum
542 872 727 911 censebat,
771 869 864 915 quod

58 920 191 955 nonnisi
223 918 406 953 Homerica
441 918 592 951 carmina
628 917 864 957 recitaverint,

57 967 215 1013 quoniam
240 966 341 999 aliter
364 963 441 997 fieri
465 975 531 997 non
558 963 731 1008 potuerit,
759 969 797 996 ut
822 963 865 995 de

58 1013 173 1058 patria
196 1011 336 1047 Homeri
361 1010 637 1054 disceptaretur3
668 1009 724 1044 cui
746 1020 865 1042 assen-

42 1060 145 1101 tior,
181 1071 246 1093 nec
276 1057 434 1091 diversos
463 1056 540 1090 illos
574 1055 681 1090 fuisse
712 1060 795 1100 puto
821 1055 864 1089 ab

54 1103 165 1149 ἶΟμη
179 1117 317 1148 ριστα
331 1107 372 1143 ῖς
397 1108 432 1136 et
454 1103 640 1146 rhapsodis
662 1101 864 1146 generatim.

58 1152 226 1196 Hesych„
250 1153 436 1185 annotante
461 1149 631 1183 Kristero:
667 1149 704 1183 οἱ
727 1149 775 1182 τοὶ
798 1146 867 1184 Ὅ-

57 1197 180 1243 μήρου
213 1195 368 1245 ᾅδοντες
403 1196 559 1240 ποιηταὶ
590 1193 766 1242 ῥαψῳδοὶ
801 1208 867 1230 κα-

58 1247 221 1281 λοῦνται.
264 1245 390 1279 Athen.
427 1243 480 1277 14.
517 1255 550 1287 p.
586 1243 688 1278 620.:
735 1239 793 1276 ὅτι
827 1240 866 1276 δ’

56 1291 257 1328 ἐκαλοῦντο
290 1291 326 1327 οὶ
351 1289 526 1335 ῥαψῳδοὶ
552 1289 615 1326 καὶ
635 1285 870 1334 “Ομηρισταὶ,

1656 163 1708 201 11

895 265 1123 314 Ἀριστοκλῆς
1153 269 1299 315 εἴρηκεν
1324 269 1365 305 ἐν
1385 272 1439 317 τῷ
1460 273 1544 316 περὶ
1568 275 1714 317 Χορῶν.

902 315 1076 349 Pindarus
1108 316 1211 350 Nem.
1244 319 1302 352 2:
1328 314 1449 353 ΓΌθεν
1476 331 1544 363 περ
1569 319 1633 356 καὶ
1651 317 1715 355 ‘O—

904 363 1060 406 μηρίδαι
1080 358 1248 398 Ῥαπτιόν
1272 361 1391 399 ἐπέων
1413 363 1562 400 ταπόλλ’
1588 364 1716 402 οἷοιδοὶ

894 409 1106 451 ’'Apzovtocc,
1143 408 1238 450 Διὸς
1263 409 1302 444 ἐκ
1325 412 1525 455 προοιμίου
1551 418 1617 446 etc.
1648 425 1714 458 quo

907 457 981 490 loco
1007 455 1194 501 Dionysius
1219 457 1372 501 Argivus
1403 469 1458 503 ap.
1484 458 1601 491 schol.
1637 470 1715 492 eos-

909 501 984 534 dem
1006 499 1204 545 ἇρνῳδούς
1226 508 1367 537 vocatos
1385 515 1461 537 esse
1484 503 1606 545 tradit,
1630 505 1661 537 si
1679 505 1716 538 in

908 548 1096 582 certamine
1120 549 1251 583 musico
1277 550 1463 584 vicissent:
1498 551 1568 584 τοῦ
1602 549 1642 585 δὲ
1676 549 1717 586 ἄ-

906 596 1004 629 θλου
1029 597 1112 634 τοῖς
1135 598 1288 630 νικῶσιν
1321 593 1435 641 ἀρνὸς
1459 593 1719 641 ἀποδεδειγμέ-

906 653 987 681 νου,
1012 645 1367 688 προσαγορευθῆναι
1397 640 1481 678 τότε
1511 641 1578 686 μὲν
1603 640 1721 690 ἅρνῳ-

908 686 1021 728 dotis:
1046 689 1346 733 quemadmodum,
1370 693 1532 724 monente
1553 690 1720 732 Kiistero‚

908 737 1036 779 poetae
1077 735 1167 779 epici
1210 741 1245 769 et
1284 735 1530 780 dithyrambici
1569 735 1722 770 victores

908 786 1010 814 tauro
1029 780 1259 824 donabantur,
1284 782 1386 826 lyrici
1406 783 1569 826 juvenca,
1595 783 1723 828 tragici

910 826 1028 868 hirco,
1064 827 1235 870 ἐρωτικοὶ
1265 834 1377 863 autem
1411 840 1540 862 corona
1573 834 1722 874 myrtea,

911 873 1072 918 quoniam
1092 875 1222 908 Veneri
1247 886 1348 908 sacra
1372 881 1449 909 erat
1473 879 1617 918 myrtus.
1652 887 1724 909 ma-

907 921 1002 962 jores
1026 920 1147 954 horum
1172 922 1371 966 hymnorum
1396 933 1437 955 ex
1463 921 1618 966 pluribus
1642 933 1724 955 con—

911 970 1005 999 stant
1029 967 1207 1010 partibus,
1234 967 1321 1001 male
1345 967 1562 1011 conjunctis3
1586 967 1726 1002 brevio-

911 1023 968 1046 res
992 1010 1077 1046 nihil
1101 1013 1195 1047 aliud
1217 1018 1300 1047 sunt
1320 1025 1420 1058 quam
1443 1015 1624 1057 προοίμια
1645 1015 1727 1049 rha-

913 1058 1131 1103 psodiarum,
1163 1060 1302 1106 istoque
1326 1059 1460 1094 nomine
1483 1072 1727 1105 nonnunquam

914 1106 1149 1150 appellantur.
1193 1126 1236 1131 —
1288 1106 1440 1151 ejusdem
1481 1106 1728 1153 descriptionis

914 1152 1090 1197 pretiique
1122 1157 1201 1187 sunt
1225 1153 1506 1199 epigrammata,
1540 1165 1629 1197 quae
1652 1154 1728 1186 Ho—

915 1197 1003 1231 meri
1034 1210 1157 1232 nomen
1189 1212 1274 1245 prae
1306 1211 1345 1234 se
1378 1200 1516 1240 ferunt,
1550 1200 1729 1245 depromta

916 1243 975 1278 illa
1006 1245 1186 1279 maximam
1231 1252 1365 1292 partem
1401 1258 1443 1280 ex
1478 1246 1551 1280 vita
1591 1249 1728 1292 poetae,

920 1302 1021 1337 quam
1045 1292 1227 1329 Herodoto
1253 1297 1519 1340 supposuerunt.
