1811 3269
578 189 1005 231 ΙΛΙΑΔΟΣ
1061 190 1108 229 Ζ.

1591 190 1671 231 321

252 303 338 352 ’,Ως
365 299 502 371 φατο·
532 297 613 342 τόν
643 296 683 342 δ’
717 297 815 341 οὔτι
844 299 1048 366 προσέφη
1079 296 1379 350 κορυθαίολος
1393 298 1580 354 “Εκτωρ.

188 359 267 403 τὸν
297 357 342 401 δ’
367 356 515 411 Ἑλένη
545 355 731 425 μύθοισι
757 353 990 409 προσηύδα
1020 355 1319 409 μειλιχίοισιν·

267 417 416 466 ,,Λᾶερ
447 412 588 466 ἐμεῖο,
621 411 756 463 κυνὸς
785 410 1118 465 κακομηχάνου,
1151 410 1422 481 ὀκριοέσσης,

75 474 158 517 345
189 470 247 521 ω’ς
277 468 325 526 μ’
357 469 486 525 ὄφελ’
516 469 647 536 ἤματι
677 473 760 525 τῷ,
795 467 864 512 ὅτε
893 483 945 520 με
972 471 1150 521 πρῶτον
1178 467 1273 511 τέκε
1301 467 1457 524 μήτηρ,

187 529 385 596 οἴχεσθαι
413 526 701 598 προφέρουσα
729 524 840 581 κακὴ
870 523 1050 577 ἀνέμοιο
1081 524 1247 567 θύελλα

186 585 245 634 εἰς
274 582 398 637 ὅρος,
429 583 458 638 ἢ
486 586 545 634 εἰς
575 587 693 635 κῦμα
723 582 1073 636 πολυφλοίσβοιο
1090 582 1343 651 θαλάσσης,

186 640 297 682 ἔνθα
329 656 380 696 με
410 637 517 695 κῦμ’
547 639 754 697 α’πόερσε,
786 655 927 692 παρος
956 637 1056 679 ταδε
1086 636 1205 705 ἔργα
1220 638 1453 691 γενέσθαι]

189 695 327 751 αὐτὰρ
359 697 450 739 ἐπεὶ
484 695 586 740 τάδε
615 696 659 751 γ’
693 691 775 739 ὦδε
805 696 904 738 θεοὶ
932 710 1045 737 κακα
1059 691 1361 754 τεκμήραντο,

75 757 158 799 350
190 752 354 805 ανδρὸς
383 751 512 796 ἔπειτ’
546 753 746 808 ω’φελλον
773 750 1005 805 αμείνονος
1035 755 1146 792 εἰναι
1177 751 1354 801 ἄκοιτις,

189 809 236 861 ὃς
256 810 350 880 ἤδη
380 811 554 874 νέμεσίν
583 827 626 852 τε
657 810 728 853 καὶ
761 811 909 865 αἴσχεα
937 804 1067 850 πόλλ’
1100 806 1373 875 ἀνθρώπων.

187 866 330 923 τούτῳ
362 867 406 910 δ’
436 864 530 910 οὔτ’
565 866 652 940 ἄρα
682 871 768 910 νῦν
797 866 954 934 φρένες
985 865 1183 918 ἔμπεδοι,
1215 862 1312 906 οὔτ’
1346 859 1424 917 ἄρ’
1454 859 1622 904 ὀπίσσω

190 924 412 967 ἔσσονται·
443 927 504 980 τῷ
538 926 613 967 καί
643 941 717 978 μιν
749 921 1076 991 έπαυρησεσθαι
1108 919 1202 963 ὀίω.

191 978 287 1023 ἀλλ’
319 979 397 1036 ἄγε
426 985 510 1024 νῦν
540 982 703 1024 εἴσελθε
734 982 806 1024 καὶ
837 979 927 1033 ἕζεο
957 976 1065 1034 τῷδ’
1094 976 1166 1020 ἐπι
1196 977 1355 1030 δίφρῳ,

75 1041 158 1083 355

192 1039 322 1108 δᾶερ,
352 1038 443 1080 ἐπεί
473 1050 518 1080 σε
550 1037 735 1092 μάλιστα
764 1035 902 1087 πόνος
934 1037 1104 1104 φρένας
1129 1033 1429 1104 αμφιβέβηκεν

191 1092 322 1137 είνεκ’
356 1093 470 1147 ἐμεῖο
502 1095 636 1145 κυνὸς
666 1096 737 1137 καὶ
761 1093 1050 1145 Ἀλέξανδρον
1081 1089 1197 1134 ἕνεκ’
1233 1089 1354 1162 ἄτης,

191 1147 307 1194 οἷσιν
335 1149 404 1194 ἐπὶ
434 1150 545 1202 Ζεὺς
575 1155 685 1206 θηκε
714 1149 853 1194 κακὸν
884 1149 1048 1204 μόρον,
1085 1146 1144 1218 ὦς
1172 1148 1246 1190 καὶ
1277 1144 1445 1189 ὀπίσσω

191 1206 472 1260 ανθρώποισι
496 1207 718 1262 πελώμεθ’
754 1206 952 1262 αόίδιμοι
981 1204 1326 1259 έσσομένοισινὲ(

277 1263 369 1320 Τήν
400 1265 444 1308 δ’
476 1249 665 1336 ἠμείβετ’
697 1265 839 1308 ἔπειτα
871 1264 1004 1332 μέγας
1031 1262 1328 1315 κορυθαίολος
1346 1258 1537 1311 ’Ἕκτωρ·

78 1327 162 1367 360

192 1321 276 1392 ‚3526
308 1338 360 1376 με
390 1320 558 1375 κάθιζ’,
584 1322 754 1378 Ελένη,
791 1318 1013 1387 φιλέουσά
1035 1335 1137 1373 περ,
1171 1317 1277 1361 ου’δέ
1308 1332 1359 1371 με
1387 1318 1573 1365 πείσεις·

192 1377 275 1434 ἤδη
305 1378 388 1433 γάρ
419 1396 494 1434 μοι
523 1380 668 1432 θυμὸς
697 1379 951 1429 ἐπέσσυται,
982 1376 1077 1446 ὄφρ
1129 1373 1340 1425 ἐπαμύνω

197 1434 393 1486 T9c0'566'
400 1468 409 1486 ‚
442 1440 485 1479 οι
515 1434 608 1491 μέγ’
641 1437 756 1492 ἐμεῖο
787 1434 936 1489 ποθὴν
966 1432 1174 1482 απεόντος
1204 1431 1393 1498 ἔχουσιν.

195 1491 304 1535 ἄλλα
336 1490 434 1546 σύγ’
469 1493 631 1545 ὄρνυθι
660 1497 847 1544 τοῦτον,
875 1491 1111 1544 ἐπειγέσθω
1145 1488 1190 1532 δὲ
1220 1488 1292 1531 καὶ
1323 1483 1470 1538 αὐτὸς,

196 1549 254 1599 ὥς
284 1565 360 1592 κεν
390 1547 460 1604 ἔμ’
492 1551 701 1616 ἔντοσθεν
736 1549 887 1598 πόλιος
917 1546 1182 1616 καταμάρψῃ
1214 1543 1363 1587 ἐόντα·

81 1612 165 1653 365

196 1606 271 1650 καὶ
305 1623 388 1661 γαρ
420 1606 533 1661 ἐγων
564 1604 737 1650 οἶκόνδ’
767 1603 1070 1657 ἐσελεύσομαι,
1103 1602 1222 1674 ὄφρα
1252 1603 1415 1657 ἴδωμαι

198 1665 350 1720 οἰκῆας
381 1662 544 1719 ἄλοχόν
573 1680 616 1707 τε
646 1666 780 1720 φίλην
808 1663 882 1707 καὶ
912 1661 1072 1718 νήπιον
1102 1659 1229 1703 υἱόν·

70 1753 151 1791 344.
197 1753 352 1795 κυνός.
385 1753 575 1796 ἀναιδοῦς.
601 1754 667 1800 (α’,
687 1753 836 1800 225,γ,

26 1803 96 1838 180
115 1807 183 1836 etc.
222 1821 258 1826 —
297 1815 462 1845 κακομ.
499 1816 594 1837 nana
617 1801 836 1859 μήχανωμὲ-

25 1861 111 1892 νης,
143 1849 314 1881 malorum
334 1850 503 1890 auctoris,
537 1861 603 1883 non
628 1848 836 1893 ἀμηχάνου,

27 1900 68 1928 ut
92 1900 209 1927 censet
234 1894 297 1938 E.)
347 1893 442 1937 ὀκρ.
476 1897 643 1939 τραχείας
667 1910 727 1930 και
752 1910 838 1940 φρι-

26 1942 124 2028 κτῆἷ3
143 1940 295 2030 ἑάίιναε,
321 1942 486 1985 crudelis,
511 1943 769 1977 abominandae.
794 1943 839 1978 cf.

73 2031 154 2069 346.
200 2045 341 2077 προφ.
382 2031 510 2076 πόῤῥω
543 2034 721 2078 φέρουσα.
757 2034 839 2066 Sch.

29 2079 75 2113 cf.
99 2077 146 2120 ν’,
173 2080 218 2114 63
243 2085 309 2113 etc.
342 2080 453 2113 ventis
478 2082 570 2114 tradi
600 2081 654 2114 vel
680 2093 700 2114 a
725 2081 839 2113 ventis

28 2125 105 2169 rapi
126 2124 237 2170 prisco
256 2126 417 2170 loquendi
434 2138 525 2160 more
545 2133 598 2160 est
617 2128 741 2172 perire,
757 2138 839 2159 eva-

30 2183 183 2205 nescere.
233 2173 384 2216 mythice
418 2173 590 2217 procellae
623 2173 840 2207 declarantur

30 2229 93 2273 per
127 2218 303 2263 Harpyias
338 2218 467 2262 Οδ)εε.
494 2218 541 2261 α’,
566 2219 655 2262 241,
690 2218 732 2262 ξ’,
759 2221 840 2259 371,

68 2266 160 2306 ,.77
209 2265 253 2298 cf.
281 2276 415 2298 excurs.
441 2266 473 2298 7.
502 2267 544 2299 ad
572 2268 654 2301 Aen.
673 2269 706 2302 3.
727 2266 838 2298 ExH.

30 2276 163 2349 ’,,348,
187 2312 220 2345 9.
269 2308 488 2353 ἀπόερσε.
514 2314 576 2355 (ab
600 2311 705 2357 ἐρὁ,
727 2313 838 2356 φθεί-

33 2369 98 2401 ρω.
129 2369 164 2390 ν.
190 2357 304 2402 Etym.
330 2370 362 2391 v
385 2357 490 2403 ε’ῤῥω.
517 2360 560 2392 cf.
582 2358 727 2403 mmm,
741 2359 839 2402 329.)

34 2402 209 2459 ἀπέπνιξε
233 2405 283 2450 τῷ
307 2400 429 2440 ν’δατι.
448 2425 491 2430 ——
509 2418 640 2462 τεκμ.
661 2403 840 2461 ἐβουλεύ-

35 2461 166 2491 σαντο,
181 2446 213 2505 ἢ
237 2439 469 2494 ε’τιλείωσαν,
508 2449 528 2494 ἢ
554 2453 605 2493 εἰς
629 2451 730 2493 τέλος
752 2450 841 2497 ἤγα-

33 2509 109 2542 γον.
136 2495 202 2541 (α’,
227 2499 306 2536 526
332 2497 377 2542 η’,
402 2499 475 2542 70.)

79 2544 158 2579 351.
208 2556 258 2583 ος
281 2541 395 2589 ήδη,
421 2545 478 2589 qui
502 2548 639 2585 nosset,
663 2544 696 2577 h.
715 2555 743 2577 e.
764 2554 842 2576 sen-

32 2590 134 2632 tiret,
167 2589 246 2624 odia
271 2597 305 2623 et
329 2592 475 2635 probra,
509 2602 598 2635 quae
632 2589 664 2623 ei
690 2590 842 2623 homines

33 2634 212 2670 inferrent.
245 2636 359 2672 Schol
386 2638 434 2670 B:
470 2634 566 2688 ᾔδει
582 2634 674 2680 πρὸς
697 2635 739 2670 τὸ
767 2649 841 2679 φυ-

35 2680 255 2761 λὲισῖιεσθαι,
278 2683 341 2719 καὶ
364 2682 414 2729 μὴ
442 2685 493 2725 εἰς
519 2681 616 2719 αυτοὶ
639 2682 841 2728 ἐμπίπτειν.

35 2738 55 2760 c

82 2773 172 2814 352,
203 2775 238 2828 35
293 2773 344 2818 ἒμ
354 2789 393 2811 π.
441 2774 641 2821 ασφαλεῖς,
687 2774 844 2825 βέβαιοι.

36 2818 182 2863 (Odyss.
206 2818 251 2861 κ’,
274 2820 376 2858 493.·
401 2824 509 2858 τοῦτε
536 2823 668 2878 φρένες
693 2821 845 2865 ἔμπεδοί

37 2866 151 2907 εἰσιν,
182 2868 241 2912 Τῷ
266 2870 325 2902 καὶ
347 2872 529 2925 τεθνηῶτι
543 2869 632 2906 νόον
643 2867 736 2910 πόρε
753 2870 847 2909 Περ-

39 2910 216 2968 σεφόνεια
244 2914 320 2959 Οἴῳ
343 2915 576 2957 πεπνῦσθαι,
599 2916 656 2950 τοὶ
683 2915 722 2950 ὁε
747 2914 846 2950 σκιαὶ

38 2956 242 2994 ἆΐσσουσιν.
290 2962 333 2993 cf
364 2963 493 3016 Odyss.
530 2961 571 3005 6'‚
599 2963 678 2997 215.
711 2961 846 3005 incogi-

36 3006 179 3040 tantiam
205 3006 341 3040 Paridis
363 3007 528 3053 incusat.)
578 3008 738 3054 ἐπαυρ.
765 3007 846 3042 ἐπι-

35 3055 178 3097 τυχεῖν,
213 3051 433 3092 ἆπολαῦσαι.
467 3056 535 3101 (α’,
557 3055 659 3101 410.)
686 3075 728 3080 -
761 3054 846 3089 Sch-

76 3109 220 3145 Horma.
244 3110 273 3146 1.

927 1752 1017 1793 354,
1042 1753 1077 1788 5.
1126 1751 1311 1794 δίφρῳ,
1333 1747 1443 1780 sedili.
1487 1746 1531 1779 cf.
1563 1744 1692 1790 Odyss.

883 1799 927 1842 δ,
954 1802 1045 1840 717,
1069 1797 1111 1841 ξ’,
1135 1762 1247 1838 280,ρ
1253 1795 1295 1839 ρ’,
1320 1795 1405 1833 602,
1435 1792 1526 1825 Tol!
1551 1792 1594 1825 ad
1624 1794 1690 1835 Ap.

882 1859 915 1881 v
941 1848 1088 1888 δίφρον.
1125 1846 1177 1878 E:
1203 1841 1272 1885 ὅρα
1295 1840 1358 1875 καὶ
1381 1840 1450 1873 νῦν
1474 1837 1542 1873 τὸν
1554 1839 1694 1894 δίφρον

884 1893 943 1929 ἐπὶ
967 1895 1123 1935 θρόνου.
1163 1890 1201 1926 ἐν
1225 1889 1264 1924 δε
1288 1886 1486 1940 Ὀδυσσείᾳ
1514 1882 1578 1928 (ν’,
1595 1884 1693 1939 2.59)

885 1940 946 1976 καὶ
971 1938 1146 1978 ἀεικέλιος
1171 1938 1306 1979 δίφρος
1330 1930 1495 1977 εὕρηται.
1521 1932 1572 1972 εἰς
1596 1927 1639 1966 ὃν
1658 1930 1695 1965 οὶ

887 1983 1128 2026 ευτελέστεροι
1151 1981 1351 2037 κάθηνται.
1383 1985 1419 2013 et
1438 1979 1480 2012 ad
1497 1979 1696 2035 Odysseflam

887 2033 920 2066 ll.
945 2033 1002 2065 ll.:
1036 2033 1171 2073 δίφρος
1203 2027 1243 2064 δε
1277 2025 1321 2062 οὐ
1348 2024 1463 2070 μόιον
1490 2023 1509 2058 ὁ
1536 2026 1603 2058 τοῦ
1629 2022 1696 2062 ἅρ-

885 2092 1022 2123 ματος,
1050 2074 1132 2112 αλλ’
1161 2076 1248 2111 ἰδοῦ
1273 2074 1334 2109 καὶ
1360 2071 1506 2116 θρόνου
1530 2067 1616 2104 κατ’
1640 2067 1697 2105 οῖ-

885 2139 950 2161 κον
977 2124 1094 2165 εἶδος,
1129 2121 1249 2162 ἐοικός
1283 2122 1370 2159 ι’σως
1406 2132 1455 2163 τῳ
1480 2118 1549 2152 τοῦ
1574 2114 1697 2160 ἅρμα-

885 2185 948 2213 τος
974 2173 1095 2215 δίφρῳ
1116 2178 1182 2203 etc.
1209 2189 1252 2193 —
1278 2166 1387 2211 οἷμφ
1415 2165 1529 2210 ἤγουν
1546 2166 1697 2198 κατέλα-

885 2221 947 2266 βε,
971 2219 1190 2272 περιῆλθεν,
1224 2212 1275 2250 ὤυ
1266 2227 1317 2249 τε
1343 2212 1389 2248 ου’
1413 2211 1572 2247 πάντοτε
1596 2207 1616 2254 ἡ
1642 2208 1696 2245 λε’-

887 2268 941 2309 ξις
966 2265 1006 2299 τὸ
1047 2263 1189 2299 σκέπειν
1221 2263 1280 2296 καὶ
1316 2261 1474 2307 βοηθεῖν
1500 2259 1608 2299 δηλοῖ
1632 2262 1698 2290 etc.

886 2313 1065 2353 similiter,
1100 2314 1241 2343 notante
1266 2308 1317 2349 H,
1353 2308 1483 2350 0113ss.
1510 2302 1562 2345 θ’,
1596 2302 1695 2338 541.=

886 2359 986 2403 μάλα
1010 2356 1082 2392 πού
1107 2369 1170 2399 μιν
1205 2353 1294 2399 ἄχος
1332 2351 1468 2406 φρέιῌας
1492 2348 1699 2394 αμφιβέβη-

886 2419 959 2440 κεν.
1020 2404 1076 2437 cui
1108 2400 1353 2457 significationi
1389 2398 1502 2431 vicina
1544 2404 1598 2430 est
1630 2397 1699 2431 τοῦ

888 2450 1186 2496 ἀμφικαλύπτειν
1211 2446 1253 2491 γ’,
1278 2448 1366 2486 442,
1397 2445 1438 2487 ξ,
1463 2442 1531 2478 294
1555 2447 1622 2476 etc.

934 2498 1152 2534 356—358.
1201 2494 1337 2535 ἄτης,
1364 2491 1512 2535 flagitii,
1538 2500 1606 2533 quo
1631 2488 1699 2522 sibi

888 2545 964 2589 ipse
999 2543 1139 2577 exitium
1173 2539 1367 2575 arcessivit.
1425 2537 1475 2570 sic
1512 2536 1613 2569 etiam
1646 2548 1700 2576 ω,

889 2594 947 2626 28.
981 2591 1036 2623 Es
1062 2590 1108 2622 H.
1153 2588 1200 2621 Ε.
1227 2585 1348 2622 αοίδ.
1385 2582 1422 2618 ἐν
1447 2583 1563 2627 ᾠδαῖς
1588 2579 1700 2625 φερό-

889 2650 1014 2695 μενοι,
1039 2639 1120 2674 ταῖς
1143 2633 1202 2669 ἐπὶ
1227 2632 1399 2686 δυσκλείᾳ
1425 2627 1568 2673 δηλαδή
1607 2629 1700 2660 sch.-

890 2682 973 2729 μετ’
1007 2681 1106 2727 ᾠδῆς
1138 2677 1477 2732 μνημονευόμενοι,
1505 2673 1701 2719 διαβόητοι

891 2736 958 2764 etc.
1007 2728 1110 2762 semel
1134 2727 1189 2760 hic
1213 2732 1329 2760 noster
1352 2724 1450 2757 uixit.
1498 2723 1586 2755 bono
1620 2731 1700 2753 sen-

890 2789 928 2810 su
955 2776 1106 2818 scriptor
1139 2773 1255 2818 hymni
1279 2772 1378 2804 Hom.
1403 2770 1437 2803 in
1464 2768 1699 2812 Ap011.298.·

892 2822 992 2865 ἀμφὶ
1016 2819 1055 2856 65
1085 2820 1176 2863 νηὸν
1202 2819 1359 2854 ε’νασσαν
1384 2815 1582 2867 ἀθέσφατα
1607 2810 1699 2854 φῦλ’

891 2866 1104 2911 ἀνθρώπων
1119 2867 1311 2904 Ξεστοῖσιν
1334 2860 1500 2902 λάεσσιν,
1527 2858 1702 2902 αοίδιμον

893 2915 1046 2959 ἔμμεναι
1071 2913 1156 2947 αἰεί.
1191 2912 1236 2946 cf.
1263 2911 1308 2944 K.

937 2961 1059 2997 364-
1073 2960 1154 2995 367.
1198 2968 1365 2999 καταμ.
1391 2950 1591 2995 καταλάβῃ
1628 2950 1702 2993 (et-

889 3007 958 3041 iam
977 3009 1041 3041 hoc
1067 3002 1167 3048 α’παξ
1191 3002 1399 3048 εἰρημένον,
1423 2998 1483 3033 sed
1509 3009 1574 3030 non
1593 2996 1702 3029 infre-

892 3064 1000 3100 quens
1022 3050 1216 3098 μάρπτειν.
1236 3070 1283 3078 —
1308 3050 1395 3087 οἰκ.
1421 3044 1459 3089 ε’,
1478 3043 1560 3079 413.
1582 3042 1702 3084 Bam„

1370 3097 1426 3137 21
