1811 3269
87 181 143 219 44

721 187 1125 231 ΟΜΗΡΟΥ

322 293 413 338 Τόν
442 293 484 339 δ’
504 293 703 367 ἠμείβετ’
732 296 877 340 ἔπειτα
907 295 1014 351 ἅναξ
1043 298 1218 355 α’νδρῶν
1242 298 1542 371 Ἀγαμέμνων·

260 356 427 408 ,,φεῦγε
457 351 586 407 μάλ’,
618 355 658 395 εἴ
685 368 752 396 τοι
779 353 924 406 θυμὸς
947 355 1198 400 ἐπέσσυται.1
1228 356 1332 401 οὐδέ
1363 358 1406 401 σ’
1435 359 1571 428 ἔγωγε

258 410 463 464 λίσσομαι
494 408 621 451 ειηνεκ
654 409 770 463 ἐμεῖο
800 410 973 480 μένειν·
1005 411 1120 467 πάρ’
1150 413 1295 483 ἔμοιγε
1324 415 1397 457 καὶ
1426 414 1567 469 ἄλλοι,

148 467 226 509 175
258 465 306 507 οἴ
330 465 378 509 κέ
410 481 462 521 με
489 464 746 520 τιμήσουσι,

778 465 966 522 μάλιστα
997 469 1043 512 δὲ
1071 469 1246 525 μητιέτα
1274 470 1398 523 Ζεύς,

257 520 456 575 ἔχθιστος
487 521 532 563 δέ
566 523 642 591 μοί
671 522 765 566 ἐσσι
793 525 1076 580 Διοτρεφέων
1105 525 1350 597 βασιλήων·

255 577 338 620 αἰεὶ
366 595 449 631 γαρ
478 592 548 620 τοι
578 576 666 631 ὲρις
694 594 740 622 τε
771 582 899 635 φίλη,
918 581 1112 651 πόλεμοί
1141 599 1209 633 τε,
1238 582 1372 653 μάχαι
1400 600 1457 628 τε.

254 635 291 676 εἰ
321 633 437 688 μάλα
466 633 677 688 καρτερός
707 636 820 689 ἐσσι,
850 637 955 688 θεός
983 654 1073 682 που
1103 639 1174 682 σοὶ
1200 638 1298 708 τόγ’
1327 641 1458 685 ἔδωκε

256 689 403 733 οῖ”καδ
437 690 518 732 cmv
548 690 626 742 ξύν
654 695 785 761 νηυσί
813 709 858 737 τε
893 706 972 750 σης
1000 696 1074 738 καὶ
1100 701 1193 746 σοῖς
1226 693 1422 767 ἑτάροισι

144 754 224 793 180
253 745 622 816 Μυρμιδόνεσσιν
653 747 838 793 ἄνασσε]
872 752 1002 805 σέθεν
1032 749 1073 795 δ’
1106 752 1188 806 ἐγώ
1222 769 1306 796 ουκ
1337 751 1527 809 ἀλεγίζω,

254 801 355 846 ov’6'
349 802 832 904 ὅθομαίᾚὲοντος,
863 795 1084 862 ἄπειλῆὄῶ
1115 810 1160 852 δέ
1190 826 1259 852 τοι
1291 805 1393 853 ὦδε·

255 857 315 910 ὠς
346 860 407 928 ἔμ
447 877 585 915 αφαιρ
612 878 698 904 ιται
706 851 957 934 Χρυᾷῃῖδα
993 868 1157 920 Φοῖβος
1179 864 1412 918 Ἀπόλλων,

252 933 335 972 την
363 915 443 972 μὲν
474 917 557 972 ἐγώ
588 917 666 968 ξύν
685 935 768 990 νηι
797 935 820 961 τ
869 936 948 976 εμῃ
980 921 1054 964 καὶ
1086 922 1206 976 ἐμοῖς
1237 922 1429 976 ἑτάροισι

250 974 430 1030 πέμψω,
460 973 542 1030 ἐγώ
575 975 620 1017 δέ
650 973 696 1018 κ’
729 975 821 1032 ἄγω
854 980 1070 1034 Βρισηΐδα
1102 978 1421 1036 καλλιπάρῃον,

81 1097 237 1132 similiter
265 1099 296 1133 E
326 1105 361 1133 et
385 1100 467 1133 Sch.
496 1112 638 1145 quorum
658 1101 892 1136 notationibus

83 1145 272 1189 repudiatis
299 1146 526 1180 Buttmannus
564 1148 672 1181 Lexil.
704 1148 730 1180 Ι.
765 1160 798 1192 p.
833 1148 890 1183 47.

82 1190 182 1224 finxit
206 1191 411 1235 adjectivum
432 1190 576 1236 ἀφνυς,
603 1194 692 1238 quod
711 1201 821 1228 ortum
845 1195 891 1228 sit

83 1248 127 1270 ex
159 1234 336 1279 αφθονος
363 1250 425 1283 per
451 1240 566 1272 nescio
588 1251 686 1283 quam
704 1238 887 1281 κόὶουσιν,

82 1284 360 1327 quemadmodum
383 1285 548 1318 Germani
571 1286 686 1318 dicant
709 1287 889 1320 Lcumund

82 1329 494 1374 p.Leutemu71tl.cujus
527 1331 577 1364 rei
604 1332 691 1364 fides
712 1332 758 1365 sit
787 1344 893 1377 penes

82 1380 269 1411 auctorem.
302 1383 454 1410 ceterum
497 1376 539 1410 td
576 1374 714 1419 ἄφενος
744 1379 892 1412 Atticum

82 1431 159 1453 esse
191 1421 362 1465 creditur,
397 1420 416 1457 6
452 1435 590 1465 αφενος
610 1423 832 1476 Ἑλληνικόν.
858 1436 892 1460 v.

79 1465 279 1503 Buttmann.
305 1487 350 1491 ——
382 1466 598 1511 ἀφύξειν.
634 1467 890 1514 (ἐπαντλήσειν,

79 1511 374 1571 nspcompwcetv’.
400 1515 480 1548 Sch.
503 1516 555 1548 E:
583 1513 823 1559 αφύσσειν
850 1515 891 1551 δὲ

78 1557 123 1593 τό
173 1557 317 1595 ἀντλεῖν
351 1559 538 1601 ἐνταῦθα,
580 1564 643 1596 καὶ
663 1564 785 1616 δῃλοῐ
823 1575 891 1606 τιν

79 1617 148 1639 του
185 1609 360 1641 πλουτεῖν
402 1608 610 1649 δαψίλειαν.
644 1608 717 1641 Sim!
708 1609 742 1641 =li
784 1616 891 1642 meta-

78 1651 187 1696 phora
212 1652 340 1686 dicitur
359 1654 519 1693 πλοῦτος
543 1653 696 1696 ε’πιῤῥεῖ,
722 1662 760 1687 ut
778 1655 811 1688 K
830 1667 890 1688 an-

76 1698 226 1732 notavit.
256 1701 441 1742 pecuniam
478 1701 660 1734 exhaurire
695 1707 731 1734 et
766 1701 891 1734 similia

76 1743 303 1787 frequentant
318 1746 444 1779 Latini.

126 1791 205 1824 173.
230 1792 378 1835 superbe
392 1798 427 1825 et
442 1792 539 1835 regie
555 1792 743 1849 respondet
755 1793 869 1837 Agam
876 1819 886 1835 ‚

74 1839 326 1880 μυκτηρίζων,
351 1838 609 1894 in‹1uitl<j‚mg
631 1837 743 1873 ουδεν
767 1838 888 1883 χρήσι-

74 1894 146 1926 μον
171 1881 281 1922 ὄντα,
316 1887 377 1918 καὶ
414 1882 481 1928 τήν
503 1881 596 1940 παρ’
620 1884 762 1919 ἐκείνου
787 1888 887 1929 λεγο-

73 1927 190 1980 μένην
216 1929 409 1965 ἀπέλευσιν
419 1929 557 1985 quyrjv
593 1930 675 1966 οἷον
707 1932 887 1976 εὐσχήμο-

74 1988 123 2010 να
151 1975 364 2019 όνομάζων,
402 1973 451 2016 ὦς
476 1979 817 2021 δειλανδρήσαντος
842 1998 887 2003 —

74 2020 233 2057 ἐπέσσ.
278 2035 340 2068 pro
386 2021 581 2066 ἐπέσυται,
635 2025 677 2058 ab
718 2024 889 2060 επισεύω.

74 2068 191 2102 incito.

123 2113 200 2150 174.
227 2112 337 2156 πάρ’
373 2114 753 2159 εμοιγε-Ζεύς.
779 2115 889 2150 utitur

74 2160 110 2194 h.
129 2160 151 2194 l.
173 2160 248 2194 Cic.
273 2161 373 2206 epist.
407 2163 449 2195 ad
475 2162 554 2195 Div.
574 2163 607 2202 3,
634 2164 680 2205 7.,
708 2170 744 2196 ut
765 2163 887 2197 Came—

74 2216 145 2240 rar.
165 2207 352 2240 annotavit.
380 2208 413 2242 in
435 2207 525 2252 71029’
554 2207 811 2251 intelligendum
834 2214 888 2242 est

74 2252 217 2286 verbum
247 2254 522 2294 substantivum,
565 2261 602 2287 ut
632 2255 716 2288 alias
754 2255 789 2288 in
820 2253 884 2296 ἔνι,

74 2296 153 2337 ἔπι,
175 2297 289 2342 μέτα,
315 2297 402 2334 ν’πο.
422 2312 453 2333 v.
482 2301 510 2333 E
532 2305 565 2333 et
587 2302 644 2335 Vv.

121 2323 199 2380 175.
228 2347 271 2379 de
301 2343 347 2379 ἂν
370 2357 428 2380 seu
458 2360 496 2381 κε
518 2346 643 2390 partic.
673 2357 746 2379 cum
767 2347 832 2380 sut.
852 2358 886 2380 v.

72 2388 203 2425 Mauh.
244 2394 277 2433 §.
305 2393 384 2427 598.
417 2411 460 2417 —
498 2392 702 2436 μητιέτα
749 2405 779 2437 p.
817 2405 884 2437 μη-

70 2436 190 2492 τιέτης
214 2437 376 2478 Αεοὶίεο,
400 2445 436 2471 ut
455 2441 610 2480 τοξοτα,
641 2437 802 2479 tandm.
829 2440 884 2473 αἰ-

70 2481 210 2538 χμητᾲ,
238 2488 465 2528 κυανοχαῖτα
493 2484 734 2528 Ποσειδάων,
760 2482 885 2528 ἠπύτα

69 2528 208 2573 κήρυξ,
253 2542 341 2574 quae
384 2532 540 2576 exempla
584 2531 727 2575 protulit
762 2532 804 2564 E
839 2532 884 2564 cf.

70 2574 152 2609 sch.
182 2583 299 2610 vocat.
321 2578 476 2632 μητίετα
503 2578 533 2610 le
561 2577 630 2610 itur
660 2578 740 2612 508.
766 2576 883 2611 itidem

70 2621 124 2655 E:
151 2624 353 2664 σημείωσαι
374 2622 411 2657 δὲ
432 2621 490 2659 ότι
515 2589 652 2677 δβμητ.
682 2623 797 2662 Ζεύς
821 2624 882 2658 καὶ

68 2666 240 2712 μητιόεις
274 2669 436 2709 λέγεται,
479 2665 521 2703 ὃν
565 2667 755 2714 ερμηνεύει
790 2668 881 2704 Θεό-

68 2726 196 2758 κριτος
217 2713 256 2750 ἐν
275 2716 325 2761 τῷ
345 2714 462 2755 Διὸς
484 2715 603 2758 μέγα
626 2714 880 2761 βουλεύον-

69 2773 162 2800 τος.
187 2750 311 2802 „scite
333 2762 504 2795 Hesiodus
528 2763 663 2805 Tlieog.
685 2762 764 2796 886.
799 2773 880 2796 con-

65 2807 185 2851 jugem
215 2807 288 2850 ejus
315 2807 416 2841 finxit
446 2809 594 2852 ΣιΙῆτιν,
628 2807 879 2853 Sapientiam.“

71 2852 116 2886 K.
148 2853 193 2887 de
225 2859 298 2886 tota
324 2853 495 2888 sententia
531 2866 565 2888 v.
589 2865 678 2892 ann.
712 2855 755 2888 ad
783 2865 880 2900 sequ

70 2909 218 2933 versum.

117 2945 197 2980 176.
221 2942 335 2980 ἐσσί.
360 2943 487 2978 Matth
509 2946 544 2987 §.
563 2947 642 2980 212.
656 2965 699 2971 —
723 2948 880 2989 Διοτρ.

69 2990 114 3024 ab
133 2990 215 3024 Jovi
233 2990 465 3030 educaturum,
491 2990 552 3035 qui
571 2995 607 3024 et
627 2993 802 3036 διογενεῖς
817 3003 881 3025 vo—

69 3042 219 3078 cantur,
243 3043 281 3072 ut
298 3035 347 3071 dii
366 3046 419 3082 ap.
440 3036 642 3081 Aeschylum
661 3037 784 3084 Suppl·
803 3039 882 3075 577-

1494 927 1548 989 4
1568 955 1705 1053 ‘Q-

939 1106 1072 1149 (Theb.
1086 1106 1198 1149 2780,
1223 1106 1313 1150 quod
1335 1106 1469 1139 notavit
1489 1105 1557 1146 K.;
1581 1105 1612 1138 E:
1634 1109 1747 1138 autem

938 1159 973 1184 et
995 1153 1076 1185 Sch.
1097 1152 1194 1193 illud,
1222 1156 1426 1196 potestatem
1449 1163 1543 1185 suam
1565 1162 1666 1195 reges
1687 1151 1747 1184 ha—

936 1198 1019 1231 bere
1038 1199 1188 1231 creditos
1213 1210 1287 1231 esse
1306 1199 1349 1232 ab
1359 1199 1458 1241 Jove
1478 1199 1663 1231 secundum
1676 1197 1746 1230 He-

936 1244 1067 1277 siodum
1102 1244 1238 1288 Theog.
1258 1244 1314 1280 96.
1342 1245 1386 1279 cf.
1418 1245 1528 1289 ipsum
1563 1243 1744 1277 Homerum

937 1292 1026 1329 279,
1055 1288 1111 1334 β,
1145 1292 1224 1325 205.
1253 1301 1349 1334 se.qu
1370 1297 1434 1324 etc.

989 1338 1063 1370 179.
1090 1349 1145 1371 ετ.
1172 1336 1354 1378 ἑταίροις,
1381 1336 1584 1377 comitibus,
1611 1333 1746 1368 commi-

937 1380 1114 1415 litonibus.
1142 1383 1185 1415 cf.
1209 1384 1285 1417 183.

987 1430 1063 1462 180.
1089 1428 1132 1461 de
1150 1427 1422 1472 Myrmidonibus
1449 1439 1480 1460 v.
1503 1436 1580 1460 ann.
1607 1425 1652 1459 ad
1669 1426 1745 1461 155.

937 1472 1156 1518 Francogalli
1180 1474 1380 1518 pumiliones
1397 1474 1472 1506 sive
1490 1472 1642 1507 homines
1665 1483 1746 1515 par-

938 1531 1002 1552 vae
1023 1525 1177 1553 staturae
1197 1532 1259 1564 per
1277 1521 1388 1563 jocum
1411 1519 1588 1564 appellant
1613 1519 1745 1551 miv-mi*

938 1566 1043 1605 dous,
1074 1567 1222 1598 fortasse
1251 1566 1331 1610 quia
1361 1565 1594 1608 Myrmidones
1621 1576 1641 1597 e
1670 1565 1745 1598 sor-

938 1611 1032 1644 micis
1063 1612 1129 1644 orti
1159 1613 1382 1645 ferebantur:
1415 1623 1446 1644 v.
1466 1610 1581 1644 Ovidii
1607 1610 1691 1645 Met.
1708 1610 1742 1651 7,

937 1658 1015 1692 654.
1039 1664 1105 1691 etc.
1155 1658 1375 1691 Ham-roche
1401 1657 1434 1690 in
1457 1656 1631 1690 comoedia
1652 1657 1743 1689 Cris-

934 1705 995 1747 pin
1029 1705 1215 1737 musicien:
1251 1705 1293 1737 (Ie
1328 1704 1401 1736 υοίι·
1434 1709 1510 1736 cent
1543 1702 1743 1736 mirmidona

936 1751 1024 1782 dans
1057 1751 1088 1783 Ie
1122 1751 1221 1783 siecle
1255 1753 1299 1783 οίι
1330 1761 1414 1782 nous
1438 1760 1594 1782 summes.
1625 1749 1742 1792 inepte

935 1796 1118 1830 Dacieria.
1111 1809 1118 1817 ·
1144 1802 1345 1840 „par—tout
1370 1796 1509 1828 ailleurs
1525 1796 1561 1838 je
1586 1794 1664 1827 n'ai
1683 1795 1742 1828 os&

936 1842 1110 1886 employer
1137 1822 1175 1875 c'e
1209 1854 1283 1876 nom
1314 1842 1374 1875 des
1404 1843 1512 1885 sujets
1532 1840 1573 1873 ‹l'
1595 1840 1740 1881 Achille,

934 1900 1039 1933 parce
1066 1900 1164 1932 quen
1197 1894 1295 1922 notre
1321 1889 1445 1931 langue
1480 1899 1518 1920 ‹te
1547 1890 1617 1920 mot
1646 1887 1742 1929 Myr—

933 1935 1050 1968 midon
1074 1941 1128 1967 est
1147 1945 1190 1967 un
1218 1940 1286 1968 mot
1309 1934 1350 1967 de
1369 1933 1537 1973 derision,
1560 1943 1646 1977 pour
1667 1932 1741 1966 (lire

935 1992 981 2014 un
1011 1981 1100 2033 petit
1130 1981 1278 2020 homme3
1312 1980 1396 2013 mais
1419 1979 1462 2013 ici
1489 1980 1525 2023 je
1551 1990 1582 2011 m
1593 1978 1646 2011 ’en
1670 1978 1741 2011 suis

936 2027 1072 2067 servie,
1118 2038 1222 2071 parce
1259 2027 1340 2070 quil
1385 2037 1413 2058 m
1427 2032 1456 2058 a
1494 2024 1619 2059 semble
1656 2033 1709 2067 qu
1704 2023 1739 2057 ιΙ

936 2085 959 2116 J
987 2073 1031 2106 sa':
1038 2053 1106 2105 sciit
1138 2084 1183 2105 un
1212 2073 1277 2105 bon
1311 2073 1406 2106 effet.
1419 2074 1442 2090 ‘⁶
1483 2070 1590 2105 vertit
1627 2076 1738 2104 autem

935 2120 1021 2152 haec
1056 2119 1123 2151 ita.
1181 2119 1332 2160 ,retire-
1341 2118 1388 2151 toi
1423 2128 1507 2151 avec
1548 2122 1603 2149 tes
1643 2116 1738 2148 vais-

935 2176 1040 2198 seaux
1068 2170 1103 2198 et
1123 2169 1176 2197 tes
1207 2172 1366 2208 troupes,
1393 2169 1429 2196 et
1457 2174 1500 2195 va
1529 2173 1652 2206 regnet
1677 2173 1738 2195 sur

934 2217 987 2244 tes
1026 2210 1289 2254 Myrmidonsff·
1319 2229 1356 2233 —
1395 2206 1568 2243 ἄνασσε
1606 2219 1668 2251 per
1699 2219 1736 2241 se

933 2257 1058 2289 dictum
1083 2261 1158 2297 est,
1192 2267 1254 2289 nec
1283 2255 1434 2299 pertinet
1462 2255 1505 2287 ad
1541 2257 1738 2297 Mvou,ut

933 2303 977 2336 Ε.
999 2303 1154 2346 putabat.
1181 2302 1269 2334 domi
1300 2302 1462 2335 Achillem
1490 2301 1659 2345 imperare
1680 2301 1738 2343 ju-

933 2349 1002 2386 bet,
1028 2359 1094 2381 non
1118 2347 1173 2380 bic
1192 2348 1258 2381 sibi
1279 2355 1315 2381 et
1329 2349 1539 2381 Graecorum
1560 2345 1738 2380 exercitui.

983 2395 1057 2428 181.
1100 2391 1170 2427 ὅθ.
1204 2393 1476 2437 μετατρέπομοιι
1502 2393 1652 2436 (160),
1694 2392 1738 2425 ab

933 2438 1015 2475 ὄθω
1044 2439 1221 2472 inusitato.
1257 2453 1288 2473 v.
1323 2441 1425 2473 Scbn.
1454 2440 1487 2473 h.
1512 2450 1544 2472 v.
1575 2444 1610 2472 et
1635 2439 1737 2472 Butt-

931 2498 1042 2521 mann.
1067 2486 1175 2519 Lexil.
1196 2486 1221 2520 I.
1250 2499 1284 2531 p.
1303 2488 1383 2521 269.
1404 2497 1512 2530 seqq„
1544 2485 1736 2529 quitamen

931 2533 1097 2566 Seberum
1125 2543 1191 2565 non
1228 2532 1444 2576 inspexerat,
1481 2542 1555 2564 cum
1581 2529 1734 2575 scripsit,

930 2579 1070 2612 verbum
1097 2575 1239 2619 ὄθομαι
1256 2580 1308 2612 bis
1327 2583 1457 2612 tantum
1483 2576 1550 2621 legi
1577 2588 1632 2620 ap.
1656 2576 1732 2609 Ho-

928 2636 1065 2659 merum.
1093 2643 1134 2648 —-—
1168 2623 1240 2658 ἀπ.
1272 2644 1317 2649 -
1353 2619 1468 2664 ὦδε,
1512 2623 1733 2664 minaborque

927 2672 992 2704 tibi
1015 2671 1083 2710 sic3
1109 2682 1172 2703 non
1191 2671 1260 2704 ita
1286 2675 1325 2703 ut
1347 2676 1468 2711 antea,
1495 2680 1570 2702 cum
1585 2668 1641 2701 vel
1656 2667 1733 2708 tibi,

926 2717 982 2751 vel
1009 2716 1124 2760 Ajaffl,
1151 2717 1206 2749 vel
1236 2716 1339 2749 etiam
1367 2715 1487 2759 Ulyssi
1512 2714 1600 2749 dono
1618 2693 1733 2748 datani

929 2763 1102 2806 captivam
1142 2773 1194 2796 me
1221 2762 1442 2795 abducturum
1471 2771 1546 2794 esse
1573 2759 1734 2794 osteude-

927 2820 1010 2842 rem.
1049 2819 1161 2850 nunc,
1202 2814 1333 2841 mutato
1361 2806 1526 2848 οοιιείἰίο,
1568 2806 1633 2840 tibi
1666 2805 1731 2840 soli

927 2855 992 2889 hoc
1009 2854 1153 2895 faciam,
1178 2857 1213 2887 te
1232 2853 1409 2887 ulciscens.

975 2902 1053 2936 1.ὃὲ
1086 2898 1174 2941 ὡς,
1212 2901 1382 2943 quoniam.
1426 2898 1471 2933 cf.
1496 2899 1565 2933 276
1594 2899 1663 2932 etc.
1686 2916 1731 2924 ·-—

929 2943 999 2990 εμ’
1026 2945 1101 2988 ἀφ.
1135 2956 1170 2990 p.
1192 2943 1286 2988 ἐμοί.
1313 2945 1439 2980 Matth
1461 2947 1494 2987 §.
1518 2943 1598 2979 412.

976 2991 1053 3028 184.
1080 2992 1327 3036 Βρισηΐδα.
1351 2991 1474 3025 Brisae
1502 2990 1624 3030 filiam,
1648 2989 1730 3034 My-

928 3039 1001 3073 neti
1024 3043 1163 3083 nuptam
1180 3037 1255 3083 regi
1276 3037 1447 3083 Lyrnesi,
1475 3037 1648 3082 Mysorum
1669 3046 1731 3080 op-
