1811 3269
593 176 1026 217 ΙΛΙΑΔΟΣ
1088 176 1143 218 Κ.

1648 180 1706 220 67

204 278 444 349 ‚jwmvfflffv
472 274 520 328 μ’
552 274 679 332 ἄτῃσι
709 275 848 330 παρὲκ
879 275 990 319 νόοι
1018 273 1180 330 ἤγαγεν
1197 273 1379 330 ’Ἐκτωρ,

206 335 253 384 ὅς
282 350 358 389 μοι
390 333 642 402 Πηλείωνος
676 331 860 400 ἀγαυοῦ
877 331 1081 387 μώνυχας
1111 333 1271 382 ι’ππους

206 391 445 444 δωσέμεναι
475 388 703 433 κατένευσε
735 389 810 433 καὶ
841 388 1017 457 ἅρματα
1047 390 1224 431 ποικίλα
1254 391 1414 444 χαλκῷ,

205 445 365 501 ἠνώγει
396 446 442 489 δέ
473 444 521 501 μ’
555 446 679 489 ἰόντα
708 445 824 499 θοην
853 445 927 490 δια
956 443 1096 487 νύκτα
1125 445 1337 499 μέλαιναν

91 507 172 548 395
205 502 385 556 ἀνδρῶν
416 502 663 558 δυσμενέων
695 502 848 573 σχεδὸν
878 502 1079 557 ἐλθέμεν,
1112 501 1157 544 ἔκ
1186 518 1230 545 τε
1261 501 1502 549 πυθέσθαι,

204 560 252 631 ήε
284 559 585 612 φυλάσσονται
615 564 712 630 νῆες
741 559 869 612 θοαὶ,
903 576 962 610 ως
994 557 1188 612 τοπάρος
1218 575 1310 613 περ,

205 617 345 686 ηῆδη
376 619 589 672 χείρεσσιν
619 615 700 672 υφ’
733 616 962 672 ἡμετέρῃσι
993 617 1198 667 δαμέντες

203 673 338 728 φύξιν
368 674 620 744 βουλεύοιτε
650 674 755 728 μετα
789 675 968 728 σφίσιν,
1002 670 1105 714 ov’6'
1138 670 1326 714 ἐθέλοιτε

201 729 340 774 νύκτα
371 729 717 799 φυλασσέμεναι,
747 729 925 799 καμάτῳ
958 727 1168 785 αδηκότες
1199 730 1332 783 αἰνῷ.ι

90 790 173 832 400

291 787 382 830 To'v
414 787 455 831 δ’
487 786 761 842 ἐπιμειδήσας
789 786 990 842 προσέφη
1021 787 1259 840 πολύμητις
1282 732 1548 834 Ὀδυσσεύς·

206 837 259 898 ,,ἧ
291 844 348 898 ῥά
378 843 434 887 νύ
464 862 532 888 τοι
561 844 762 900 μεγάλων
793 843 951 899 δώρων
980 843 1206 913 ἐπεμαίετο
1237 839 1396 896 θυμὸς,

204 902 349 944 ἵππων
378 902 595 944 Αἰακίδαο
626 904 888 969 δαΐφρονος·
923 901 966 942 οἱ
997 897 1041 943 6
1069 899 1284 970 ἀλεγεινοὶ

202 957 388 1012 ἀνδράσι
414 974 462 1013 γε
482 963 697 1028 θνητοῖσι
728 956 973 1028 δαμήμεναι
1003 954 1078 1012 ἥδ’
1112 956 1326 1023 ὀχέεσθαι,

204 1013 319 1068 ἄλλω
350 1014 394 1066 γ’
427 1014 456 1071 ἢ
482 1013 658 1083 Ἀχιλῆι,
690 1014 769 1057 τόν
800 1013 1000 1068 ἀθανάτη
1030 1014 1122 1056 τέκε
1153 1011 1306 1081 μήτηρ.

90 1073 172 1116 405
204 1069 300 1113 ἄλλ’
330 1070 407 1127 ἄγε
436 1088 512 1127 μοι
542 1070 641 1114 τόδε
670 1072 760 1115 εἰπὲ
795 1072 865 1114 καὶ
897 1069 1110 1124 ἀτρεκέως
1139 1068 1398 1120 κατάλεξον·

201 1131 293 1170 ποῦ
320 1132 406 1170 νῦν
439 1130 572 1182 δεῦρο
604 1145 715 1171 κιων
744 1130 862 1178 λίπες
878 1127 1096 1181 Ἐκτορα,
1127 1127 1314 1180 ποιμένα
1345 1124 1486 1170 λαῶν,-

201 1188 291 1228 ποῦ
323 1184 368 1228 δέ
399 1187 443 1228 οἱ
471 1185 595 1230 ε’ντεα
624 1190 761 1228 κεῖται
791 1182 947 1242 ἀρήια,
977 1188 1069 1228 ποῦ
1100 1184 1146 1227 δέ
1179 1185 1223 1226 οἱ
1252 1184 1401 1231 ἱπποι,

85 1299 299 1333 391—393.
346 1301 471 1333 πολλ.
510 1297 663 1344 ἄτῃσι.
711 1311 842 1344 magno

31 1355 105 1377 meo
132 1346 279 1385 damno,
320 1357 441 1389 magna
468 1346 682 1388 calamitate,
718 1357 840 1389 magno

32 1390 197 1435 periculo.
225 1391 349 1424 Matth.
375 1395 407 1434 ἓ.
432 1391 513 1426 404.
541 1411 582 1416 -
616 1389 658 1435 μ’
685 1400 738 1425 est
761 1392 840 1445 μοὶ,

33 1442 71 1470 ut
97 1437 131 1477 ι’,
156 1439 236 1494 669.
255 1455 301 1460 —-
325 1438 523 1493 „Hesycha
549 1439 698 1481 παρὲκ
726 1438 843 1473 νόον

31 1482 176 1527 ἤγαγέ
206 1496 292 1525 μου.
348 1483 418 1518 τὸν
452 1484 545 1519 νόον
576 1483 842 1529 παρελογίσατό

31 1543 119 1573 μου.
146 1530 177 1562 h.
206 1531 303 1563 Ηοιιι.
323 1529 358 1564 in
384 1531 469 1564 Ven.
488 1532 565 1566 36.-
590 1534 653 1565 καί
677 1544 715 1566 τε
740 1544 842 1574 παρα

36 1573 154 1620 Ζηνὸς
177 1574 265 1610 νόον
279 1575 412 1631 ἤγαγε.
461 1577 563 1611 simili
586 1589 686 1611 sensu
708 1578 763 1611 hic
782 1590 843 1612 ιιο-

32 1629 105 1656 ster
129 1621 221 1662 Διὸς
244 1621 333 1657 νόον
356 1624 596 1665 παρεξελθεῖν
613 1625 701 1658 dixit
720 1625 786 1657 Od.
804 1623 842 1667 ε’,

35 1670 122 1708 103,
148 1667 200 1702 4.·
191 1693 201 1709 ,
216 1681 288 1724 *per
312 1680 351 1703 se
376 1677 489 1704 autem
514 1669 607 1712 παρίΕ
612 1685 631 1705 κ
655 1669 747 1706 νόον
779 1682 843 1724 pro

31 1714 135 1758 παρὰ
159 1716 274 1757 νοῦν,
298 1713 487 1760 ἀνοήτως,
520 1714 763 1759 ἀγνωμόνως,
797 1715 844 1757 ν’,

33 1763 136 1797 1332
170 1759 220 1805 μή
246 1761 438 1804 χαλέπαινε
462 1763 582 1807 παρὲκ
601 1762 702 1798 νόον.
755 1742 844 1797 ideni

34 1813 88 1842 est
110 1821 227 1852 παρεκ
250 1806 357 1843 νόου.
389 1821 419 1843 v.
440 1809 512 1842 Ε.“
536 1811 589 1844 Ex
610 1811 658 1843 H.
686 1829 728 1834 —
755 1808 846 1853 μώ-

35 1867 182 1899 νυχας
207 1855 305 1889 ιππ.
343 1853 381 1896 ε’,
407 1856 489 1890 236.

79 1922 159 1960 394.
207 1922 345 1967 θοήν.
381 1923 490 1967 (468,
516 1921 565 1966 μ’,
583 1923 675 1963 463,
699 1920 743 1966 ξ’,
764 1925 846 1964 261,

35 1969 87 2011 ω’,
115 1972 202 2010 366,
228 1972 317 2011 653,
346 1970 415 2004 Od.
434 1968 482 2011 μ’,
500 1971 600 2014 284.)
625 1968 693 2013 τὴν
709 1969 846 2013 ταχέως

32 2015 362 2063 ἐπιλαμβάνουσαν
395 2016 463 2059 τὴν
486 2018 566 2061 γῆν.
601 2016 682 2050 Sch.
730 2016 843 2049 multis

32 2063 150 2097 verbis
184 2063 228 2097 de
261 2064 326 2098 hoc
362 2063 516 2108 epitheto
550 2062 661 2096 noctis
686 2062 844 2107 disputa-

34 2115 114 2144 runt
137 2109 351 2153 grammatici
375 2115 462 2142 vett.
489 2114 524 2143 et
543 2108 766 2149 recentiores,
790 2108 843 2141 in-

33 2155 152 2201 primis
169 2155 410 2200 sagacissimus
430 2156 658 2189 Buttmannus
679 2156 785 2188 Lexil.
798 2155 844 2196 ΙΙ,

33 2203 100 2244 74,
124 2204 178 2244 6.,
206 2204 266 2245 qui
290 2201 408 2237 νύκτα
431 2201 534 2246 θοήν
559 2213 624 2235 ιιοιι
658 2206 728 2235 tam
752 2202 843 2234 cele—

33 2259 103 2282 rem
126 2248 275 2292 intelligi
302 2254 402 2294 putat
433 2253 566 2283 noctem
592 2259 692 2292 quam
717 2258 738 2280 a
756 2258 845 2281 con-

33 2300 200 2349 sequente
223 2294 467 2340 impetuosam,
502 2294 728 2348 periculosam
764 2305 844 2338 per-

33 2339 275 2386 niciosamque.
331 2342 483 2384 „Rasch
514 2342 562 2374 ist
594 2340 649 2373 die
685 2340 844 2382 Nachtf‘

33 2387 149 2432 inquit
172 2399 205 2431 p.
225 2389 297 2430 67.,
325 2387 452 2428 „dabei
477 2386 785 2420 unwiderstehlich
812 2397 846 2420 u.

33 2432 284 2467 unaushaltsam
302 2413 418 2468 hinter
443 2434 504 2467 der
523 2434 638 2466 Sonne
660 2432 742 2473 her3
762 2432 844 2475 und,

34 2490 110 2513 was
146 2479 221 2513 sich
253 2480 420 2514 ebenfalls
454 2480 560 2513 sehon
586 2479 643 2511 bei
676 2478 751 2511 dem
777 2479 844 2511 Be—

35 2525 122 2569 griff
150 2526 244 2559 eines
279 2526 532 2560 unaufhaltsam
576 2524 844 2569 eindringenden

12 2571 203 2621 Kriegers
227 2577 399 2617 zumengt,
425 2572 475 2606 sie
499 2572 544 2605 ist
570 2571 784 2604 verderblich
808 2582 842 2604 ιι.

12 2610 260 2671 seindsclig.“
302 2620 347 2653 cf.
378 2630 455 2652 ann.
488 2617 532 2651 ad
557 2615 617 2672 β’,
628 2616 709 2652 542.
744 2616 843 2651 aliam

36 2662 125 2698 viam
142 2663 268 2699 institit
287 2667 351 2720 Ap.
368 2677 402 2699 v.
421 2665 556 2720 θοῇσιε
580 2661 622 2698 τὸ
644 2661 683 2698 δε
709 2663 844 2698 νυκτὶ

35 2711 131 2756 θοῇ
155 2708 238 2746 ἀντὶ
259 2713 329 2746 τοῦ
354 2712 494 2763 ταχείᾳ.
534 2708 557 2754 ἡ
579 2722 646 2754 μεν
665 2708 736 2753 γὰρ
758 2708 844 2754 ἡμέ-

36 2768 82 2799 ρα
94 2755 344 2811 πολύμοχθος
375 2757 471 2794 οὖσα
500 2755 565 2791 διὰ
590 2755 637 2790 τά
662 2754 750 2800 ἔργα
773 2770 843 2798 μα-

355 2801 378 2851 ἡ
412 2803 452 2839 δὲ
475 2802 545 2846 νὺξ
573 2800 636 2838 διὰ
659 2802 727 2848 τήν
753 2801 844 2838 ανά-

38 2894 158 2929 Voss.=
191 2896 253 2929 der
275 2897 380 2930 παι-1η
407 2896 666 2939 stillfliehendes
696 2895 843 2936 dunkel3

35 2940 98 2974 sed
123 2941 205 2976 alibi
229 2943 378 2976 rectius:
403 2944 437 2978 d.
465 2955 498 2976 77.
529 2942 845 2985 schnellfliehendes

36 2987 182 3030 dunkel,
219 2993 254 3022 et
276 2988 420 3023 inferius
442 2989 545 3030 468„
577 2988 735 3033 neglecto
767 2986 843 3032 epi-

36 2800 107 2846 κρὰ
133 2804 322 2846 φαίνεται·

35 2859 175 2884 παυσιν
205 2853 344 2894 ταχεῖα.
386 2863 420 2885 v.
446 2851 577 2884 Buttm.
604 2849 628 2883 l.
661 2861 690 2883 c.

886 1300 1007 1333 theto:
1058 1298 1186 1332 zurzick
1229 1295 1338 1330 durch
1381 1292 1579 1339 finstcrm'ss
1619 1292 1703 1326 keh-

887 1346 982 1379 read.

934 1403 1003 1438 395
1015 1403 1149 1437 —399.
1198 1412 1231 1434 V.
1251 1402 1321 1435 308
1335 1418 1378 1424 —-
1392 1399 1473 1434 312.

935 1458 1148 1494 401-407.
1197 1455 1475 1498 επεμαίετο,
1511 1451 1574 1497 (ε’,
1600 1451 1701 1498 748.)

889 1504 1071 1549 ἐπεζήτει,
1114 1502 1305 1544 επεθύμει.
1340 1502 1424 1535 Sch.
1484 1500 1703 1545 δαΐφρο-

890 1565 984 1592 νος.
1030 1549 1074 1597 β’,
1108 1552 1164 1586 23.
1214 1551 1312 1593 Virg.
1339 1552 1422 1582 Aen.
1448 1549 1513 1588 12,
1539 1548 1621 1582 349.
1657 1547 1701 1581 de

889 1598 1043 1632 Dolone.
1069 1598 1324 1642 qniquomiam,
1349 1600 1464 1628 castra
1481 1572 1518 1627 αἱ
1539 1594 1702 1626 Danaum

892 1646 1086 1688 speculato»
1105 1645 1229 1685 adiret,
1259 1645 1371 1675 Ausus
1392 1641 1533 1673 Pelidae
1552 1642 1701 1682 pretium

891 1692 957 1724 sibi
979 1702 1117 1733 ροεεωε
1143 1701 1272 1722 currus.
1323 1688 1425 1720 Illum
1453 1687 1603 1730 Tydides
1631 1687 1702 1719 alio

888 1749 952 1781 pro
970 1738 1097 1770 talibus
1121 1737 1216 1768 ausis
1235 1735 1361 1779 Affccz't
1378 1733 1510 1777 pretio,
1534 1745 1595 1766 nec
1608 1733 1702 1777 equis

892 1784 1052 1826 adspirat
1084 1782 1237 1815 Achillis.
1300 1779 1436 1814 notavit
1470 1779 1558 1812 hunc
1592 1779 1702 1812 locum

892 1829 1017 1862 Eichh.
1043 1847 1085 1852 —
1111 1827 1367 1883 αλεγεινοί.
1393 1826 1508 1870 Etym.
1525 1825 1571 1860 w.
1590 1837 1622 1870 p.
1633 1827 1700 1861 59..

892 1874 1014 1918 ἀλγεῖν
1038 1875 1278 1926 παρέξοντες,
1310 1869 1336 1916 ὴ
1371 1871 1464 1916 πρὸς
1498 1869 1541 1906 τὸ
1566 1869 1702 1916 κτήσα-

893 1924 986 1956 σθαι
1033 1919 1229 1955 adm-huto.
1299 1920 1410 1953 idem·
1452 1920 1703 1962 ὀυσχείρωτοι.

892 1970 979 2012 Ap.:
1006 1968 1204 2023 δυσχερεῖς.
1247 1966 1291 2000 cf.
1317 1965 1369 2007 Η,
1398 1963 1444 2011 β’,
1470 1967 1562 2006 787,
1587 1963 1632 2006 6'‚
1657 1967 1702 2000 99

892 2021 960 2048 etc
982 2033 1028 2038 -
1053 2015 1135 2051 τὸν
1161 2011 1237 2048 οἷθ.
1261 2012 1366 2048 τέκε
1389 2010 1562 2055 μήτηρ,
1592 2011 1623 2045 is
1640 2012 1702 2045 ho-

891 2072 954 2094 nor
985 2060 1126 2095 heroum
1160 2060 1278 2094 Iliadis
1311 2058 1391 2092 solis
1428 2057 1551 2091 Achilli
1574 2063 1610 2090 et
1633 2060 1702 2092 Ae-

891 2118 978 2140 neae
1001 2107 1185 2141 tribuitur:
1223 2116 1335 2150 neque
1368 2104 1456 2138 enim
1487 2103 1597 2137 Rhesi
1631 2116 1702 2138 ma—

891 2158 977 2186 trem
1014 2153 1203 2187 nominavit
1234 2152 1354 2191 Hom„
1399 2162 1512 2194 neque
1546 2153 1703 2185 Aurorae

890 2199 982 2232 filius
1008 2200 1167 2233 Memnon
1192 2202 1470 2232 commemoratur
1491 2196 1526 2229 in
1541 2196 1604 2230 hoc
1624 2208 1703 2230 car—

891 2246 1002 2288 mine,
1036 2246 1097 2280 sed
1123 2253 1253 2280 tantum
1278 2245 1313 2278 in
1339 2244 1524 2287 Od)ssea‚
1562 2241 1608 2284 δ’,
1635 2245 1702 2278 188

893 2289 994 2333 αἴ,
1019 2294 1101 2328 522.
1139 2312 1176 2316 -
1210 2291 1419 2335 ποιμένα
1452 2289 1597 2343 λαῶν,
1636 2290 1701 2322 du-

891 2350 986 2379 cem,
1017 2351 1084 2372 non
1108 2338 1249 2384 proprie
1274 2349 1408 2381 regem,
1434 2335 1501 2369 nisi
1529 2347 1597 2380 quo
1621 2347 1702 2369 sen-

890 2396 930 2418 su
956 2384 1084 2429 Cyrum
1120 2385 1283 2418 minorem
1315 2382 1466 2428 βασιλέα
1497 2388 1598 2415 vocat
1631 2382 1701 2416 Xe-

890 2430 1327 2475 noph.0econ.4‚16.‚
1361 2434 1396 2463 et
1430 2428 1546 2461 Latini
1579 2439 1701 2472 regum

891 2477 980 2510 filios
1005 2489 1107 2533 reges
1131 2477 1319 2522 appellant.
1357 2488 1390 2511 v.
1415 2475 1468 2515 Κ,
1526 2475 1637 2514 ‚513
1667 2480 1703 2508 et

891 2521 926 2564 ι’,
953 2525 1021 2564 81,
1048 2521 1087 2563 λ’,
1111 2525 1181 2559 370
1201 2528 1266 2556 etc.
1294 2542 1333 2547 --
1365 2534 1458 2556 που
1484 2519 1534 2555 δέ
1557 2519 1602 2555 οἱ
1628 2518 1704 2554 ε’ν-

889 2582 975 2604 τεα
999 2573 1174 2605 κεῖται.
1221 2569 1342 2623 putide
1373 2569 1546 2611 interpres
1580 2567 1702 2610 vulga-

890 2617 959 2650 ris.
997 2617 1056 2650 ubi
1086 2628 1166 2649 vero
1200 2617 1231 2648 ez·
1262 2626 1363 2649 arma
1384 2616 1507 2658 jacent
1539 2612 1702 2647 Martia?

890 2662 994 2707 longe
1026 2662 1156 2696 rectius
1197 2662 1285 2695 Eob.
1320 2661 1471 2694 Hessus:
1513 2670 1614 2692 arma
1643 2659 1703 2692 uba·

891 2708 1075 2752 deposuit?
1107 2708 1247 2741 stabula
1283 2712 1316 2741 et
1357 2719 1446 2750 quae
1480 2706 1568 2749 legit
1597 2717 1702 2748 equo-

889 2753 995 2787 vum?
1035 2754 1188 2798 geminus
1213 2760 1265 2787 est
1288 2753 1383 2786 locus
1406 2750 1552 2785 inferius
1575 2750 1701 2786 471-

889 2801 982 2841 473,
1017 2812 1081 2834 nec
1106 2799 1328 2833 dubitandum
1354 2806 1424 2841 est,
1459 2799 1609 2832 κεῖσθαι
1644 2796 1701 2831 ἐν·

889 2859 954 2881 τεα
984 2846 1101 2880 eodem
1130 2857 1233 2879 sensu
1267 2845 1354 2885 dici,
1379 2856 1446 2889 quo
1471 2846 1620 2879 κεῖσθαι
1645 2846 1700 2877 vel

890 2895 1069 2928 τίθεσθαι
1091 2891 1139 2927 τά
1168 2890 1284 2933 ὅπλα,
1316 2892 1496 2926 τίθεσθαι
1522 2904 1570 2924 τα
1605 2889 1700 2925 ’ὅπλα

891 2939 931 2975 ἐν
954 2938 1056 2982 τάξει
1082 2945 1170 2979 etc„
1196 2950 1250 2982 ap.
1270 2937 1492 2977 recentiores,
1515 2936 1610 2970 velut
1628 2936 1700 2970 Xe-

890 2987 995 3031 noph.
1016 2986 1126 3020 Anab.
1145 2985 1188 3028 4,
1205 2986 1250 3026 2,
1274 2986 1329 3019 16.
1355 2987 1391 3017 et
1413 2984 1493 3024 2Ο.,
1518 2982 1643 3027 quibus
1665 2982 1700 3016 in

1356 3029 1423 3072 ὃ*
