1811 3269
610 155 1037 195 ΙΛΙΑΔΟΣ
1105 155 1137 194 Ι.

1647 156 1701 195 21

204 282 263 316 ως
293 264 334 308 δ’
367 263 487 334 ὄρνις
516 259 687 330 ἀπτῆσι
704 265 926 305 νεοσσοῖσι
956 260 1234 320 προφέρῃσιν

28 369 31 377 s
204 319 406 392 μάστακ’,
437 318 527 362 ἐπεί
556 333 604 361 κε
634 316 815 386 λάβῃσι,
846 322 991 369 κακῶς
1021 319 1066 361 δέ
1097 318 1140 361 τέ
1173 320 1215 360 οἱ
1245 315 1364 361 πέλει
1397 317 1525 375 αὐτῆ,

18 394 35 435 Q}
94 381 177 425 325
208 377 266 428 ὡς
299 377 372 420 καὶ
403 374 485 448 ἐγώ
518 374 683 426 πολλάς
712 376 791 430 μὲν
822 373 1022 424 ἀΰπνους
1052 373 1215 424 νύκτας
1244 375 1390 425 ἴαυον,

32 439 35 488 ff
203 433 350 506 ἤματα
377 431 420 475 δ’
457 432 719 502 αἱματόεντα
740 431 1011 502 διέπρησσον
1040 433 1281 499 πολεμίζων

25 502 33 546 ιζ,
207 489 396 543 ἀνδράσι
426 487 665 558 μαρμένοις
697 486 844 542 ὀάρων
877 487 1003 531 ἕνεκα
1037 486 1304 556 σφετεράων.

30 550 33 563 ”
207 545 377 589 δώδεκα
407 544 454 588 δὲ
485 545 563 596 ξὺν
583 545 721 614 νηυσὶ
748 547 895 595 πόλεις
922 543 1108 596 άλαπάξ’
1141 542 1394 598 ἀνθρώπων

18 589 32 625 η’

11 599 31 677 11

205 602 331 655 πεζὸς
363 600 404 645 6'
439 600 592 645 ἕνδεκά
626 618 738 657 φημι
767 618 877 645 κατα
916 602 1078 656 Τροίην
1110 600 1346 656 ἐρίβωλον·

23 670 31 698 ¹!
95 664 178 705 330
206 658 325 702 τάων
353 658 399 702 ἐκ
429 659 605 702 πασέων
617 657 837 727 κειμήλια
867 658 1007 701 πολλοὶ
1039 657 1112 700 καὶ
1143 657 1281 700 ἐσθλα

204 715 437 787 ἐξελόμην,
469 715 542 758 καὶ
569 713 712 758 πάντα
742 715 892 769 φέρων
917 712 1202 781 Ἀγαμέμνονι
1232 712 1398 757 δόσκον

204 770 415 841 Ἀτρείδη.

475 771 498 814 ὁ
534 769 592 823 δ’,
623 769 780 814 ὄπισθε
809 770 954 826 μένων
984 787 1103 824 παρα
1135 770 1265 824 νηυσὶ
1293 774 1441 825 θοῇσι,

27 767 29 794 ι

13 799 29 885 {i
211 827 460 898 δεξάμενος
472 829 544 871 διὰ
571 832 722 896 παῦρα
754 827 1019 880 δασάσκετο,
1049 827 1191 870 πολλὰ
1225 825 1268 870 δ’
1303 827 1487 881 ἔχεσκεν,

25 856 29 930 i
216 884 326 928 ἄλλα
357 885 397 928 δ’
434 882 684 955 ἀριστήεσσι
713 886 838 928 δίδου
868 885 974 940 γέρα
1003 885 1078 927 καὶ
1109 886 1374 953 βΗασιλεῦσιν.

522 1110 628 1152 l„1inc
662 1111 760 1145 homo
790 1122 851 1145 au-

581 1157 701 1190 similis
735 1168 852 1191 sensus

40 1123 109 1156 quo
134 1111 327 1156 explicatur
352 1107 473 1155 ἄλγεα.

41 1157 109 1192 dax
141 1157 268 1192 dicitur
298 1157 522 1203 παράβολος.

41 1208 95 1237 est
127 1205 196 1239 τοῦ
231 1206 510 1247 παρατίθεσθαι
543 1202 670 1247 ψυχὴν
705 1204 762 1237 vel
796 1215 853 1238 κε-

39 1249 316 1339 Ὲαλῗίν)0(1)55.
341 1249 386 1296 β’,
411 1252 500 1293 237,
526 1249 568 1294 γ’,
593 1250 658 1291 74,
685 1246 721 1290 ι’,
745 1250 852 1285 255.“

74 1308 96 1329 ,τ

85 1342 210 1377 324—
218 1342 299 1376 333.
345 1339 577 1384 μάστακα.
602 1339 852 1385 τροφήν.8(;1ι.

38 1387 89 1422 sic
116 1389 219 1422 etiam
244 1387 393 1441 T.heocr
420 1394 457 1422 at
482 1388 610 1433 Odyss
636 1385 680 1428 δ’,
705 1389 784 1423 287-
816 1392 852 1420 et

2 1475 3 1479 Ἰ
39 1433 93 1477 ψ’,
124 1436 182 1469 76.
215 1431 358 1488 μάσταξ
402 1440 456 1469 est
500 1447 556 1475 os,
601 1434 851 1467 mandibulam.

2 1482 3 1486 ’
39 1481 211 1525 Hesych..
235 1477 390 1535 μάσταξ
438 1479 480 1515 τὸ
511 1479 648 1524 στόμα,
683 1477 756 1514 άπὸ
782 1481 851 1514 τοῦ

2 1527 3 1530 ’
38 1528 244 1571 μασᾶσθαι.
285 1524 308 1570 ἢ
330 1527 373 1561 τὸ
393 1525 557 1571 μάσημα.
601 1527 648 1559 cf.
671 1526 718 1566 H,
744 1526 851 1570 Apol-

37 1572 122 1606 lonii
145 1573 296 1622 interpp.
321 1574 355 1607 h.
380 1585 413 1606 v.
440 1579 508 1608 etc.
541 1593 585 1598 -—
620 1573 776 1612 κακῶς
801 1571 850 1606 δέ

38 1618 87 1653 τέ
112 1622 158 1653 οἱ
190 1630 228 1651 π.
263 1631 297 1651 α.
344 1619 394 1652 ita
427 1620 515 1653 Ven
550 1624 586 1652 et
618 1618 676 1652 alii
711 1618 848 1663 quidam

35 1665 165 1705 MSS,
202 1664 294 1697 Plut.
321 1665 364 1698 de
390 1666 536 1710 profect.
567 1665 672 1705 virt„
705 1670 729 1697 t.
753 1666 785 1698 2.
812 1676 846 1708 p.

35 1712 102 1752 80,
129 1713 178 1751 A,
205 1711 328 1744 Athen.
353 1712 386 1745 9.
414 1723 448 1756 p.
469 1713 560 1752 373,
579 1713 621 1743 C.
659 1710 762 1754 vulgo
787 1722 847 1744 au-

34 1763 131 1791 ctore
161 1757 389 1790 Aristarcho:
422 1759 546 1797 κακῶς
580 1754 622 1791 6³
649 1754 724 1797 ἄρα
749 1769 780 1790 ο.
806 1769 845 1790 π

34 1816 92 1845 α.,
122 1802 214 1846 quod
239 1803 347 1836 minus
377 1809 495 1847 aptum
514 1815 589 1837 esse
608 1802 779 1836 intellexit
800 1803 844 1835 H.

35 1868 82 1874 —-
116 1848 287 1891 ιάυον,
312 1850 476 1892 jacebam
514 1851 561 1883 ad
599 1849 849 1882 dormiendum.

37 1896 126 1939 Ap..
162 1893 328 1929 ἰαύων.
366 1894 437 1939 (6',
469 1896 577 1939 259.)
609 1893 849 1938 κοιμώμενος.

37 1941 143 1974 Schn
176 1937 398 1980 ἀΰπνους
423 1954 456 1975 ν.
483 1942 640 1976 ἰ’.αυον
686 1940 749 1975 δια
784 1954 847 1975 νυ-

37 1985 124 2042 ’2²63
148 1983 336 2044 ἄγρυπνος
364 1987 547 2023 διετέλουν
571 1985 760 2027 πολλάκις.
794 1987 847 2020 E:

37 2030 159 2069 ἰαύειν
192 2032 282 2068 ποτὲ
313 2046 379 2077 μεν
411 2033 470 2069 ἐπὶ
493 2031 616 2070 ὕπνου
643 2047 673 2067 κ.
701 2032 847 2068 ἀνακλί-

36 2091 127 2120 σεως
149 2081 329 2115 τίθεσθαι
356 2082 477 2121 δοκεῖ,
515 2079 596 2115 οἷον
620 2081 673 2124 τῇ
697 2093 846 2123 παρι-

37 2127 166 2161 αύων
188 2125 436 2170 τερπέσθω
462 2128 601 2171 (336),
635 2126 751 2182 η’γουν
775 2139 846 2160 πα-

35 2173 334 2277 Ξὲἴοέῗζζίἰῗέἓὲ
342 2171 416 2263 [ξ’ἷῗ
431 2172 698 2277 ἐΞῗζῖοέἔγ.ΞΞ,
706 2188 728 2263 ’ί
750 2173 847 2263 ίΞΞὲῗ

35 2279 109 2302 ται.
156 2263 248 2302 ὅθεν
271 2265 333 2301 καὶ
355 2266 528 2324 ἐνιαυτὸς
552 2264 571 2302 ὁ
596 2264 736 2311 μακρὸς
763 2265 846 2310 χρό-

37 2325 102 2354 νος
125 2325 158 2347 κ.
168 2312 321 2369 πολλὴν
353 2312 445 2358 έχων
474 2312 680 2359 διατριβήν.
728 2311 788 2347 διὸ
813 2327 846 2347 κ.

35 2357 78 2394 τὸ
103 2357 246 2394 ἐτέων
268 2372 506 2395 ενιαυτου
523 2360 846 2403 3(Ar1stothan.

37 2407 135 2449 335.)
169 2405 251 2441 ἀντὶ
280 2406 351 2440 τοῦ
381 2406 575 2465 διατριβάς
597 2406 729 2440 νοοῦσί
753 2417 848 2445 τινες

38 2458 106 2489 etc.
136 2471 183 2476 —-
212 2453 557 2497 μαρναμένοις
590 2452 668 2486 Ald.
693 2454 747 2490 2.
782 2463 848 2485 non

36 2497 118 2533 item
152 2498 184 2532 3.
195 2523 206 2540 ,
250 2503 290 2533 ut
325 2501 470 2544 putabat
505 2501 557 2542 H,
592 2498 658 2532 nisi
691 2498 783 2531 forte
814 2497 849 2530 in

37 2543 205 2578 nonnullis
229 2546 489 2589 exemplaribus
539 2544 714 2590 quominus
737 2548 849 2577 tamen

37 2601 102 2634 pro
142 2591 333 2634 sphalmata
372 2592 466 2626 felici
501 2592 647 2648 habeas,
690 2589 851 2634 prohibet

38 2636 154 2670 Schol.
171 2637 316 2678 Victor,
344 2638 403 2682 qui
427 2639 496 2672 sic:
522 2634 545 2682 ἢ
569 2638 759 2680 τολμηρῶς
778 2649 848 2670 πο-

39 2682 157 2722 λεμοῦν
182 2681 276 2726 πρὸς
301 2681 440 2726 ἄνδρας
462 2697 565 2740 νπερ,
582 2684 728 2717 παίδων
754 2682 847 2726 (γυ-

39 2728 198 2780 ναικιῦν)
231 2728 508 2785 ῥιψοκινδύνως
545 2727 847 2784 ἀγωνιζομένους.

39 2772 126 2817 legit
148 2771 179 2805 is
201 2774 308 2818 igitur
331 2777 367 2810 in
390 2788 453 2811 suo
479 2777 557 2810 cod
585 2773 848 2820 μαρναμένοις,

40 2818 132 2864 quod
155 2820 276 2854 merito
300 2822 430 2865 placuit
452 2824 604 2877 Heyneo
621 2833 704 2877 prae
727 2821 848 2865 vulga-

39 2870 77 2899 to
100 2863 345 2910 μαρνάμενος.
373 2888 416 2895 --
452 2865 754 2927 8ε1ι.;16άρων.
784 2880 849 2910 γυ-

0 2918 1 2961 y
36 2911 188 2946 ναικών.
239 2912 284 2945 cf·
310 2911 350 2955 ε’,
374 2915 454 2951 486.
505 2914 536 2950 ὀ.
571 2914 630 2950 ἕν.
667 2925 737 2957 σφ.
767 2924 849 2956 pro-

0 2962 113 3001 pter
143 2962 277 2991 vestras
310 2972 454 3001 uxores,
494 2961 690 2995 contemtim
721 2959 849 2992 dictum

36 3007 112 3045 est,
137 3012 176 3038 ut
199 3003 320 3049 Eurip.
345 3007 453 3052 Ηὶ99.
480 3008 579 3042 105..
612 3005 681 3051 τήν
716 3002 784 3052 σὴν
808 3003 849 3041 δὲ

97 945 180 988 335
209 947 324 984 τοῖσι
355 942 432 1012 μὲν
462 941 624 1011 ἔμπεδα
654 947 814 991 κεῖται,
844 941 945 997 ἐμεῦ
977 939 1020 985 δ’
1055 939 1143 983 απὸ
1176 940 1351 995 μούνου
1380 938 1557 995 Ἀχαιῶν

211 995 339 1042 ει”λετ
340 1031 352 1051 ,
385 997 467 1054 ἔχει
498 996 556 1050 δ’,
589 997 750 1054 ἄλοχον
779 999 995 1054 θυμαρέα

1054 1001 1107 1054 τῆ
1141 996 1373 1051 παριαύων

898 1112 1047 1157 Κύπριν
1069 1109 1177 1146 πόλλ’
1201 1109 1268 1154 ἐγω
1293 1111 1433 1153 χαίρειν
1457 1107 1569 1151 λέγω,
1594 1105 1652 1140 ubi
1677 1118 1709 1139 v.

898 1171 975 1192 ann.
989 1160 1175 1214 ,itemque
1197 1158 1240 1191 ad
1261 1157 1367 1200 Soph.
1389 1154 1474 1188 Phil.
1489 1156 1587 1209 1169.
1605 1152 1710 1187 Rhes.

899 1207 1000 1240 825.;
1041 1202 1110 1238 οὐκ
1135 1202 1223 1238 οἶδα
1248 1215 1337 1242 τους
1361 1200 1471 1241 σούς,
1497 1213 1563 1240 ους
1586 1197 1709 1242 λέγεις,

897 1250 1108 1290 Ὀδυσσέας
1145 1269 1191 1274 —
1226 1246 1450 1290 ἀλαπάξ.
1491 1248 1524 1280 h.
1551 1259 1580 1280 e.
1617 1243 1710 1280 αλα-

898 1297 1037 1340 πᾶξαι,
1063 1296 1158 1340 φημὶ
1183 1293 1380 1338 α’λαπάξαι.
1436 1293 1486 1326 ita
1512 1292 1710 1336 scripsimus

900 1356 934 1388 9.
972 1341 1149 1385 ἀλάπαξ,
1194 1342 1279 1375 elisa
1316 1355 1354 1375 αι
1392 1339 1629 1383 diphthongo,
1673 1342 1711 1371 ut

898 1385 1376 1444 Theogn.104.usw6oz3v'
1396 1384 1533 1426 ἐθέλοι,
1552 1391 1596 1418 Α
1589 1363 1709 1426 sithyl.

897 1436 1012 1469 Prom.
1036 1437 1112 1470 813
1149 1433 1287 1474 Eneca,
1315 1433 1436 1477 Eurip.
1460 1410 1550 1490 Iphi,
1563 1430 1607 1463 T.
1630 1430 1709 1465 627.

898 1479 1064 1523 σώζεσθ’,
1087 1481 1261 1537 Aristoph.
1276 1481 1362 1513 Rau.
1378 1480 1457 1514 648.
1482 1474 1550 1511 εἶν’
1570 1482 1605 1509 et
1622 1477 1709 1530 Equ.

897 1529 978 1563 700.
1004 1525 1169 1573 παρεῖν’.
1210 1527 1256 1560 cs.
1282 1537 1360 1559 ann.
1387 1525 1430 1557 ad
1457 1523 1504 1565 α’,
1532 1525 1630 1564 117.,

896 1572 965 1609 498
990 1579 1076 1615 etc.‚
1106 1579 1141 1607 et
1164 1572 1208 1605 de
1232 1572 1327 1605 hisce
1346 1571 1509 1611 urbibus,
1534 1579 1618 1613 quas
1638 1579 1710 1602 ma-

895 1620 924 1653 ri
950 1625 1111 1664 terraque
1135 1618 1229 1662 cepit
1253 1618 1418 1657 Achilles,
1443 1615 1606 1660 superius
1630 1615 1708 1654 129,

894 1664 940 1711 β,
964 1668 1050 1703 690
1078 1665 1119 1707 λ’,
1144 1664 1222 1699 624.
1276 1676 1310 1697 v.
1344 1663 1446 1697 etiam
1478 1662 1651 1696 Mannert.
1675 1662 1708 1701 6,

957 1711 1088 1756 4953
1113 1730 1160 1736 ·-
1192 1708 1338 1745 διάπ.
1363 1710 1463 1744 δασ.
1497 1708 1643 1742 διαδασ.
1668 1719 1706 1740 π.

893 1715 1022 1792 tmesis.
1071 1758 1174 1791 Sch.·
1208 1753 1275 1791 ὅλα
1309 1753 1349 1791 δε
1378 1753 1577 1801 λαμβάνων
1603 1749 1708 1799 ὀλίγα

895 1804 1055 1848 διένειμε
1079 1817 1111 1838 κ.
1140 1804 1279 1838 ἐδίδου.

941 1898 1020 1932 335.
1047 1908 1147 1940 sequ.
1195 1894 1391 1939 έᾛμπεδα
1431 1892 1504 1938 (δ’,
1537 1870 1629 1935 314,
1666 1890 1705 1935 ε’,

893 1942 963 1978 254
987 1944 1074 1985 etc)
1106 1942 1258 1997 ἑδραῖοι,
1295 1941 1426 1986 βέβαια
1459 1939 1519 1973 καὶ
1545 1936 1707 1983 ἀσφαλῆ.

893 1988 1008 2023 πέδον
1033 2002 1103 2032 γαρ
1130 1984 1150 2032 ἡ
1178 1988 1409 2032 γῆ.8011.-
1436 1982 1611 2041 αλοχον
1629 1997 1707 2030 pro

895 2035 970 2080 prie
1001 2035 1089 2068 dixit
1130 2033 1197 2077 τὴν
1237 2034 1331 2068 ἰσολε
1318 2034 1379 2077 εχῆ
1413 2033 1474 2067 καὶ
1510 2028 1707 2075 ὁμόκοιτον

895 2082 979 2127 (Ap.
1006 2093 1086 2125 pag.
1104 2082 1176 2124 2.),
1204 2081 1446 2121 concubinam,
1470 2083 1510 2112 ut
1535 2076 1587 2122 φ’,
1605 2078 1706 2114 498.;

894 2131 1032 2183 Λητοῖ,
1073 2126 1141 2170 ἐγώ
1179 2127 1220 2162 δέ
1256 2140 1315 2161 τοι
1358 2124 1441 2161 οὔτι
1475 2124 1703 2181 μαχήσομαι

893 2171 1072 2217 ἀργαλέον
1097 2172 1135 2208 δὲ
1154 2170 1399 2227 Πληιιτίζεσθ’
1419 2169 1584 2215 αλόχοισι
1603 2170 1705 2211 Διός.

891 2221 973 2254 hinc
997 2219 1151 2263 legitima
1175 2220 1297 2264 conjux
1322 2230 1558 2275 nonnunquam
1579 2217 1706 2252 dicitur

892 2265 1033 2312 μνηστὴ
1060 2264 1194 2309 ἄλοχος
1218 2272 1254 2300 et
1258 2266 1448 2321 κουριδιη
1473 2262 1617 2308 ἄλοχος,
1631 2264 1706 2297 vel-

894 2318 932 2347 ut
955 2312 1102 2347 infestus
1126 2314 1213 2353 399,
1237 2309 1280 2353 τ’,
1305 2314 1386 2347 298.
1411 2317 1447 2345 et
1474 2311 1570 2345 alias.
1606 2310 1704 2354 Virg.

894 2359 1039 2399 Ecl.8,
1074 2360 1150 2394 18·
1195 2358 1352 2402 conjugis
1384 2358 1554 2402 indignae
1595 2356 1706 2390 Nisae

895 2407 1057 2449 deceptus
1079 2416 1215 2446 amore,
1240 2405 1273 2439 h.
1298 2417 1328 2438 e.
1355 2404 1498 2445 amicae,
1522 2402 1584 2436 ubi
1606 2414 1641 2436 v.
1658 2403 1704 2437 H.

896 2456 932 2485 et
964 2452 1114 2496 interpp.
1150 2448 1334 2494 ἄλοχον
1368 2452 1478 2494 θυμ.
1517 2448 1620 2483 etiam
1653 2450 1706 2483 0-

897 2499 991 2542 dy.ss
1015 2497 1068 2539 ψ’,
1089 2499 1169 2532 232.
1193 2497 1335 2541 legitur.
1361 2499 1447 2540 Ap..
1468 2494 1704 2538 θυμαρέα.

895 2541 1148 2588 θυμάρεστον.
1185 2544 1246 2578 καὶ
1269 2544 1487 2587 θυμῆρες
1510 2539 1573 2597 (κ’,
1592 2542 1704 2584 362.,)

895 2589 936 2625 τὸ
968 2589 1122 2634 αρέσκον
1146 2590 1193 2635 τῇ
1223 2591 1337 2635 ψυχῃ.
1385 2589 1513 2633 Odyss.
1538 2585 1582 2632 ρ’,
1609 2588 1703 2622 199.

895 2638 1080 2681 σκῆπτρον
1091 2636 1270 2679 θυμαρές.
1292 2626 1429 2669 dubitat
1443 2635 1486 2676 E,
1497 2645 1539 2667 an
1551 2633 1704 2667 scriben-

894 2683 972 2717 dum
991 2684 1040 2717 sit
1057 2681 1246 2727 θυμάρης,
1265 2687 1303 2715 ut
1319 2679 1503 2725 θυμήρης.
1526 2680 1570 2715 cf.
1588 2678 1703 2712 Schol.

893 2731 944 2770 A,
982 2730 1041 2774 qui
1074 2728 1288 2774 comparavit
1320 2726 1493 2772 adjectiva
1531 2722 1703 2769 ξιφήρης,

893 2773 1076 2820 ὀλιγήρης.
1124 2786 1206 2808 sane
1231 2785 1313 2807 casu
1336 2773 1445 2817 magis
1469 2783 1570 2827 quam
1596 2770 1703 2804 ratio-

895 2833 937 2855 ne
961 2822 1122 2855 videntur
1147 2820 1328 2865 scripsisse
1351 2815 1548 2861 θυμαρὴς,
1574 2821 1610 2850 ut
1638 2814 1701 2850 εὔ-

894 2867 1026 2925 μαρής.
1065 2878 1099 2900 v.
1125 2867 1180 2905 H.
1213 2866 1273 2911 qui
1297 2865 1452 2903 notavit
1487 2864 1633 2907 9ιίοτειι]
1666 2862 1702 2896 in

895 2912 973 2958 ἄρω
998 2924 1074 2947 esse
1097 2913 1244 2956 longam.
1292 2912 1396 2945 ducta
1420 2892 1560 2943 videtur
1592 2908 1702 2942 altera

894 2960 1013 2993 harum
1044 2960 1229 2992 formarum
1263 2970 1283 2992 a
1307 2956 1504 3003 praesenti,
1540 2954 1650 2989 altera
1681 2965 1702 2989 a

896 3007 1050 3051 perfecto
1075 3004 1190 3039 medii.
