1811 3269
70 176 155 217 120

717 173 1118 215 ΟΜΗΡΟΥ

241 282 385 334 πάσας
416 284 618 354 θηλείας,
651 286 840 352 πολλῇσι
869 283 916 327 δὲ
946 286 1090 326 πῶλοι
1120 281 1304 351 ὑπῆσαν.

242 340 314 384 καὶ
345 339 398 383 τὰ
429 356 507 396 μεν
535 338 824 410 ἠλασάμεσθα
855 339 1008 384 Πύλον
1038 338 1239 396 Νηληϊον
1269 341 1370 383 ε’ίσω

243 396 439 452 ἐννύχιοι
469 397 598 452 προτὶ
627 395 768 441 ἄστυ·
799 396 975 468 γεγήθει
1008 398 1054 440 δὲ
1087 397 1227 465 φρένα
1256 396 1444 452 Νηλεύς,

248 453 414 498 οὕνεκά
443 471 520 525 μοι
549 453 649 509 τύχε
679 455 819 498 πολλὰ
847 456 931 527 νέῳ
962 452 1205 509 πόλεμόνδε
1235 453 1390 497 κιόντι.

130 514 215 558 685
245 510 433 585 κήρυκες
465 509 510 554 δ’
539 511 760 583 ἐλίγαινον
790 510 868 581 ἅμ’
903 511 979 566 ηὀῖ
1003 510 1350 566 φαινομένηφιν,

246 568 353 617 τούς
383 569 504 623 ἰ’μεν,
537 564 626 612 οἷσι
654 574 797 624 χρεῖος
827 567 1017 632 ὀφείλετ’
1051 568 1097 610 έν
1114 567 1266 610 ’Ἠλιδι
1296 568 1391 622 δίῃ

248 627 291 668 οἱ
321 624 367 668 δὲ
398 623 722 680 συναγρόμενοι
754 628 937 669 Πυλίων
965 623 1179 681 ηγήτορες
1209 622 1367 678 ἄνδρες

247 683 505 734 δαίτρευον·
537 681 719 726 πολέσιν
749 699 834 739 γαρ
865 681 1028 725 Ἐπειοὶ
1057 686 1202 749 χρεῖος
1229 680 1424 741 ὄφειλον,

248 738 308 789 ὥς
339 739 476 807 ημεῖς
490 744 656 793 παῦροι
685 739 983 791 κεκακωμένοι
1017 738 1064 782 έν
1097 737 1228 796 Πύλῳ
1260 742 1376 794 ἠμεν.

133 802 217 843 690

249 796 393 840 ἐλθών
423 813 508 867 γαρ
539 796 730 839 ἐκάκωσε
761 799 834 854 βίη
858 795 1119 851 Ἡρακληείη

246 857 335 896 τῶν
365 853 594 906 προτέρων
625 853 777 907 ἐτέων,
809 852 919 896 κατὰ
951 852 993 897 6'
1026 854 1209 896 ἔκταθεν
1240 849 1368 894 ὅσσοι
1397 849 1579 907 α’ριστοι.

247 909 420 953 δώδεκα
449 910 534 966 γάρ
570 913 749 966 Νηλῆος
780 908 1006 982 ἀμύμονος
1036 908 1148 960 υίέες
1176 911 1309 977 ἦμεν·

245 971 335 1010 τῶν
367 965 461 1018 οἷος
490 969 779 1022 λιπόμην,οἱ
810 965 853 1010 δ’
885 966 1012 1010 α’λλοι
1041 966 1201 1016 πάντες
1232 964 1408 1008 ὄλοντο·

248 1023 386 1068 ταῦθ’
419 1024 799 1094 ὑπερηφανέοντες
821 1023 984 1067 Ἐπειοὶ
1013 1025 1328 1079 χαλκοχίτωνες

133 1085 218 1126 695
248 1080 386 1153 ἡμέας
416 1080 668 1151 ὑβρίζοντες
699 1081 928 1125 ἀτάσθαλα
958 1080 1256 1152 μηχανόωντο.

247 1138 295 1182 ἐκ
327 1137 372 1181 6'
405 1137 428 1181 ὁ
462 1139 603 1206 γέρων
634 1137 793 1194 ἀγέλην
823 1155 867 1182 τε
899 1141 1019 1210 βοων
1050 1138 1123 1181 καὶ
1156 1140 1256 1180 πῶϋ
1286 1133 1384 1190 μέγ’
1418 1136 1527 1179 οἰῶν

217 1196 407 1248 *ειλετο,
438 1198 704 1252 κρινάμενος
733 1193 954 1253 τριηκόσι’
984 1193 1061 1252 ηδε
1090 1198 1271 1251 νομῆας.

124 1317 205 1351 683.
257 1312 502 1359 ἐννύχιοι.
549 1313 612 1350 διοῖ
649 1314 714 1358 τῆς
748 1313 893 1355 νυκτός.

79 1360 379 1407 8011.γεγ.δε
410 1375 483 1406 φρ.
512 1360 720 1405 Νηλεύς.
760 1361 896 1394 notavit

78 1408 196 1443 Schol.
223 1410 270 1449 A,
305 1409 519 1442 iecentiores
553 1409 701 1442 Neleum
737 1408 779 1440 ab
806 1408 898 1441 Her—

79 1455 156 1489 cule
181 1466 319 1489 caesum
345 1455 511 1496 tradere3
547 1467 601 1499 ap.
629 1455 812 1487 Homerum
839 1465 898 1487 au-

78 1507 146 1535 tem
172 1513 249 1535 eum
274 1501 495 1545 superstitem
520 1501 628 1535 fuisse
655 1501 726 1534 dici
752 1500 898 1533 filiorum

77 1548 201 1591 stragi.
237 1560 271 1584 v,
296 1549 330 1581 H
353 1552 402 1588 et,
427 1559 524 1591 quem
543 1547 714 1588 laudavit,
741 1547 899 1592 Apollod.

80 1596 188 1635 1,9,
213 1595 334 1635 9.;2,
361 1595 403 1634 6,
428 1596 550 1635 2.,2,
575 1594 616 1634 7,
640 1595 673 1628 3.

125 1642 215 1682 685,
243 1642 275 1676 6.
325 1639 443 1684 ἐλίγ.
485 1619 624 1685 ἐβόων,
663 1638 776 1682 ὀξέως
810 1637 893 1683 ἐκή-

80 1698 229 1728 ρυσσον.
268 1685 460 1730 (κήρυκας
492 1686 780 1743 λιγυφθόγγους
807 1685 897 1719 dixit

80 1732 127 1780 β,
152 1735 198 1769 50
223 1738 259 1767 et
283 1733 433 1778 saepius.
467 1735 589 1766 ExH.
622 1752 665 1757 —
703 1731 762 1776 ἅμ
798 1731 900 1787 ἠοῖ

81 1793 212 1823 φαιν.
246 1778 283 1819 ι’,
307 1778 406 1823 614.)
442 1793 562 1820 τους
586 1780 705 1821 ιμεν
738 1776 898 1819 τούτους

83 1839 167 1861 συν
163 1826 339 1870 'ples-flac.
383 1826 628 1871 (congregari.
641 1826 659 1868 )
716 1828 852 1868 χρεῖο
869 1838 896 1865 ς.

81 1872 186 1918 χρέος
172 1899 207 1915 ς,
244 1872 406 1907 δάνειον
442 1873 522 1916 (sic
558 1872 659 1905 etiam
693 1871 810 1905 Schol.
837 1872 898 1905 Β.·
888 1894 898 1911 ,

82 1923 147 1976 Ap.
169 1924 282 1954 autem
301 1926 335 1953 et
354 1931 394 1953 eo
414 1924 558 1953 auctore
575 1918 740 1960 Hesyach
765 1920 900 1961 χρεῖος,

84 1964 282 2011 ὀφείλημα.
333 1966 456 2010 quibus
491 1964 778 2009 explicationibus
807 1964 900 1997 haud

84 2020 266 2048 contentus
300 2012 333 2045 H
367 2023 454 2045 voce
487 2015 608 2055 χρεῖος
641 2010 818 2054 designari
851 2011 902 2043 ait

84 2059 320 2104 repetundas,
344 2058 375 2091 h.
403 2070 433 2091 e.
460 2069 524 2099 ea,
561 2069 651 2102 quae
676 2056 712 2089 vi
737 2062 841 2101 capta
867 2061 902 2089 et

84 2107 238 2140 abducta
262 2109 360 2145 sunt,
384 2104 504 2148 itaque
529 2105 584 2137 vel
607 2103 706 2137 reddi
731 2104 785 2135 vel
807 2104 902 2147 justo

85 2152 200 2207 pretio
226 2151 346 2184 redimi
373 2151 512 2184 debent.
550 2151 594 2184 cf
623 2151 704 2189 688,
729 2150 808 2191 698,
833 2149 902 2182 Ο(1.

125 2198 228 2240 ,409
256 2198 342 2240 etc.)
392 2193 621 2241 ὀφείλετ’.
655 2194 902 2239 ἐχρεωστεῖτο.

86 2247 181 2289 δίῃ.
215 2243 556 2302 θαυμαστῇ,ἱερᾷ.
583 2240 650 2286 (α’,
663 2244 743 2299 366,
762 2240 807 2287 β’,
821 2243 903 2282 520,

86 2293 176 2331 522,
205 2290 295 2330 615,
320 2292 419 2345 836.)
453 2288 491 2324 ἐν
526 2288 624 2335 αὐτῇ
656 2289 727 2333 «Ιιὶρ
753 2289 903 2332 ἐτιμᾶτο

85 2336 286 2380 Ὀλύμπιος
315 2335 418 2377 Ζεύς.
452 2337 567 2380 (hanc
592 2335 739 2381 epitheti
766 2346 904 2369 causam

88 2384 241 2417 afferunt
275 2383 378 2416 etiam
410 2382 629 2416 Scholiastae
661 2382 806 2422 Veneti3
842 2382 905 2414 sed

89 2431 233 2464 eandem
258 2429 293 2462 in
319 2428 476 2473 personis
500 2429 676 2473 rebusque
701 2428 769 2461 vim
799 2429 906 2461 habet

88 2488 155 2510 vox
183 2477 294 2524 6503„
301 2477 434 2516 clarus,
457 2476 671 2519 praeclarus.
706 2486 739 2506 v.
763 2486 841 2507 ann.
862 2473 907 2507 ad

89 2536 136 2564 α,
161 2523 213 2567 4.)
247 2523 293 2557 οὐ
328 2521 392 2556 καὶ
423 2522 630 2578 πανήγῑρις
653 2520 748 2554 κατά
774 2533 906 2563 τετρα-

90 2570 154 2614 ετῆ
178 2567 315 2613 χρόνον
338 2567 468 2623 ἤγετο,
501 2581 549 2602 τα
570 2566 775 2610 Ὀλύμπια,
811 2566 908 2602 ἔνθα

89 2615 315 2660 ἥγ’ωνιζοντο
343 2615 378 2650 οἱ
403 2611 478 2649 ἀπὸ
515 2615 582 2657 τῆς
609 2612 785 2653 Ελλάὸος
816 2613 909 2648 πάν-

89 2675 159 2702 τες.
210 2662 286 2697 ε’στι
311 2660 350 2697 δε
372 2661 463 2704 [καὶ]
483 2659 589 2700 πόλις
609 2658 909 2704 Πελοποννήσου.

91 2710 146 2754 (v.
173 2720 253 2743 ann.
280 2709 324 2742 ad
350 2707 396 2754 β’,
423 2707 523 2751 615.)

139 2756 227 2797 688,
252 2758 285 2791 9.
330 2754 609 2795 δαίτρευον.
634 2750 809 2796 εμέριζον.
835 2752 909 2794 (ᾱί-

93 2802 261 2835 videbant
295 2800 492 2857 praedam.)
540 2799 821 2834 Ἐπειοί.οἱ
846 2799 909 2833 'H-

91 2851 206 2889 λεῖοι,
251 2844 325 2881 οἷπὸ
365 2844 515 2882 Ἐπειοῦ
550 2845 738 2900 βασιλέως.
801 2840 911 2886 οὗτος

92 2895 335 2933 Ποσειδῶνος
368 2906 400 2926 κ.
417 2891 660 2950 Εὐρυπύλης
684 2893 750 2936 τῆς
777 2888 910 2926 Ἐνδυ-

91 2941 232 2984 μίωνος
248 2944 358 2980 παῖς·
386 2935 432 2973 οὗ
450 2938 605 2980 Ἠλεῖος,
630 2936 649 2974 ὁ
668 2942 793 2978 κτίσας
806 2937 911 2973 ''Hat-

93 2989 164 3023 δα·
185 2985 332 3021 Ἠλειου
351 2984 398 3043 ,δε
403 2983 595 3043 ’Ἀλεξιςκ.
611 2983 769 3025 Επειός.
797 2985 911 3028 (Pau-

93 3034 234 3076 san-5,
263 3035 313 3077 1.)
338 3028 412 3078 ἀφ’
439 3027 484 3068 οὗ
508 3031 649 3068 Ἐπειοὶ
673 3030 738 3079 (β’,
763 3033 843 3067 619.
877 3044 911 3065 v.

941 1314 1068 1349 ibidem
1107 1326 1184 1348 ann.
1217 1312 1260 1346 ad
1287 1312 1407 1356 615),
1442 1325 1491 1352 ως
1526 1324 1641 1357 φησιν
1668 1311 1760 1355 Ἀρι-

944 1363 1114 1405 στοτέλης
1142 1361 1180 1395 ἐν
1204 1361 1257 1405 τῷ
1281 1358 1427 1400 Πέπλω.
1476 1358 1617 1401 (multis
1649 1359 1759 1404 Pyliis

944 1409 1063 1453 Epeos
1096 1407 1259 1441 debuisse
1289 1407 1357 1445 ait,
1391 1406 1423 1440 h.
1450 1417 1479 1440 e.
1540 1406 1583 1439 ab
1618 1417 1757 1439 antece-

946 1456 1071 1495 dente,
1096 1454 1174 1487 illos
1200 1452 1407 1505 diripuisse,
1442 1451 1634 1506 multosque
1663 1453 1761 1486 occi-

946 1501 1055 1534 disse:
1082 1512 1189 1545 quare
1215 1498 1330 1542 Pysios
1354 1497 1440 1530 dicit
1464 1496 1634 1542 παύρους
1653 1511 1761 1533 κεκοι-

946 1546 1174 1590 κωμένους.)
1240 1543 1592 1586 κεκακωμένοι.
1639 1558 1762 1586 κακως

947 1593 1245 1636 διατεθειμένοι,
1271 1590 1526 1638 βεβλαμμένοι.
1551 1591 1633 1625 Sch.

994 1641 1073 1675 690.
1122 1640 1174 1673 ita
1212 1639 1328 1683 Lips.,
1366 1638 1553 1678 Cantabr.,
1591 1638 1679 1671 Ven.
1717 1639 1761 1679 B,

949 1688 1046 1720 Vrat.
1072 1687 1093 1719 b
1128 1692 1163 1719 et
1195 1687 1244 1726 A,
1284 1696 1396 1727 neque
1431 1695 1516 1727 opus
1550 1689 1603 1717 est
1634 1685 1687 1729 τῷ
1720 1683 1762 1729 ῤ’

948 1739 1028 1778 post
1061 1732 1153 1776 γὰρ,
1192 1730 1282 1775 quod
1317 1731 1350 1763 T
1382 1731 1516 1784 recepit
1541 1741 1583 1762 ex
1608 1721 1762 1766 Roinana

948 1779 1001 1813 ed.
1040 1777 1243 1834 producitur
1279 1776 1367 1810 enim
1407 1774 1478 1819 γάρ
1522 1788 1678 1813 caesura.
1717 1797 1763 1803 —

947 1824 1097 1867 ,,ἐλθών
1131 1826 1194 1873 βίη
1223 1821 1320 1865 ‘1'.‚I9
1356 1827 1394 1855 ut
1427 1821 1528 1867 ψυχή
1570 1825 1762 1866 Τειρεσίαο

950 1873 1136 1915 σκῆπτρον
1162 1870 1252 1913 εχων
1279 1868 1347 1903 Od.
1373 1866 1414 1909 λ,
1440 1869 1504 1909 90,
1529 1870 1585 1906 91.
1617 1870 1662 1903 ad
1685 1881 1765 1904 sen-

951 1929 1022 1951 sum
1049 1919 1133 1951 haec
1158 1917 1251 1950 dicta
1275 1919 1379 1956 sunt,
1405 1926 1472 1948 non
1494 1915 1629 1958 Attice,
1652 1921 1690 1950 ut
1715 1917 1765 1951 ait

954 1964 1024 1997 E.“
1051 1965 1104 1997 Ex
1126 1964 1172 1996 H
1222 1963 1265 1996 de
1298 1962 1355 1995 illa
1384 1961 1603 2006 expeditione
1626 1963 1766 1997 Hercu-

951 2011 993 2044 lis
1017 2011 1118 2044 Sch..
1147 2008 1330 2071 ζΗρακλῆς
1361 2007 1580 2053 παρεγένετο
1611 2011 1664 2050 εἰς
1687 2007 1767 2045 Πύ-

952 2059 1036 2093 λον
1072 2055 1158 2101 χρή,
1147 2058 1213 2089 ων
1248 2056 1480 2097 καθαρσίων.
1521 2055 1592 2098 (ob
1625 2057 1766 2090 caedem

953 2103 1078 2147 Iphiti:
1106 2116 1136 2136 v
1167 2104 1233 2136 Od
1255 2100 1305 2144 φ’,
1331 2104 1375 2137 25
1399 2113 1494 2158 seqq.
1505 2127 1515 2144 ‚
1547 2102 1705 2157 Apollod.
1730 2105 1766 2144 2,

954 2153 999 2191 6,
1022 2151 1080 2191 2.;
1105 2152 1148 2190 2,
1173 2150 1214 2190 7,
1239 2151 1301 2193 3.)
1336 2149 1372 2182 οὶ
1407 2147 1447 2183 δε
1474 2145 1631 2189 Πύλιοι,
1667 2146 1767 2184 α’πο-

951 2175 1158 2235 κλείσαντες
1185 2209 1252 2234 τας
1277 2193 1416 2236 πύλας,
1444 2192 1513 2230 οὐκ
1537 2195 1765 2238 εἰσεδέξαντο

951 2241 1081 2277 αὐτόν.
1129 2241 1195 2286 εφ’
1223 2239 1254 2289 ᾦ
1275 2240 1464 2286 ὀρμσθεις
1486 2238 1506 2277 ὁ
1532 2239 1630 2285 ἥρως
1654 2241 1768 2287 ε’πόρ-

951 2292 1046 2333 θησε
1073 2289 1211 2324 Πύλον.
1262 2287 1493 2332 πυιεμοὶχουν
1527 2287 1567 2323 δε
1596 2291 1648 2336 τῷ
1681 2292 1724 2324 N
1747 2311 1768 2316 -

951 2339 1006 2371 λεῖ
1027 2339 1124 2391 τρεῖς
1141 2335 1247 2376 θεοι,
1274 2337 1490 2376 Ποσειδῶν,
1503 2332 1623 2378 ”Ηρα,
1642 2335 1769 2371 ’Amm-

952 2396 1050 2423 νευς,
1077 2379 1127 2424 ὦς
1151 2396 1212 2416 και
1238 2381 1276 2417 ἐν
1301 2383 1346 2428 τῇ
1371 2381 1397 2417 ε’
1424 2382 1512 2425 (392
1530 2383 1768 2428 seqq.)q27761'.

954 2429 1112 2463 similiter
1138 2431 1165 2463 A
1191 2429 1330 2470 Schol.;
1356 2429 1417 2463 sed
1439 2429 1467 2462 B
1489 2427 1598 2462 ultum
1620 2441 1696 2463 esse
1719 2430 1770 2463 ait

956 2476 1140 2509 Herculem
1177 2475 1295 2519 Pylios
1330 2481 1519 2520 propterea
1551 2476 1641 2519 quod
1675 2487 1771 2509 arma

951 2523 989 2566 ju
971 2522 1130 2555 unxerint
1146 2533 1219 2554 cum
1234 2521 1474 2555 Orchomeniis
1487 2520 1652 2554 adversus
1671 2523 1769 2556 The-

957 2569 1073 2602 banos.
1109 2568 1209 2601 addit
1233 2568 1301 2601 alia
1328 2568 1359 2601 E
1389 2566 1572 2600 secundum
1591 2567 1711 2612 Agiam
1735 2572 1772 2602 et

956 2615 1226 2654 Telesarchum,
1260 2625 1374 2648 rerum
1408 2613 1648 2657 Argolicarum
1683 2614 1773 2648 scri-

955 2666 1085 2706 ptoreS.
1125 2662 1170 2693 cf.
1200 2661 1245 2693 H.

1003 2707 1217 2742 691—695.
1266 2719 1360 2740 των
1382 2717 1514 2748 προτ
1540 2703 1697 2741 ἐτέων
1731 2704 1771 2742 ἐν

954 2753 1006 2799 τῷ
1032 2752 1228 2797 φθάσαντι
1246 2752 1378 2798 χρόνω.
1405 2750 1682 2794 (ε’κταθεν,’
1664 2751 1772 2787 extoi-

955 2803 1103 2855 θησαν
1134 2801 1304 2844 prostrati
1327 2803 1429 2839 sunt,
1465 2799 1498 2831 11.
1526 2811 1556 2832 e.
1587 2798 1772 2832 interemti.

958 2865 1000 2871 —
1021 2859 1042 2879 ν
1054 2858 1228 2889 περηφ.
1256 2846 1353 2886 eluti,
1371 2844 1641 2888 superbientes.)
1668 2841 1771 2880 ἀτοί-

958 2896 1122 2927 σθαλα.
1157 2893 1256 2935 (Od.
1281 2891 1326 2936 γ’,
1350 2893 1441 2933 2,07
1473 2889 1522 2932 π’,
1549 2892 1593 2926 93
1613 2896 1681 2925 etc.
1724 2891 1770 2924 cf-

957 2950 1062 2983 supra
1089 2937 1132 2979 6',
1158 2939 1259 2982 409.)
1283 2936 1499 2985 υβριστικοι,
1518 2934 1640 2972 ἄδικα.
1666 2937 1748 2971 Sch.

1005 2987 1084 3020 697.
1134 2985 1208 3017 hiat
1231 2985 1286 3018 hic
1311 2996 1445 3039 versus,
1469 2996 1580 3027 neque
1597 2983 1691 3017 illum
1711 2984 1774 3017 be-

959 3042 1002 3065 ne
1027 3043 1065 3065 se
1089 3031 1218 3065 habere
1238 3031 1415 3066 arbitror'
1405 3042 1442 3065 m
1461 3030 1654 3075 aenigmate
1670 3029 1774 3064 Cleo-
