1811 3269
95 142 153 182 76

731 144 1131 186 OMHPOY

266 251 495 303 »αἰνότατε
524 253 742 308 Κρονίδη,
782 258 915 298 ποῖον
943 253 1022 298 τὸν
1050 257 1200 311 μῦθον
1222 254 1393 325 fame!

264 309 345 358 καὶ
358 311 465 378 λίην
501 321 547 352 σε
566 309 719 377 ,πάρος
746 308 791 365 γ’
822 309 923 354 οὔτ’
953 312 1170 382 εἴρομαι,
1187 309 1289 355 οὔτε
1318 315 1530 367 μεταλλῶ,

264 363 372 409 ἀλλὰ
401 364 505 419 μάλ’
536 364 717 419 εὔκηλος
745 383 798 409 τα
827 365 1037 422 φράζεαι,
1069 366 1170 411 ἅσσ’
1203 368 1443 439 ἐθέλῃσθα·

151 423 234 465 555
263 425 350 464 νῦν
378 421 418 465 δ’
453 423 586 472 αἰνῶς
614 424 809 466 δείδοικα
834 425 946 467 κατὰ
975 423 1139 493 φρένα,
1176 424 1236 479 μή
1267 437 1314 468 σε
1343 427 1530 483 παρείπῃ

259 476 534 532 αργυρόπεζα
567 478 712 531 Θέτις,
749 480 950 551 θυγάτηρ
990 479 1132 523 ἁλίοιο
1169 480 1388 536 γέροντος.

232 533 390 605 ἠερίη
421 551 506 589 γαρ
537 537 655 590 σοίγε
685 537 914 591 παρέζετο,
953 536 1027 580 καὶ
1064 535 1172 589 λάβε
1209 537 1413 592 γούνων·

259 607 311 647 τη
348 589 390 634 6'
423 593 501 634 οἴω
530 597 796 637 κατανεῦσαι
824 593 1059 663 ἐτήτυμον,
1100 609 1161 643 ως
1173 591 1358 664 Ἀχιλῆα

256 646 459 703 τιμήσῃς,
500 647 655 720 ὀλέσῃς
694 650 740 693 δὲ
770 649 1028 704 πολέας,ἐπὶ
1052 649 1216 718 νηυσὶν
1244 649 1439 705 Ἀχαιῶν.
1444 656 1469 675 “

146 707 228 748 560

255 761 492 832 ,,δαιμονίη
506 793 516 812 ,
549 763 627 805 αἰεὶ

347 706 438 760 Τὴν
468 702 512 747 δ’
549 704 896 776 απαμειβόμενος
924 703 1127 777 προσέφη
1156 722 1262 760 νεφ

665 763 746 833 μὲν
776 762 908 812 ὀΐεαι,
942 761 1046 806 οὐδέ
1078 774 1125 805 σε
1153 761 1248 833 λήθ

1319 706 1472 762 γερέτα
1501 709 1632 761 Ζεύς·

256 819 418 872 πρῆξαι
445 817 491 861 δ’
521 818 658 889 ἔμπης
688 818 784 863 οὔτι
817 819 1045 875 δυνήσεαι,
1087 817 1187 862 αλλ’
1222 817 1309 862 ἄπο
1351 823 1502 874 θυμοῦ

254 863 467 946 μᾶλλοῇ

469 876 546 929 μοὶ
576 875 711 918 ἔσεαι·
750 875 800 920 τὸ
831 877 878 920 δέ
907 892 977 918 τοι
1005 876 1078 919 καὶ
1109 876 1252 931 ρίγιον
1283 875 1414 918 ἓᾟσται

255 945 291 973 ει
322 929 367 973 δ’
401 947 518 975 ουτω
546 932 671 975 τοῦτ’
700 932 840 986 ἐστὶν,
885 933 980 986 ἐμοὶ
1020 932 1163 988 μέλλει
1202 933 1336 987 φίλον
1370 929 1494 976 εἶναι.

140 990 225 1034 565
255 984 353 1030 ἄλλ’
386 986 579 1032 ἀκέουσα
608 987 800 1045 καθησο,
840 989 955 1058 ἐμῷ
961 987 1006 1032 δ’
1036 989 1258 1032 ἐπιπείθεο
1297 987 1441 1059 μύθῳ,

253 1043 312 1102 μή
342 1043 400 1088 νύ
429 1061 497 1087 τοι
528 1062 582 1088 ου
613 1049 906 1101 χραίσμωσιν,

939 1044 1036 1090 ὅσοι
1065 1047 1164 1089 θεοί
1195 1044 1276 1088 είσ’
1308 1045 1354 1088 ἐν
1382 1044 1601 1104 Ὀλύμπῳ,

253 1103 388 1144 ἆσσον
419 1100 552 1155 ἰόνθ’,
583 1102 655 1146 ὅτε
685 1102 761 1146 κέν
790 1120 860 1147 τοι
889 1100 1091 1154 ἀάπτους
1095 1107 1255 1158 χεῖρας
1284 1101 1432 1158 ἐφείω.
1436 1107 1463 1126 “

128 1241 209 1276 552.
235 1241 327 1275 αἰν.
352 1240 551 1283 δεινότατε,
571 1240 738 1288 ἐπίφοβε.
753 1242 834 1276 Sch.
847 1262 890 1267 —

81 1283 165 1341 τᾶν
189 1287 371 1329 μυθον.
395 1288 428 1322 h
446 1300 475 1323 e.
499 1289 636 1322 τοῦτον
661 1289 726 1324 τὸν
749 1290 890 1332 μῦθον,

81 1327 127 1366 ὃν
161 1338 280 1374 εἰπες,
321 1333 527 1371 orationem,
562 1346 661 1379 quam
697 1335 794 1369 modo
828 1336 890 1368 ha-

80 1377 196 1412 buisti.
221 1391 255 1412 v.
279 1379 407 1413 Matth.
433 1381 462 1421 §.
488 1382 567 1433 265.
602 1386 638 1413 et
663 1392 738 1414 ann.
765 1381 808 1414 ad
835 1383 888 1414 11.

125 1425 204 1460 553.
238 1425 314 1460 καὶ
346 1427 458 1468 λίην
489 1439 662 1470 παρος,
696 1427 801 1460 etiam
827 1428 887 1460 diu

79 1475 184 1509 ante,
217 1483 282 1504 non
324 1471 421 1504 modo
459 1484 558 1505 nunc.
594 1493 630 1497 -
674 1473 886 1516 εἴρομαι,

79 1517 254 1561 sciscitor,
280 1517 451 1551 sciscitari
476 1519 580 1552 soleo.

82 1606 103 1619 Η
122 1561 203 1598 554.
239 1563 318 1605 τοὶ,
353 1565 484 1598 ταῦτα.
514 1584 560 1589 —-
594 1564 695 1598 Sch.:
742 1563 884 1607 ἅσσα,

75 1622 200 1644 ατινα.

121 1656 203 1690 555.
223 1656 391 1695 αἰνῶς.
416 1656 565 1697 δεινῶς,
603 1658 777 1700 χαλεπῶς.
802 1657 883 1690 Sch.

75 1701 247 1745 σφόδρα,
292 1701 415 1743 πάνυ,
448 1700 571 1745 μάλα,
604 1704 801 1735 admodum.
834 1702 883 1736 sic

72 1749 178 1782 etiam
204 1748 400 1782 Herodotus
425 1754 460 1782 et
486 1749 554 1782 alii.
574 1750 631 1789 W,
658 1749 702 1783 U.
724 1769 767 1773 —
794 1749 885 1783 δεί-

73 1794 230 1830 δοικα.
256 1795 419 1835 δέδοικα,
440 1792 679 1840 εὐλαβοῦμαι.
701 1795 782 1828 8011.
804 1807 884 1839 per-

71 1842 221 1883 fectum,
265 1842 365 1885 quale
403 1846 456 1873 est
500 1841 696 1874 Latinorum
733 1843 882 1883 memini,

71 1887 164 1932 quod
190 1888 329 1931 proprie
353 1886 527 1930 significat
552 1888 587 1920 in
608 1889 805 1920 memoriam
826 1900 881 1921 re-

71 1935 213 1973 vocavi,
251 1934 282 1966 h.
309 1946 338 1968 e.
363 1935 532 1967 recordor.
560 1945 592 1966 v.
616 1934 674 1974 W,
698 1935 813 1968 Matth
846 1937 879 1976 §-

70 1980 161 2021 505,
186 1979 360 2022 Aristoph.
395 1979 535 2013 Thesm.
569 1981 659 2021 755,
690 1981 783 2013 Mb
812 1981 878 2013 291

71 2031 136 2059 etc.
164 2045 209 2050 --
240 2027 468 2070 παρείπη.
494 2026 620 2070 πείσῃ
657 2028 878 2082 παραπείσῃ.

71 2072 232 2105 sinistrae
268 2083 373 2116 saepe
404 2071 456 2104 siu
436 2071 665 2114 gnificationis
700 2080 752 2105 est
776 2071 878 2112 napo}

70 2118 285 2163 praepositio
311 2100 469 2151 verbalis
499 2119 655 2161 cf.132.,
686 2117 880 2163 01])55.ξ,

71 2166 151 2204 290,
181 2166 225 2201 Κ
255 2165 307 2196 W.

115 2212 182 2245 558
220 2210 299 2243 libri
325 2206 405 2250 ὀΐ,ω
429 2213 558 2242 temere
581 2215 740 2253 asperato
758 2214 878 2245 metro

70 2254 128 2291 ἔτ.
155 2254 272 2300 naq-5¹3
257 2270 301 2295 53.
331 2254 528 2299 (αληθῶς.)
554 2256 631 2290 8111.

116 2304 194 2338 559.
225 2305 328 2336 πολ.
356 2301 516 2340 πολλονς
553 2299 711 2344 Ἀχαιῶν.
748 2301 875 2335 frustra

69 2348 266 2382 zenodotus
302 2360 356 2392 ap.
392 2349 508 2382 Sclnol.
543 2348 637 2393 Lips.
672 2351 806 2387 πολεῖς.
841 2359 874 2382 ν,

67 2393 194 2429 Matth.
219 2397 251 2436 §-
280 2395 354 2429 123.

113 2442 192 2476 561.
220 2444 343 2482 ὸαιμ.
370 2438 565 2483 δαιμόνιος
589 2439 730 2484 proprie
754 2439 783 2472 is
809 2443 874 2479 est,

66 2494 164 2529 quem
196 2488 337 2520 daemon
374 2487 497 2530 aliquis
531 2498 667 2519 movere
701 2490 803 2529 atque
828 2485 875 2518 in-

65 2532 198 2576 stigare
222 2533 380 2574 videtur,
416 2544 477 2565 seu
502 2533 632 2572 bonus,
669 2543 728 2564 seu
755 2532 873 2564 malus.

65 2587 119 2611 est
156 2585 191 2611 et
223 2578 366 2611 medium
402 2578 585 2622 quiddam,
618 2577 707 2622 quod
744 2577 873 2610 ironiae

64 2634 178 2656 ansam
213 2624 296 2657 dare
329 2625 416 2657 solet
442 2636 495 2668 ap.
533 2624 688 2663 Atticos,
715 2635 789 2656 cum
813 2635 872 2656 ne-

63 2669 198 2708 scimus,
225 2674 335 2702 utrum
360 2671 483 2703 bonum
503 2681 545 2703 au
563 2670 680 2702 malum
699 2669 755 2709 sit,
782 2669 873 2712 quod

64 2715 141 2759 quis
165 2715 252 2748 dixit
283 2722 344 2748 aut
378 2716 480 2756 fecit,
515 2727 625 2759 neque
658 2715 693 2747 id
717 2715 786 2748 tale
810 2727 871 2748 no-

64 2760 117 2794 bis
143 2772 219 2794 esse
244 2760 401 2801 videtur,
427 2761 518 2806 quod
545 2762 586 2794 ab
612 2760 756 2797 homine,
785 2772 869 2804 qua-

63 2807 113 2841 les
145 2807 247 2851 vulgo
281 2814 363 2840 sunt
395 2808 569 2847 homines,
605 2807 869 2851 proficiscatur3

63 2853 163 2896 quale
195 2853 322 2886 dictum
365 2853 418 2885 vel
451 2854 577 2887 factum
609 2852 869 2886 considerantes

63 2898 165 2932 etiam
192 2898 265 2941 ejus
290 2903 462 2932 auctorem
478 2909 636 2932 vocamus
662 2897 869 2941 δαιμόνιον,

63 2944 153 2987 quod
177 2944 344 2977 Germani
377 2944 493 2978 dicere
525 2945 637 2977 solent
660 2945 868 2978 wumierlich

63 2991 119 3023 vel
144 2991 349 3033 sonderbnr,
376 2990 475 3034 Angli
496 2990 694 3024 whimsical.
712 2990 767 3025 hic
791 2989 868 3035 qui-

937 1240 1013 1274 dem
1037 1251 1104 1274 vox
1130 1241 1306 1286 δαιμονίη
1332 1241 1504 1286 significat
1527 1251 1620 1282 eam,
1656 1251 1746 1286 quae

936 1286 1102 1330 instigata
1120 1299 1195 1321 esse
1219 1287 1360 1321 videtur
1376 1299 1396 1320 a
1415 1288 1500 1321 malo
1525 1286 1638 1331 genio,
1663 1297 1744 1330 ger-

936 1333 1065 1365 manice
1091 1334 1166 1366 eine
1190 1335 1395 1374 Bcsessene,
1422 1345 1477 1367 em
1505 1333 1743 1387 'Icuselsweib-
1779 1355 1783 1358 -

936 1378 1291 1423 8011Λδαιμ.νῦν
1324 1377 1418 1423 κακὴ
1440 1378 1593 1423 κεφαλή.
1616 1374 1676 1413 ὁτὲ
1702 1376 1743 1413 δὲ

935 1422 1143 1482 ενδαίμων,
1179 1427 1356 1468 μακαρία.
1390 1425 1498 1459 idem:
1531 1424 1632 1460 αἰει
1656 1422 1742 1468 μὲν

933 1468 1077 1504 ὀῖΚεαι
1101 1472 1305 1526 διαπαντὸς
1339 1471 1406 1515 μέν
1429 1484 1474 1515 με
1499 1469 1684 1511 υπονοεῖς.
1695 1488 1740 1497 —-

932 1517 997 1548 WV:
1023 1518 1068 1549 du
1093 1518 1170 1551 hast
1194 1520 1314 1552 immer
1329 1525 1436 1551 etwas
1460 1531 1503 1551 zu
1525 1518 1739 1559 vermuthen,

931 1563 1051 1606 spielst
1074 1563 1196 1597 immor
1220 1567 1288 1608 auf
1308 1570 1413 1598 etwas
1432 1575 1490 1596 απ.

978 1608 1056 1663 562.
1080 1611 1281 1666 πρῆξαι,
1309 1622 1340 1667 p.
1366 1611 1521 1666 πρᾶξαι,
1541 1608 1670 1643 Ionice.
1692 1627 1738 1633 —

931 1651 1021 1688 οἷπὸ
1052 1674 1095 1679 —-
1122 1656 1266 1691 ε’σεαι
1307 1652 1389 1690 ἄλλ’
1426 1654 1643 1697 αποθύμιός
1673 1667 1737 1698 μοι

931 1700 1040 1734 πλέον
1072 1715 1132 1737 και
1166 1700 1282 1746 ἐχθροὶ
1321 1699 1464 1758 γενήσῃ.
1497 1702 1614 1735 801101.
1654 1712 1737 1734 con-

932 1747 1039 1779 trario
1065 1760 1165 1782 sensu
1191 1749 1316 1782 dicitur
1339 1749 1434 1782 κατὰ
1459 1749 1585 1790 θνμόν
1610 1752 1645 1781 et
1668 1759 1737 1780 κα·-

930 1792 1144 1836 ταθυμιοςε
1180 1807 1213 1828 v.
1250 1806 1353 1839 supra
1378 1795 1463 1830 136.
1491 1796 1543 1836 κ’,
1575 1794 1667 1835 383,
1693 1790 1733 1836 ξι

928 1840 1008 1881 261,
1037 1839 1079 1883 ρ’,
1105 1843 1186 1882 201,
1213 1841 1341 1884 odyss.
1365 1839 1407 1885 χ’,
1432 1842 1512 1875 399.

974 1887 1054 1921 563.
1081 1885 1371 1921 τὸ-ἕσται,
1399 1887 1443 1920 cf.
1470 1887 1551 1921 325.

972 1933 1050 1968 564.
1076 1932 1184 1975 ἐμοι
1207 1951 1251 1956 -
1276 1931 1421 1967 εἶναι.
1450 1931 1595 1976 ἠθικῶς
1619 1927 1733 1971 εἶπεν,

929 1974 1030 2018 οἷον,
1056 1977 1148 2022 ἐμοι,
1175 1992 1222 2018 ως
1249 1977 1362 2021 ἔοικε,
1390 1979 1500 2022 φίλον
1524 1979 1640 2014 ἐστίν·
1667 1989 1735 2010 αν-

926 2036 960 2056 τι
986 2026 1076 2067 τοῦ,
1114 2024 1212 2060 οὕτω
1237 2037 1302 2068 μοι
1327 2025 1490 2068 α’ρέσκει,
1516 2022 1638 2063 οὕτως
1661 2022 1731 2067 5263

926 2069 1040 2104 θέλω.
1078 2072 1117 2104 E.
1166 2072 1244 2104 &Va
1277 2083 1312 2104 es
1344 2073 1432 2105 vird
1464 2073 1554 2104 wohl
1577 2082 1614 2103 so
1645 2071 1732 2112 sein,

926 2116 1001 2149 fiir:
1036 2129 1070 2150 es
1103 2119 1229 2149 λοηιητε
1259 2129 1296 2150 so
1330 2119 1467 2153 hernus.
1503 2116 1732 2151 Telemachus

927 2162 1057 2217 Οά)55;
1084 2161 1129 2205 α’,
1155 2164 1255 2217 12321
1279 2161 1403 2204 μέλλεν
1426 2163 1493 2205 μέν
1514 2174 1606 2197 ποτε
1629 2160 1732 2202 οἶκος

925 2204 986 2241 0'5'
1006 2206 1189 2265 οἷφνειός
1235 2210 1294 2243 καὶ
1343 2208 1498 2252 ἀμύμων
1535 2207 1730 2255 ’Έμμενοιι,

922 2251 1015 2297 ὄφρ’
1051 2253 1100 2290 ἔτι
1133 2259 1252 2293 κεῖνος
1286 2253 1380 2300 ανὴρ
1422 2253 1616 2300 ἐπιδήμιος
1653 2255 1729 2299 ἦεν,

922 2301 980 2333 ubi
1005 2300 1120 2334 itidem
1142 2313 1184 2345 με
1176 2302 1281 2335 λλειν
1298 2302 1408 2335 simile
1425 2308 1480 2336 est
1501 2301 1606 2335 verbo
1630 2300 1728 2335 auxi-

920 2346 1008 2380 liari.
1036 2348 1079 2380 cf.
1104 2348 1210 2380 Schn.
1234 2358 1268 2382 v,
1293 2348 1426 2392 μέλλω,
1452 2348 1486 2383 4.

966 2394 1045 2427 566.
1073 2394 1116 2426 cf.
1144 2395 1201 2428 28

966 2439 1045 2473 567.
1079 2436 1222 2474 ἰόνθ’.
1259 2439 1289 2472 ln.
1327 2452 1357 2473 e.
1392 2438 1492 2475 ἰόντε
1526 2451 1560 2484 p.
1596 2436 1725 2480 ἰόντες,

921 2483 1013 2517 duali
1039 2490 1202 2538 usurpatp
1228 2484 1482 2546 significatione
1507 2486 1662 2530 pluralis,
1687 2490 1726 2518 ut

920 2541 1024 2574 saepe
1041 2530 1136 2565 alias.
1162 2529 1272 2572 sico'‚
1294 2531 1389 2567 mlh:
1413 2532 1552 2588 νήπιοι,
1575 2531 1613 2567 οἳ
1635 2530 1725 2576 Ζηνὶ

918 2579 1158 2632 μενεαίνομεν
1187 2589 1325 2620 αφρονε
1323 2577 1452 2619 ὀντες,
1485 2574 1541 2612 Η
1579 2577 1632 2613 ἔτι
1661 2590 1724 2620 μιν

910 2621 1081 2681 μέμαμεν
1123 2624 1403 2678 καταπαυσέμεν
1446 2618 1560 2658 ἆσσον
1601 2622 1724 2663 ἰόντες

910 2666 970 2703 ἭΗ
1000 2668 1078 2703 ἐπει
1114 2668 1155 2712 ηὲ
1188 2671 1260 2714 βίῃ.
1307 2669 1357 2702 ita
1390 2670 1585 2703 Buttmann.
1610 2670 1720 2703 Lexil.

919 2715 945 2749 I.
980 2727 1012 2760 p.
1036 2717 1069 2750 3.
1108 2716 1293 2749 secundum
1326 2715 1535 2749 Zenodotum
1569 2715 1722 2760 aliosque

916 2760 1168 2805 grammaticos.
1203 2762 1334 2794 frustra
1357 2766 1542 2804 argutatur
1565 2762 1620 2802 H,
1657 2772 1721 2795 nec

916 2807 1001 2840 nolit
1026 2807 1136 2851 accipi
1155 2804 1196 2841 τὸ
1204 2804 1324 2864 ,ἰόνθ’
1350 2818 1382 2851 p.
1403 2805 1521 2849 ἰόντα,
1547 2813 1587 2841 ut
1603 2787 1720 2841 gebul.

915 2853 1033 2907 Lips.:
1059 2853 1165 2888 ἰόντα
1191 2851 1274 2887 ἀντὶ
1297 2854 1367 2886 τοῦ
1391 2852 1526 2893 ἰόντος.
1551 2853 1597 2887 cf.
1616 2853 1719 2887 etiam

914 2897 957 2955 ζ’,
985 2899 1064 2954 143,
1091 2896 1133 2942 ξ’,
1157 2895 1304 2953 Ξ47,χ,
1329 2900 1385 2934 92.
1411 2916 1456 2925 -·
1481 2911 1719 2939 ααπτονς.

915 2958 967 2979 ων
994 2942 1063 2980 οὐκ
1087 2944 1134 2980 a'v
1161 2957 1212 2984 τις
1236 2941 1399 2989 ἅψαιτο,
1437 2956 1526 2990 quae
1549 2945 1732 2996 expositio

915 2995 969 3025 est
985 2990 1074 3026 inter
1090 2990 1275 3037 Apollonii,
1296 2992 1330 3025 h
1351 3002 1382 3025 e.
1399 2990 1558 3027 invictas.
1579 2991 1624 3027 cf.
1634 2991 1732 3025 Sch.
1737 2996 1757 3003 “

1788 2979 1795 3146 1

1787 3165 1793 3269 1
