1811 3269
605 157 1031 200 ΙΛΙΛΔΟΣ
1084 159 1134 199 Ζ.

1621 157 1708 198 309

297 274 475 326 ,,Τρῶες
504 267 779 325 υπέρθυμοι,
808 267 1070 337 τηλεκλειτοί
1098 264 1141 309 τ’
1171 265 1423 318 ἐπίκουροι,’

217 329 367 382 ἀνέρες
396 328 507 376 ἔστε,
547 328 694 381 φίλοι,
726 325 953 395 μνήσασθε
983 323 1028 366 δὲ
1058 321 1273 376 θούριδος
1303 320 1454 379 ἀλκῆς,

216 383 325 460 ὄφρ’
358 383 414 426 ἀν
444 384 526 438 ἐγώ
557 385 660 438 βείω
689 384 816 438 προτὶ
834 381 994 431 Ἴλιον,
1026 378 1103 433 ηδὲ
1132 380 1339 435 γέρουσιν

215 444 320 486 ε’ίπω
352 443 614 509 βουλευτῇσι
639 440 712 484 καὶ
742 439 948 510 ἡμετέρῃς
977 435 1188 490 ἀλόχοισι,

104 502 184 545 115
214 499 420 549 δαίμοσιν
450 494 723 566 ἀρήσασθαι,
753 495 1025 550 υποσχέσθαι
1054 491 1096 535 δ’
1128 491 1417 564 ἑκατόμβας.“

278 553 362 604 Ὣς
393 551 479 608 ἀρα
510 553 720 609 φωνήσας
751 552 889 624 ἀπέβη
919 550 1217 619 κορυθαίολος
1235 548 1428 602 ‘'Exn-³9·

213 609 328 681 ἀμφὶ
358 609 405 653 δέ
420 627 510 680 μιν
540 610 690 664 σφυρά
721 609 851 652 τύπτε
881 609 956 652 καὶ
987 604 1149 661 αὐχένα
1180 606 1317 660 δέρμα
1346 601 1558 649 καλαινὸν

213 666 370 720 ἄντυξ,
400 665 429 723 ἣ
455 667 631 723 πυμάτη
661 667 764 710 θέεν
796 665 979 715 ἀσπίδος
1010 662 1328 718 ὀμφαλοέσσης.

262 759 303 781 eo
338 746 374 779 in
407 747 538 791 proelio
569 746 752 781 Diomedes
783 750 887 790 atque
913 745 1086 783 Glaucus,
1121 742 1190 776 dux
1214 741 1424 785 Lyciorum,
1457 740 1501 774 ad
1534 741 1709 773 certamen

181 792 381 837 progressi,
409 793 605 837 priusquam
631 804 746 826 manus
771 796 974 832 conserant,
999 795 1141 834 paterna
1167 788 1259 822 inter
1282 798 1319 820 se
1344 787 1497 833 hospitia
1521 785 1709 827 recordati,

179 840 273 874 facta
297 850 464 872 armorum
490 839 759 883 permutatione,
784 838 925 871 dextras
945 838 1105 880 jungunt.

289 909 488 957 Γλαῦκος
518 905 559 948 δ’
587 904 863 961 Ἱππολόχοιο
893 904 1016 955 πάϊς,
1047 903 1121 946 καὶ
1156 899 1323 951 Τυδέος
1355 898 1455 951 υἷός

101 969 183 1009 120
213 961 257 1013 ἐς
287 963 422 1018 μεσον
453 962 718 1017 ἀμφοτέρων
743 964 922 1034 ξυνίτην
936 964 1151 1034 μεμαῶτε
1182 957 1409 1013 μάχεσθαι

213 1021 256 1062 οἱ
286 1019 324 1063 δ’
361 1020 432 1063 ὅτε
464 1019 517 1075 δή
549 1019 702 1074 σχεδὸν
730 1024 844 1075 ἦσαν
875 1018 947 1061 ἐπ’
977 1017 1233 1086 ἀλλήλοισιν
1262 1014 1417 1064 ἰόντες,

211 1075 291 1119 τόν
321 1077 532 1130 πρότερος
562 1077 791 1128 προσέειπε
822 1076 934 1132 βοὴν
965 1073 1136 1130 ἀγαθός
1165 1069 1420 1143 Διομήδης·

294 1135 401 1185 ,,Τίς
430 1133 475 1176 δὲ
506 1133 561 1176 σύ
591 1133 704 1185 ἐσσι,
738 1134 935 1188 φέριστε,
965 1132 1255 1185 καταθνητῶν
1286 1123 1565 1180 ἀνθρώπων,

213 1188 268 1232 οὐ
298 1190 377 1245 μὲν
405 1190 502 1260 γάρ
520 1188 621 1233 ποτ’
654 1189 811 1234 ὄπωπα
842 1189 957 1245 μάχη
988 1189 1053 1232 ε’νι
1084 1186 1341 1241 κυδιανείρῃ

102 1250 181 1292 125

211 1249 389 1301 τοπρίν·
425 1246 535 1300 ἀτάρ
567 1247 646 1317 μὲν
675 1251 760 1290 νῦν
788 1263 837 1302 γε
866 1245 980 1289 πολύ
1011 1243 1290 1315 προβέβηκας
1319 1239 1529 1283 ἁπάντων

213 1307 277 1359 σῷ
306 1303 485 1357 θάρσει,
517 1302 586 1347 ὅτ’
617 1303 724 1359 ἐμόν
754 1302 1033 1375 δολιχόσκιον
1063 1301 1189 1369 ἔγχος
1219 1298 1401 1353 ἔμεινας.

212 1360 440 1416 δυστήνων
469 1361 514 1403 δέ
544 1377 588 1403 τε
617 1363 769 1411 παῖδες
799 1360 896 1431 έμῷ
917 1360 1034 1430 μένει
1065 1355 1314 1401 ἀντιόωσιν

211 1419 249 1460 εἰ
286 1418 331 1461 δέ
361 1434 424 1468 τις
453 1416 693 1460 ἀθανάτων
721 1433 767 1472 γε
798 1415 896 1460 κατ’
930 1415 1130 1471 οὐρανοῦ
1161 1411 1439 1468 εἰλήλουθας,

212 1473 295 1517 οὐκ
324 1474 381 1517 ἀν
396 1475 542 1544 ἔγωγε
572 1480 743 1517 θεοῖσιν
774 1474 1077 1526 ἐπουρανίοισι
1108 1471 1339 1527 μαχοίμην.

102 1536 182 1575 130
216 1530 320 1574 οὐδε
349 1530 434 1587 γάρ
467 1530 573 1574 ου’δὲ
603 1529 838 1586 Δρύαντος
866 1530 984 1582 υίὸς,
1015 1528 1227 1584 κρατερός
1256 1523 1531 1578 Λυκόοργος,

41 1678 50 1687 .
90 1635 298 1669 111-113.
347 1635 668 1678 τηλεκλειτοί.
712 1632 748 1674 ε’,
772 1634 852 1669 491

40 1679 186 1713 lnferius
213 1692 348 1725 quoque
370 1683 449 1715 227.
475 1681 553 1715 libri
573 1681 742 1714 nonnulli·
768 1683 853 1724 κλη-

41 1727 120 1766 τοὶ,
143 1726 204 1760 sed
230 1727 361 1782 plurimi
389 1734 484 1760 recte
508 1729 653 1762 κλειτοί.
681 1747 722 1751 -
750 1725 851 1761 ἀνέ-

43 1785 115 1816 ρες
139 1772 253 1808 έ’σ.τε
287 1771 324 1814 ε’,
344 1775 423 1809 529.
443 1793 488 1798 ——
512 1775 606 1807 Sch.
632 1775 757 1830 βείω.
784 1775 850 1818 βοΐ,

41 1817 135 1854 κατὰ
162 1820 340 1864 διαίρεσιν
365 1819 406 1865 βέ
409 1833 459 1860 ω,
487 1820 550 1855 καὶ
572 1819 667 1854 κατὰ
692 1824 850 1854 πλεονα-

43 1863 136 1907 σμὸν
158 1866 227 1900 τοῦ
253 1880 266 1900 ι
289 1867 396 1911 βείω,
433 1865 453 1901 ὅ
480 1866 554 1901 ἔστι
585 1868 773 1909 πορευθῶ.
806 1885 850 1890 -

42 1910 66 1956 ’ἠ
79 1910 121 1946 6
111 1924 126 1945 ε
142 1931 185 1937 —
199 1913 251 1957 βο
263 1915 327 1946 υλ.
360 1918 535 1946 senatores
560 1915 692 1946 Hector
710 1925 746 1946 c(
751 1925 854 1945 mme-

43 1964 173 1999 morat,
209 1970 349 2003 quorum
382 1958 556 2003 ipsiusque
582 1959 673 2002 regis
698 1959 854 1992 auctori—

42 2008 115 2038 tate
140 2015 225 2047 opus
249 2009 345 2046 erat,
378 2009 417 2037 ut
450 2017 605 2049 pompam
631 2006 758 2038 ducere
782 2016 855 2037 mu-

42 2049 183 2129 nerii-'Ius
222 2050 354 2084 liceret.
419 2052 464 2084 cf.
499 2053 545 2087 86
575 2063 672 2096 seqq.
710 2057 854 2084 annota-

42 2095 94 2130 vit

89 2143 165 2177 117.
212 2140 401 2186 descriptio
438 2140 596 2183 ἀσπίδος
620 2140 854 2189 ἀμφιβρότης

43 2184 105 2234 (β’,
129 2188 229 2231 389.)
256 2188 287 2222 h.
313 2200 343 2220 e.
368 2188 505 2234 clypei,
540 2189 600 2233 qui
630 2194 740 2223 totum
773 2200 852 2222 cor-

43 2245 105 2280 pus
131 2246 151 2268 a
174 2234 310 2268 cervice
329 2234 371 2267 ad
392 2235 481 2268 talos
498 2236 651 2279 tegebat.
676 2255 721 2260 —
747 2235 852 2277 δέρ-

43 2293 104 2325 μα
128 2282 211 2314 κελ.
244 2281 276 2313 h.
297 2292 326 2314 e.
350 2280 501 2325 δέρματι
523 2282 677 2325 κελαινῷ
701 2282 852 2325 (Matth

43 2329 77 2369 §.
103 2327 221 2370 4233,
248 2327 338 2360 corio
365 2334 462 2370 atro,
501 2340 567 2372 quo
592 2328 752 2361 inductus
777 2334 853 2361 erat

42 2384 160 2417 margo
187 2372 319 2417 clypei3
343 2374 481 2415 bubulo,
507 2380 545 2408 ut
569 2375 700 2418 opinor,
719 2380 755 2408 et
775 2374 853 2418 qui-

43 2419 119 2452 dem
143 2419 241 2452 bovis
265 2418 353 2461 feri,
379 2420 471 2465 quod
496 2432 537 2454 ex
563 2422 677 2454 colore
699 2421 852 2464 colligas.

43 2476 120 2500 nam
145 2465 277 2498 cicures
300 2466 408 2500 boves
440 2471 626 2511 taurosque
656 2466 771 2500 colore
796 2478 854 2499 ru-

43 2512 108 2545 beo
136 2511 191 2544 vel
215 2511 311 2546 fusco
347 2513 470 2557 probat
497 2513 601 2556 Mago
629 2512 853 2555 Carthagini-

44 2557 136 2591 ensis
162 2569 217 2602 ap.
246 2557 376 2592 Colum.
403 2559 445 2592 de
471 2560 511 2592 R.
535 2560 575 2594 R.
601 2561 634 2597 6,
662 2563 714 2598 1.,
704 2571 714 2579 ·
740 2559 782 2591 de
801 2558 854 2591 fe-

44 2603 92 2637 ris
117 2610 228 2637 autem
253 2604 395 2640 Aristot,
421 2606 466 2638 H.
488 2609 527 2638 A.
554 2607 600 2645 2,
626 2606 667 2645 2,
693 2605 744 2638 4:
772 2605 853 2638 δια-

46 2648 228 2707 φέρουσιν
245 2650 280 2685 οὶ
306 2648 427 2695 ἄγριοι
451 2653 524 2685 τῶν
548 2648 716 2694 ἡμέρων,
748 2647 853 2685 ὅσον·

45 2706 113 2738 περ
138 2695 174 2730 οἱ
205 2691 267 2736 ὗες
300 2698 335 2732 οὶ
364 2696 486 2743 ἄγριοι
515 2697 608 2740 πρὸς
639 2709 729 2734 τους
765 2695 853 2741 ἡμέ-

47 2752 155 2784 ρους·
181 2741 377 2784 μέλανές
402 2757 438 2779 τε
462 2743 532 2788 γάρ
560 2746 640 2784 εἰσι,
667 2742 726 2776 καὶ
754 2745 854 2786 ἰσχι-

47 2785 107 2830 ροὶ
126 2788 174 2832 τῷ
196 2787 304 2831 εἴδει,
329 2791 391 2825 καὶ
415 2792 632 2846 ἐπίγρυποι,
659 2788 704 2823 τὰ
725 2789 764 2824 δε
791 2789 852 2824 κε’-

46 2846 141 2878 ρατα
160 2831 452 2877 εξυπτιαζοντα
443 2849 564 2882 ’χουσι
583 2838 735 2879 μᾶλλον.
767 2846 854 2881 quos

47 2881 153 2914 boves
178 2880 213 2912 in
237 2882 421 2918 Arachosia
446 2884 541 2917 nasci
567 2883 674 2923 dicit,
706 2882 766 2915 sed
801 2887 854 2915 et-

46 2925 111 2959 iam
148 2937 202 2970 ap.
234 2926 381 2970 Scythas
414 2935 449 2963 et
477 2931 670 2963 Germanos
705 2928 855 2982 insignia

44 2972 169 3063 ἓουὶηὸ
169 2972 317 3006 ferorum
337 2986 464 3019 genera
481 2974 756 3010 commemoravit
769 2975 856 3010 Plin,

948 1636 1026 1669 118.
1076 1630 1241 1674 ἄντυξ.
1275 1630 1343 1664 νῦν
1365 1624 1385 1673 ἦ
1408 1621 1626 1669 περιφέρεια
1644 1623 1710 1666 τῆς

899 1676 1067 1719 ἀσπιδος.
1115 1691 1222 1721 πυμ.
1249 1675 1394 1756 ἐσχάτη.
1434 1672 1557 1707 θέεν.
1589 1669 1710 1714 περιέ-

898 1740 1009 1770 τρεχε.
1037 1726 1117 1759 Sch.
1159 1723 1267 1768 ὀμφ.
1339 1720 1453 1762 4,48.

948 1771 1160 1808 119-124.
1210 1771 1253 1803 de
1280 1770 1412 1802 Glauco
1437 1777 1466 1798 ν
1494 1764 1539 1808 β,
1565 1764 1642 1797 876.
1663 1779 1710 1787 --

899 1819 989 1853 haud
1016 1819 1131 1862 inepte
1158 1818 1324 1851 Freretus
1355 1813 1487 1857 (Μόνη.
1513 1811 1555 1843 de
1573 1810 1595 1842 l'
1602 1808 1710 1842 Acad.

900 1867 958 1899 des
981 1867 1083 1898 Inscr.
1112 1866 1143 1898 8.
1170 1863 1303 1908 p.83)
1329 1866 1364 1894 et
1389 1858 1586 1901 ssssttigerus
1614 1856 1709 1895 (Va-

898 1923 1040 1955 sengem
1075 1914 1105 1946 1.
1133 1922 1165 1954 p.
1170 1875 1294 1951 p106.)
1321 1905 1558 1950 suspicantur,
1584 1900 1710 1935 Glauci

899 1957 1051 2003 posteris
1074 1955 1306 1999 gratificatum
1333 1954 1418 1986 haec
1440 1949 1624 1983 inseruisse
1647 1959 1711 1980 va-

900 2009 967 2037 tem
1001 2002 1164 2040 carmini,
1199 2011 1285 2044 quos
1325 1999 1442 2031 Ionum
1484 1996 1574 2028 inter
1607 2004 1711 2037 reges

900 2049 1007 2082 fuisse
1031 2048 1177 2081 tradidit
1202 2045 1331 2080 Herod.
1360 2040 1710 2095 1,147.ann.Ruh-

899 2096 994 2152 kopf.
1022 2114 1063 2118 -—
1098 2095 1170 2133 τις
1195 2091 1253 2127 δε
1289 2092 1321 2124 h.
1344 2103 1375 2124 e.
1401 2090 1457 2127 τίς
1479 2087 1538 2131 δή.
1569 2083 1612 2130 γ’
1631 2087 1708 2120 52:

899 2139 969 2177 οὐκ
1003 2154 1049 2176 αν
1081 2139 1128 2185 δὴ
1164 2140 1326 2184 μείνειας
1360 2132 1563 2180 ἀρηΐφιλον
1587 2130 1712 2166 Μενέ-

897 2191 1011 2229 λαον,
1034 2191 1101 2221 etc.
1125 2206 1165 2211 -
1183 2187 1280 2241 A.p:
1306 2183 1515 2235 φέριστε.
1539 2177 1711 2225 βέλτιστε,

897 2233 1118 2277 ὑπερφέρων
1141 2230 1293 2271 πάντας.
1332 2227 1519 2275 appellatio
1546 2225 1710 2260 honorifi-

899 2294 959 2322 ca,
985 2287 1024 2314 ut
1048 2282 1147 2320 δῖος,
1174 2275 1352 2322 ἀμύμων,
1380 2276 1553 2320 ἱᾛφθιμος
1600 2273 1645 2305 cf.
1672 2284 1709 2305 ι.

901 2331 989 2368 110,
1015 2327 1059 2369 ο’,
1083 2326 1172 2368 247,
1198 2323 1250 2367 ω’,
1276 2325 1344 2359 387
1370 2327 1437 2356 etc.
1465 2341 1507 2346 —
1533 2320 1634 2354 κυδ
1661 2316 1708 2357 α’,

948 2419 1161 2454 195—128.
1208 2416 1344 2460 προβ.
1386 2410 1601 2457 ἀριστευεις,
1619 2423 1712 2456 προ-

897 2464 1052 2504 κόπτεις.
1072 2464 1221 2510 Hesych.
1249 2462 1378 2496 cunctis
1398 2458 1629 2494 antecelluisti
1645 2469 1712 2490 au·

900 2513 1003 2546 dacia
1022 2517 1107 2554 tua,
1135 2522 1210 2544 cum
1232 2521 1343 2542 meam
1365 2509 1523 2540 lanceam
1542 2504 1711 2538 mansisti.

900 2579 943 2584 —
982 2555 1085 2592 κατ’
1113 2570 1145 2591 o
1170 2557 1251 2591 εἰλ.
1296 2557 1441 2597 κατειλη
1434 2552 1589 2590 ’λουθας
1617 2563 1711 2592 ουρ.,

900 2605 992 2638 coelo
1030 2603 1245 2637 descendisti.
1293 2602 1406 2654 Soph.
1430 2599 1516 2633 Phil.
1541 2597 1643 2633 584*
1678 2596 1714 2630 εἰ

899 2650 949 2694 μή
978 2650 1088 2684 τόνδε
1115 2670 1156 2674 ——
1175 2648 1339 2693 ’Ἀγοιντο
1361 2645 1478 2690 νήσου
1500 2646 1620 2686 τῆσδε
1665 2643 1711 2675 cf.

899 2698 1027 2731 Matth.
1054 2699 1087 2739 §-
1113 2697 1204 2736 331,
1231 2707 1261 2728 c.
1282 2698 1349 2727 etc.
1384 2694 1452 2736 jam
1480 2703 1548 2724 non
1576 2689 1711 2722 discer-

899 2743 950 2777 nit
986 2742 1096 2776 Diom.
1132 2741 1285 2775 homines
1317 2751 1337 2772 a
1362 2739 1446 2772 diis:
1481 2748 1591 2781 neque
1624 2734 1710 2767 enim

900 2791 935 2822 in
959 2795 1161 2833 perpetuum
1197 2787 1229 2820 ei
1254 2787 1371 2818 datum
1398 2788 1472 2818 erat
1496 2795 1516 2816 a
1541 2782 1710 2821 Minerva,

898 2835 933 2868 id
956 2841 996 2869 ut
1011 2839 1129 2880 posset
1153 2832 1213 2876 (ε’,
1233 2834 1309 2866 127.
1329 2833 1460 2875 sequ.,)
1485 2829 1546 2862 sed
1568 2828 1604 2860 in
1625 2830 1710 2858 tem-

901 2892 964 2927 pus
986 2879 1217 2914 tantummodo
1236 2878 1328 2911 illius
1349 2888 1495 2922 pugnae,
1513 2873 1566 2907 cui
1583 2876 1618 2905 et
1633 2871 1711 2916 ipsa

902 2939 976 2961 cum
1003 2928 1158 2966 Junone,
1192 2929 1227 2958 et
1248 2925 1344 2957 Mars
1373 2923 1558 2965 Venusque
1576 2918 1711 2952 intere-

901 2976 991 3008 rant.
1024 2950 1267 3007 animadvertit
1290 2970 1336 3002 H.

952 3020 1030 3055 130.
1079 3017 1234 3063 Apollod.
1264 3016 1310 3056 3,
1352 3011 1399 3054 5,
1436 3014 1488 3048 1:
1535 3029 1578 3035 -
1614 3011 1709 3045 Av-
