1811 3269
72 136 100 173 6
708 133 1114 175 OMHPO‘I'

74 241 173 276 simul
207 252 264 275 res
303 240 489 276 intervallo
522 244 681 277 versibus
713 254 886 286 exponere

73 287 185 328 solet,
221 289 348 329 etiam,
386 288 463 322 dum
502 286 538 321 id
561 289 669 332 facit,
695 301 716 323 a
739 289 888 323 circum-

74 333 248 367 stantibus
293 334 368 368 sine
415 334 573 369 molestia
630 335 885 381 interpellatus

74 379 194 425 quidni
228 380 299 415 tale
331 379 495 426 quiddam
519 380 597 414 fieri
631 382 708 415 olim
733 382 888 427 potuerit

74 437 131 470 ap.
157 426 337 468 Graecos,
373 437 447 460 cum
479 427 626 460 nondum
661 439 723 462 usu
750 428 887 473 publico

75 477 219 517 recepta
251 479 345 506 esset
375 483 431 506 ars
455 473 649 514 scribendi,
688 486 789 520 quam
814 475 888 508 fere

74 515 222 563 μνήμης
254 518 476 561 ἀμελετησία
509 519 687 562 sequitur,
723 527 762 554 ut
787 521 886 555 Plato

76 564 257 599 annotavit
280 566 443 599 Phaedro
460 565 569 601 2742
604 566 678 608 sed,
703 572 741 600 ut
764 578 805 600 eo
830 579 887 601 re-

75 617 246 652 vocetur,
292 612 384 645 unde
422 612 490 645 huc
531 611 719 646 declinavit
750 613 886 656 oratio,

75 663 156 691 sunt
193 656 252 703 qui
291 657 520 701 contendant,
554 661 690 704 poetam
721 665 887 701 veterem,

75 704 172 746 cujus
203 703 250 736 sit
279 715 365 748 opus
399 703 504 745 Ilias,
540 716 685 749 prorsus
720 717 788 739 non
822 717 887 751 po-

75 750 183 783 tuisse
218 749 314 784 velut
358 761 396 783 se
430 750 542 794 ipsum
577 763 704 785 exuere
740 751 809 794 ita,
851 757 890 786 ut

75 800 157 841 post
184 801 405 840 componeret
437 797 651 842 Odysseam:
686 798 775 832 bello
809 810 890 832 cae-

76 841 248 886 dibusque
270 842 426 887 gaudere
448 843 561 885 illum,
599 845 688 878 hunc
713 856 798 889 pace
828 857 890 888 pa-

77 887 198 932 cisque
222 890 356 922 artibus
381 894 417 922 et
441 890 511 923 otio
539 890 736 924 domestico.
765 892 890 935 quibus

75 934 235 979 graviter
258 935 485 969 delirantibus
511 943 638 981 quanto
662 937 891 980 sapientiores

76 985 157 1014 sunt
180 980 242 1020 illi,
269 993 355 1025 quos
380 982 586 1026 despiciunt,
613 984 672 1028 qui
694 985 889 1025 Homerum,

77 1026 123 1061 ad
158 1032 338 1071 utrumque
363 1035 540 1073 paratum,
576 1041 631 1062 res
655 1030 812 1064 diversas
837 1031 890 1064 di-

78 1084 179 1106 verse
202 1079 356 1107 tractare
382 1076 525 1119 putant!
550 1081 602 1109 est
629 1077 692 1110 hoc
715 1077 803 1111 illud
827 1077 890 1111 mi-

77 1119 188 1152 rabile
222 1120 436 1154 Graecorum
472 1121 666 1165 ingenium,
700 1124 791 1168 quod
816 1124 890 1168 pel-

76 1164 224 1198 lucidum
250 1166 345 1199 dicas
380 1179 566 1212 veramque
599 1176 746 1203 naturae
777 1170 893 1204 multi-

77 1211 195 1245 formis
228 1211 419 1257 imaginem.
457 1215 548 1258 quod
573 1222 684 1249 autem
709 1224 892 1261 praeterea

79 1264 281 1302 opponunt,
319 1259 406 1293 alias
437 1271 513 1294 esse
538 1262 751 1305 quarundam
776 1274 891 1297 rerum

78 1302 114 1337 in
146 1303 277 1343 Iliade,
329 1305 415 1339 alias
454 1306 491 1339 in
533 1308 695 1352 Odyssea
729 1310 892 1350 rationeS,

81 1349 175 1383 velut
199 1350 234 1383 in
259 1350 317 1384 illa
341 1352 490 1393 Itidem,
516 1353 552 1386 in
578 1355 642 1388 hac
666 1355 891 1396 Mercurium,

81 1397 240 1439 perferre
276 1397 375 1440 jussa
417 1399 621 1444 nuntiosque
652 1400 810 1442 deorum3
857 1401 893 1433 in

81 1441 141 1476 illa
163 1441 311 1484 Charin,
340 1445 375 1477 in
399 1444 465 1478 hac
487 1445 597 1489 ipsam
614 1446 783 1481 Venerem
810 1447 894 1480 Vul-

81 1487 157 1522 cani
180 1500 321 1523 uxorem
354 1501 431 1524 esse
455 1491 520 1535 (ΙΙ.
548 1490 598 1532 σ’,
622 1494 716 1534 382,
743 1493 812 1528 Od.
839 1491 892 1534 θ’,

81 1535 199 1577 267.);
224 1535 429 1580 propriaque
447 1538 608 1571 nonnulla
630 1540 758 1573 habere
776 1539 893 1584 Odys-

81 1591 192 1623 sean),
224 1581 408 1616 tridentem
441 1584 620 1627 Neptuni,
655 1585 775 1619 Delum
800 1585 893 1618 insu-

83 1627 147 1660 lam
192 1628 342 1672 Apollini
387 1637 638 1673 consecratam,
685 1642 893 1676 progressus

81 1673 229 1715 artium,
265 1674 543 1719 incrementaque
585 1677 821 1720 agriculturae
858 1686 893 1711 et

81 1719 176 1753 vitae
210 1720 420 1755 domesticae
463 1722 527 1766 (P.
560 1723 693 1768 Knight
730 1725 892 1768 Prolegg.

81 1767 112 1811 §.
131 1765 188 1801 46.
220 1778 339 1811 seqq.‚
372 1768 468 1801 Guil.
503 1769 631 1803 Mulier
667 1771 768 1804 Hom.
809 1772 895 1804 Vor-

81 1813 196 1846 schulc
230 1825 266 1858 p.
288 1815 364 1849 190.
399 1815 538 1859 seqq.):
564 1822 645 1849 sunt
677 1817 764 1851 haec
798 1818 892 1850 refe-

81 1859 189 1893 renda
213 1859 337 1903 partim
373 1861 416 1894 ad
447 1862 745 1905 peregrinationes
770 1867 895 1908 poetae

82 1916 144 1950 per
168 1906 286 1939 Asiam
310 1906 473 1940 minorem
505 1908 750 1954 Graeciaeque
784 1911 895 1943 Euro-

83 1963 190 1996 paeae
221 1964 294 1985 cum
316 1951 468 1993 insulas,
503 1962 574 1988 tum
608 1956 719 1999 ipsum
744 1956 896 1990 fortasse

83 1998 314 2032 continentem
339 1999 438 2042 (vide
456 2000 568 2045 hymn.
594 2001 693 2035 Hom.
717 2003 754 2035 in
779 2003 893 2047 Apoll.

84 2045 161 2079 165.
187 2048 316 2089 seqq.),
351 2057 492 2089 quarum
515 2047 716 2092 regionum,
753 2049 814 2082 ubi
850 2048 895 2082 ad

83 2102 144 2124 eas
173 2091 310 2124 delatus
335 2099 446 2133 esset,
472 2105 596 2135 mores,
621 2094 792 2136 instituta,
818 2095 896 2139 opi-

83 2137 223 2177 niones,
264 2137 442 2182 ipsiusque
473 2139 612 2183 linguae
645 2141 893 2182 diversitatem,

84 2183 187 2217 facile
211 2185 437 2226 sequebatur3
463 2185 590 2229 partim
615 2187 790 2231 posterius
814 2193 893 2221 tan—

84 2236 154 2263 tum
183 2229 383 2273 significant
414 2237 548 2276 tempus
583 2233 789 2276 Odysseae,
815 2245 891 2266 cum

84 2275 174 2309 bella
193 2275 462 2318 deferbuissent,
485 2277 756 2323 civitatibusque
773 2279 892 2313 melius

84 2321 118 2354 in
132 2321 205 2355 dies
220 2323 418 2356 constitutis
439 2324 615 2368 antiquam
630 2325 825 2359 barbariem
837 2332 892 2358 at-

85 2378 152 2412 que
175 2368 351 2402 feritatem
375 2369 594 2414 deponebant
615 2371 768 2404 homines
793 2378 829 2405 et
856 2371 892 2404 in

87 2414 239 2447 cultioris
264 2415 359 2449 vitae
383 2416 567 2450 commodis
592 2417 868 2461 acquiescebant.

179 2459 229 2494 sic
264 2460 374 2505 igitur
405 2473 468 2495 nos
507 2463 695 2497 sentientes
731 2463 775 2497 de
807 2463 890 2497 totis

85 2505 162 2539 istis
185 2507 348 2550 operibus
377 2508 508 2541 alienos
531 2509 598 2542 illis
630 2520 762 2553 pannos
795 2521 895 2543 assu-

86 2559 142 2585 tos
189 2564 266 2585 esse
308 2553 442 2587 minime
485 2566 657 2599 negamus.
699 2567 789 2600 quae
839 2568 895 2589 res

83 2599 154 2642 jam
179 2598 257 2632 olim
283 2611 350 2632 non
379 2600 470 2644 sugit
493 2601 801 2635 Alexandrinorum
826 2602 895 2635 cri-

87 2644 235 2678 ticorum
266 2646 506 2689 sagacissimos
539 2647 798 2692 Aristophanem
824 2648 894 2692 By-

87 2690 258 2724 zantinum
282 2698 387 2736 atque
411 2692 646 2727 Aristarchum
661 2720 670 2735 ,
706 2694 899 2729 recentiore

88 2742 203 2770 autem
235 2737 396 2772 memoria
426 2737 604 2773 intellecta
636 2739 777 2784 primum
803 2746 856 2774 est
880 2752 900 2775 a

88 2782 313 2824 casaubono,
352 2784 510 2828 Rapino‚
544 2786 685 2827 sensio,
723 2787 900 2830 Dawesio,

88 2840 230 2873 quorum
262 2829 330 2863 duo
362 2830 573 2874 posteriores
617 2831 734 2865 Iliadis
775 2833 898 2867 librum

89 2875 242 2909 ultimum
277 2876 313 2909 in
348 2876 576 2921 suspicionem
609 2878 802 2920 adduxere,
828 2879 899 2912 Ca-

90 2923 264 2955 saubonus
321 2933 405 2957 vero
458 2927 493 2957 et
542 2923 698 2968 Rapinus
746 2933 900 2959 extrema

91 2967 273 3012 Odysseae
292 2967 593 3004 addubitaverunt.
616 2970 696 3005 vide
715 2977 900 3017 praeterea

934 244 1054 278 Wolfii
1091 245 1256 289 Prolegg.
1287 255 1322 288 p.
1357 246 1460 286 135.;
1502 245 1625 279 Koesii
1653 258 1744 282 com-

933 290 1176 325 mentationem
1201 291 1244 324 de
1275 291 1519 336 discrepantiis
1543 292 1746 336 quibusdam

934 336 967 369 in
988 337 1151 381 Odyssea
1165 337 1436 379 occurrentibus,
1453 338 1617 381 Hafniae,
1631 341 1747 382 18064

933 383 995 416 Fr.
1012 383 1159 427 Spohnii
1184 384 1500 418 commentationem
1525 385 1569 418 de
1593 388 1748 421 extrema

935 428 1120 472 Odysseae
1157 435 1258 474 parte
1290 429 1371 463 inde
1405 442 1426 463 a
1460 431 1579 476 rhaps.
1612 428 1677 473 ψ’,
1711 443 1746 466 v.

934 476 1016 510 297.
1041 487 1127 509 aevo
1158 475 1353 509 recentiore
1389 482 1466 510 orta
1491 488 1593 521 quam
1617 477 1747 512 Home-

934 520 1007 554 rico
1028 546 1036 561 ‚
1085 521 1226 566 Lipsiae
1259 523 1389 563 1816.;
1437 523 1584 568 denique
1616 523 1747 558 Bernh-

934 566 1138 601 Thierschii
1171 567 1294 601 librum
1329 580 1437 612 germ.
1483 570 1662 614 Urgestalt
1686 571 1749 604 der

938 614 1105 656 Odyssee,
1140 614 1224 648 oder
1245 614 1399 657 Beweis,
1432 616 1514 648 dass
1539 617 1596 650 die
1619 616 1748 650 homer.

936 660 1098 704 Gesc'inge
1131 672 1174 693 :u
1207 671 1350 705 grosseti
1385 661 1530 695 Particn
1552 663 1750 706 interpolirt

935 707 1031 744 sind.
1057 707 1230 750 Konigsb.
1260 708 1362 741 1821.
1399 708 1590 742 extiterunt
1613 709 1750 743 scilicet

935 753 1028 786 inter
1061 753 1242 793 Graecos,
1279 753 1403 797 quibus
1437 753 1642 798 imperfecta
1673 766 1750 789 esse

935 799 1137 832 viderentur
1161 799 1303 832 Homeri
1327 798 1502 840 carmina3
1537 801 1751 846 supplebant

937 845 1023 879 male
1065 845 1235 888 negotiosi
1267 845 1420 879 homines
1461 845 1583 888 initia,
1625 847 1751 888 media,

936 892 1044 932 fines3
1069 892 1313 936 supponebant
1337 903 1458 925 versus
1482 891 1648 937 singulos,
1671 893 1751 938 qui—

938 938 1002 971 bus
1034 938 1088 971 vel
1112 938 1216 971 urbes
1248 943 1284 971 et
1318 938 1394 971 loca
1418 938 1587 983 quaedam
1610 939 1667 973 vel
1689 940 1751 973 he-

937 987 1015 1018 roes
1038 984 1146 1029 patrii
1171 984 1442 1026 celebrarentur,
1468 985 1525 1018 vel
1548 985 1644 1029 genti
1668 997 1751 1019 suae

937 1031 1110 1075 possessio
1146 1030 1291 1074 alicujus
1327 1030 1481 1076 regionis
1517 1032 1750 1066 vindicaretur

937 1077 1143 1111 auctoritate
1183 1076 1354 1120 Homeri,
1391 1089 1483 1122 quae
1534 1083 1630 1112 tanta
1665 1078 1749 1119 fuit,

937 1129 1067 1168 quanta
1100 1123 1178 1156 olim
1220 1123 1400 1157 bibliorum
1435 1135 1491 1167 ap.
1531 1124 1751 1158 Christianos

937 1170 1084 1215 populos
1111 1169 1216 1210 (vide
1241 1169 1338 1204 Iliad.
1363 1169 1416 1215 β’,
1441 1171 1523 1210 547,
1550 1173 1593 1212 8,
1625 1171 1750 1206 552-

937 1217 1018 1251 554.
1052 1215 1110 1249 vel
1141 1217 1228 1257 555,
1253 1216 1344 1257 557,
1370 1217 1426 1256 8.,
1462 1216 1591 1261 Odyss.
1611 1214 1659 1261 η’,
1694 1218 1750 1253 80.

938 1273 1055 1307 sequ.,
1087 1266 1122 1295 et
1153 1262 1198 1295 cf.
1229 1262 1277 1295 G.
1311 1261 1451 1296 Miilleri
1485 1263 1626 1296 Homer.
1666 1263 1751 1296 Vor—

938 1309 1056 1342 schule
1088 1313 1173 1342 sect.
1199 1309 1266 1349 5.);
1303 1309 1482 1341 mutabant
1507 1321 1645 1354 quoque
1670 1320 1751 1354 pas-

939 1355 1022 1395 sim,
1049 1365 1139 1398 quae
1171 1359 1233 1387 aut
1262 1354 1372 1386 minus
1403 1355 1659 1398 intelligerent,
1693 1359 1752 1388 aut

938 1400 1082 1444 indigna
1107 1403 1271 1444 putarent
1292 1405 1375 1432 vate
1399 1400 1565 1442 maximo3
1600 1400 1751 1446 denique

938 1447 1143 1490 levigabant
1190 1445 1427 1480 commissuras
1473 1447 1751 1491 rhapsodiarum,

940 1492 1141 1537 praesertim
1167 1502 1212 1525 ex
1237 1503 1305 1536 quo
1330 1498 1488 1536 tempore
1513 1493 1590 1526 illas
1614 1493 1650 1526 in
1675 1504 1752 1527 eum

939 1549 1138 1578 numerum,
1166 1549 1234 1582 quo
1259 1549 1347 1570 nunc
1367 1538 1540 1581 leguntur,
1564 1539 1753 1583 redegerat
1778 1577 1781 1584 ¹

939 1584 1182 1624 Aristarchus,
1206 1589 1298 1616 teste
1322 1583 1643 1629 Pseudoplutarcho
1676 1586 1752 1619 vita

940 1631 1083 1664 Homeri
1108 1637 1144 1662 et
1168 1630 1356 1663 Eustathio
1394 1630 1439 1663 ad
1478 1631 1587 1675 princ.
1614 1631 1667 1673 Il„
1693 1632 1751 1675 qui

939 1677 1181 1720 καινοτομίας
1206 1676 1280 1719 ejus
1311 1676 1400 1709 hanc
1423 1678 1591 1710 rationem
1616 1678 1749 1712 reddit:

940 1721 1000 1759 ὅτι
1024 1721 1158 1767 σεμνὸν
1193 1723 1256 1767 (Ε)
1291 1720 1438 1764 ἔκριναν
1463 1723 1693 1765 (zenodotus
1716 1731 1752 1758 et

941 1769 1192 1812 Aristarchus)
1224 1767 1410 1811 ὀνομάσαι
1441 1769 1509 1811 τὰς
1532 1770 1650 1813 τομὰς
1673 1774 1752 1812 τοῖς

942 1814 1097 1860 ὀνόμασι
1123 1817 1198 1850 τῶν
1231 1814 1535 1860 εἰκοσιτεσσάρων
1560 1819 1752 1861 στοιχείων

940 1863 1007 1908 τῆς
1048 1861 1292 1907 ἀνθρωπίνης
1334 1861 1557 1907 ἐναρμονίου
1601 1865 1750 1909 φωνῆςτ

940 1921 1016 1944 nam
1050 1915 1130 1944 ante
1165 1908 1400 1943 Aristarchum
1431 1909 1550 1943 Iliadis
1574 1914 1610 1944 et
1634 1910 1753 1955 Odys-

941 1968 1043 1997 seae,
1079 1956 1115 1988 in
1147 1955 1254 1989 libros
1286 1955 1397 1989 nullos
1434 1955 1621 1991 divisarum
1641 1981 1651 1997 ,
1689 1957 1753 1991 sed

941 2008 1110 2047 perpetua
1135 2002 1227 2036 serie
1250 2001 1523 2041 cohaerentium,
1550 2007 1670 2048 partes
1687 2014 1752 2048 pro

940 2049 1092 2094 ipsarum
1117 2059 1228 2082 rerum
1250 2053 1285 2081 et
1305 2049 1525 2082 materiarum
1549 2049 1755 2084 diversitate

942 2094 1050 2128 variis
1075 2094 1234 2138 signatae
1258 2095 1399 2127 fuerunt
1426 2094 1617 2128 nominibus
1641 2093 1664 2139 ἡ
1693 2094 1753 2131 ἐπὶ

941 2141 1050 2175 ναυσὶ
1074 2139 1174 2185 μάχη
1189 2165 1199 2181 ,
1224 2138 1434 2182 Δολώνεια,
1457 2139 1635 2183 Ἀριστεία
1653 2140 1753 2186 Ἀγα-

940 2186 1155 2231 μέμνονος,
1191 2188 1306 2221 Νεῶν
1340 2186 1542 2231 κατάλογος
1573 2194 1639 2223 etc.
1686 2188 1754 2223 fuit

939 2240 1053 2267 autem
1079 2234 1302 2267 Aristarchus
1325 2233 1632 2268 Alexandrinorum
1656 2235 1753 2279 prin-

940 2291 1022 2324 ceps
1048 2279 1245 2314 criticorum
1277 2285 1313 2313 et
1343 2280 1396 2322 is,
1428 2281 1526 2324 cujus
1558 2280 1601 2314 ad
1627 2281 1753 2315 editio—

939 2337 1016 2359 nem
1040 2326 1185 2359 Homeri
1208 2327 1420 2371 posteriores
1445 2326 1544 2360 codd.
1563 2337 1687 2371 magna
1710 2339 1752 2360 ex

939 2377 1040 2417 parte
1071 2372 1244 2406 emendati
1274 2384 1350 2407 esse
1381 2372 1587 2415 videantur,
1621 2377 1658 2407 ut
1681 2373 1753 2407 Ca—

939 2419 1035 2451 saub.
1071 2419 1285 2462 significavit
1309 2419 1352 2453 ad
1377 2420 1502 2453 Athen.
1537 2431 1572 2464 p.
1599 2420 1680 2455 326.
1705 2420 1753 2455 cf.

940 2464 1049 2497 Wolf.
1076 2465 1239 2509 Prolegg.
1264 2476 1299 2509 p.
1314 2465 1394 2501 264.
1416 2476 1512 2510 seqq.
1529 2465 1630 2509 hujus
1655 2465 1752 2509 (Ari-
1808 2466 1811 2486 ²

940 2512 1114 2544 starchum
1139 2511 1232 2554 dico)
1254 2516 1482 2556 praeceptor,
1507 2512 1754 2555 Aristophanes

941 2558 1179 2600 Byzantinus,
1203 2557 1511 2603 interpunctionem
1536 2561 1755 2591 accentuum·
1808 2585 1811 2594 .

942 2615 1011 2647 que
1035 2610 1070 2636 et
1097 2603 1280 2647 prosodiae
1306 2605 1407 2648 signa
1430 2603 1606 2638 invenisse
1629 2603 1753 2638 dicitur
1808 2604 1811 2630 ἶ

941 2649 1029 2692 (vid,
1056 2649 1233 2683 Villoison.
1261 2650 1423 2694 Prolegg.
1442 2650 1562 2683 Iliadis
1585 2653 1622 2682 et
1645 2650 1688 2683 ab
1713 2661 1754 2684 eo
1808 2654 1811 2659 '

945 2695 1074 2729 citatus
1098 2696 1242 2729 Salmas.
1267 2696 1367 2741 epist.
1382 2697 1459 2731 183.
1477 2696 1520 2730 ad
1544 2695 1754 2738 San-avium,

944 2741 1026 2776 item
1051 2742 1156 2776 Wolf.
1181 2742 1203 2776 l.
1230 2741 1254 2776 l.
1277 2755 1310 2787 p.
1334 2743 1461 2786 219.);
1495 2741 1622 2786 quibus
1646 2741 1755 2786 signis

947 2792 1028 2831 post
1060 2789 1103 2822 ab
1139 2788 1216 2822 aliis
1247 2790 1315 2823 alia
1355 2794 1436 2822 sunt
1467 2787 1586 2821 addita
1622 2799 1753 2830 eorum,

947 2846 1038 2878 quae
1079 2834 1199 2879 spuria
1236 2836 1460 2875 viderentur,
1493 2839 1553 2868 aut
1585 2834 1755 2878 trajecta,
1808 2869 1811 2881 Ι

947 2886 1007 2914 aut
1039 2881 1254 2925 depravata,
1288 2885 1350 2916 aut
1385 2880 1489 2914 etiam
1520 2891 1605 2925 prae
1630 2879 1754 2914 ceteris
1807 2893 1811 2918 ς

946 2927 1178 2960 memorabilia
1192 2952 1201 2970 ‚
1227 2939 1315 2972 quae
1339 2926 1475 2972 quidem
1499 2931 1671 2971 postrema
1696 2937 1755 2960 co-

947 2972 1035 3006 dicis
1048 2973 1182 3008 Villois.
1195 2974 1270 3009 sive
1287 2974 1451 3008 librarius
1472 2972 1547 3008 sive
1560 2973 1671 3007 lector
1679 2971 1755 3018 qui·
1808 2987 1810 2989 ¹
