1811 3269
72 138 156 178 346

703 137 1107 180 ΟΜΗΡΟΥ

243 245 370 290 αὐτοὶ
400 245 446 291 δ’
477 244 715 316 ἀγρόμενοι
744 247 1019 319 κυκλήσομεν
1048 249 1211 293 ἐνθάδε
1239 249 1427 303 νεκρούς

241 303 373 359 βουσὶ
405 304 476 347 καὶ
507 302 782 358 ἡμιόνοισιν·
814 305 923 360 ἀτὰρ
938 305 1237 377 κατακήομεν
1268 307 1430 358 αὐτούς

241 360 407 403 τυτθὸν
426 358 614 430 οἷποπρὸ
646 364 784 418 νεών,
815 362 874 414 ὥς
905 361 948 406 κ’
979 363 1107 406 ὀστέα
1135 364 1285 406 παισὶν
1315 364 1493 416 ἕκαστος

126 421 209 464 335

241 416 390 461 οἴκαδ’
420 415 526 471 α’γῃ,
559 416 666 459 ὅταν
697 420 799 461 αὐτε
829 419 1033 475 νεώμεθα
1063 422 1252 473 πατρίδα
1281 426 1435 475 γαῖαν’

240 473 409 529 τύμβον
441 473 484 516 6’
516 472 631 529 ἄμφι
658 490 809 531 πυρην
839 476 915 519 ἕνα
944 476 1130 546 χεύομεν
1160 476 1440 537 ἐξαγαγόντες

240 531 423 583 α’κριτον
455 530 500 572 ἐκ
530 533 706 574 πεδίου
740 532 838 575 ποτὶ
868 531 913 575 δ’
945 531 1079 576 αὐτὸν
1109 534 1314 587 δείμομεν
1345 538 1436 577 aina

240 588 440 640 πύργους
470 585 711 657 ύψηλοὺῥχ,
715 586 847 642 εἶλαρ
859 592 999 657 νηῶν
1028 605 1072 632 τε
1102 590 1175 632 καὶ
1204 589 1375 632 αὐτῶν

237 644 285 687 ἐν
316 642 360 686 6’
392 642 563 687 αὐτοῖσι
592 644 732 695 πύλας
753 644 1004 700 ποιήσομεν
1034 647 1083 689 εὐ
1115 645 1345 700 ιῖραρυίας,

126 704 210 746 340
242 700 363 755 ὄφρα
396 698 454 742 δι’
489 700 664 744 αὐτάων
698 703 933 771 ἱππηλασίη
965 701 1069 753 ὁδός
1101 704 1187 757 εἴη·

240 757 450 800 ἔκτοσθεν
479 758 525 801 δὲ
555 761 742 828 βαθεῖαν
771 757 989 829 ὀρύξομεν
1019 758 1173 814 ἐγγύθι
1209 756 1399 813 τάφρον,

239 813 267 870 ἤ
296 812 334 869 χ’
367 815 528 865 ῖππους
557 816 631 858 καὶ
662 815 773 857 λαόν
803 815 1015 869 ἐρυκάκοι
1045 815 1184 870 ἀμφὶς
1215 815 1363 867 ἐοῦσα,

236 869 399 927 μηποτ’
431 871 630 928 ἐπιβρίσῃ
661 871 850 926 πόλεμος
885 872 1049 927 Τρώων
1079 871 1325 929 ἀγερώχων.
1331 877 1357 897 “

290 950 324 984 in
349 951 578 993 Troianorum
604 956 716 984 autem
742 951 905 985 concione
930 952 1117 993 Antenori,
1153 953 1250 996 pacis
1276 957 1312 985 et
1336 951 1493 985 Helenae
1518 961 1591 984 cum
1615 949 1739 994 opibus

207 996 442 1030 restituendae
475 998 630 1036 auctori,
665 997 764 1030 Paris
790 997 997 1043 respondet,
1029 997 1114 1032 nihil
1149 1009 1186 1032 se
1211 1003 1352 1044 praeter
1378 1009 1482 1043 opes,
1506 997 1568 1031 sed
1593 1007 1652 1030 eas
1676 994 1737 1029 ad—

202 1043 308 1088 jectis
334 1041 500 1088 propriis,
526 1043 752 1077 ledditurum.

319 1102 386 1149 Ως
416 1097 569 1168 ἔφαθ’,
602 1101 646 1141 οἱ
676 1097 718 1143 δ’
752 1099 838 1154 άρα
866 1099 1025 1150 πάντες
1055 1098 1280 1168 ἐπῄνησαν
1309 1103 1527 1171 βασιλῆες.

125 1159 207 1201 345
242 1155 408 1209 Τρώων
440 1153 538 1198 αὕτ’
572 1154 711 1225 ἀγορὴ
741 1156 879 1211 γένετ’
910 1156 1040 1200 Ἰλίου
1072 1157 1118 1200 ἐν
1148 1155 1272 1200 πόλει
1303 1156 1430 1214 ἄκρῃ,

239 1212 383 1269 δεινὴ,
415 1218 666 1283 τετρηχυῖα,
696 1213 815 1267 παρὰ
848 1213 1074 1271 Πριάμοιο
1105 1213 1313 1284 θύρῃσιν.

237 1275 378 1313 τοῖσιν
409 1267 452 1312 6’
479 1269 699 1324 Ἀντήνωρ
730 1270 1006 1326 πεπνυμένος
1037 1270 1141 1326 ηρχ’
1172 1269 1425 1324 ἀγορεύειν·

315 1325 538 1378 ,,Κέκλυτέ
567 1343 669 1380 μευ,
706 1331 851 1380 Τρῶες
878 1328 953 1370 καὶ
982 1327 1219 1378 Δάρδανοι
1249 1327 1322 1381 ἠδ’
1354 1327 1594 1382 ἐπίκουροι,

237 1381 347 1436 ὄφρ’
383 1385 512 1430 είπω
542 1382 594 1425 τά
625 1399 676 1438 με
706 1383 851 1438 θυμός
880 1384 945 1427 ἐνὶ
981 1383 1186 1439 στήθεσσι
1215 1382 1392 1426 κελεύει.

125 1444 208 1485 350
241 1437 360 1483 δεῦτ’
395 1437 514 1494 ἄγετ’
541 1438 740 1495 Ἀργείην
766 1440 943 1498 Ἑλένην
971 1442 1045 1484 καὶ
1073 1439 1272 1496 κτήμαθ’

66 1520 146 1553 212.
189 1539 232 1545 —-
271 1518 594 1564 κυκλήσομεν.
635 1520 670 1553 h.
695 1532 724 1554 e.
749 1519 880 1565 κυκλή-

67 1578 205 1608 σωμεν,
242 1573 281 1599 ut
310 1578 561 1612 κατακῃομεν,
593 1565 768 1609 χεύομεν,
802 1568 879 1601 δεί-

66 1625 184 1657 μομεν
204 1616 270 1645 etc.
301 1614 335 1646 in
361 1613 524 1668 proximis
548 1624 610 1668 pro
637 1625 880 1658 κατακηωμεν

68 1666 134 1693 etc.
170 1659 239 1691 Sch
263 1671 270 1690 :
296 1662 424 1693 κυκλ.
460 1659 506 1704 ἐφ
550 1657 702 1702 ἁμαξῶν
730 1661 880 1715 οἷ’σομεν

67 1704 224 1749 (ἄξομεν
251 1705 338 1738 dixit
358 1706 456 1750 Ap.)
505 1718 668 1740 κατακ.
694 1703 880 1740 κατακαύ-

67 1763 191 1794 σομεν.
227 1771 270 1774 -
305 1752 347 1784 de
374 1763 467 1785 more
491 1752 706 1785 Graecorum
741 1754 879 1786 combu-

66 1798 163 1831 rendi
189 1803 339 1830 mortuos
373 1803 408 1831 et
433 1809 546 1830 eorum
583 1809 659 1831 ossa
684 1798 821 1842 legendi
846 1810 878 1832 v.

66 1844 248 1883 Feith.1,
276 1844 340 1884 14,
377 1844 503 1886 Kbpke
536 1855 567 1887 p.
602 1844 687 1883 229,
722 1846 817 1877 Hase
847 1846 880 1878 1.

66 1902 100 1927 υ.
126 1891 184 1925 51.
211 1901 307 1944 seqq.
347 1890 518 1922 Lucianus
539 1890 582 1922 de
603 1889 734 1922 Luctu:
771 1887 790 1925 ὁ
813 1888 881 1932 μὲν

55 1935 231 1993 ’Ἐλληνὲ
217 1935 390 1976 ἔκαυσεν,
427 1933 446 1970 ὁ
477 1934 515 1969 65
548 1935 692 1991 Πέρσης
723 1935 880 1977 ἐ,θοιίιεν

67 1981 86 2018 6
114 1983 154 2017 65
178 1981 290 2021 Ἰνδὸς
315 1960 417 2025 ύάὶῳ
443 1994 640 2024 περιχριει,
676 1979 694 2015 6
721 1981 760 2015 δε
782 1981 881 2017 Σκύ-

64 2032 140 2073 θης
160 2028 362 2068 κατεσθίει,
375 2027 558 2073 ταριχεύει
577 2025 650 2063 656
672 2027 881 2074 Αἰγύπτιος.

66 2076 112 2111 cf.
138 2088 216 2110 ann.
243 2075 286 2108 ad
312 2073 357 2118 δ’,
386 2074 463 2110 174.

110 2145 190 2180 336.
241 2142 364 2188 ἐξαγ.
391 2141 437 2177 ἐκ
469 2143 664 2184 πεδίου,
701 2145 883 2178 educentes

66 2204 106 2225 ex
147 2202 267 2233 campo
311 2189 489 2230 tumulum,
525 2190 626 2234 paulo
661 2190 883 2224 insolentiore

65 2237 163 2272 modo
192 2237 319 2269 dictum
345 2241 423 2276 e,st
450 2236 524 2268 fere
550 2242 587 2269 ut
612 2237 726 2270 Thuc.
754 2239 784 2278 1,
811 2238 880 2272 93·

64 2286 197 2327 μείζων
221 2281 292 2326 γὰρ
329 2278 348 2316 ὁ
373 2283 569 2327 περίβολος
600 2285 768 2326 πανταχῆ
800 2281 882 2328 ἐξή-

65 2333 141 2374 χθη
159 2331 223 2372 τῆς
248 2327 400 2366 πόλεως.
426 2330 580 2386 probant
599 2330 685 2362 hanc
709 2330 882 2384 interpre-

66 2377 228 2410 tationem
249 2376 280 2408 K
303 2380 338 2408 et
354 2375 399 2407 H.
427 2380 463 2407 at
488 2375 538 2406 E:
565 2372 687 2419 εξαγ.
713 2373 797 2410 ἀντὶ
815 2376 885 2410 τοῦ

67 2422 303 2465 ἐξελθόντες,
341 2419 648 2464 ἐκπορευθέντες,
686 2428 884 2479 comparat-

68 2480 134 2514 que
159 2467 311 2509 illudg',
338 2469 417 2502 252.
455 2469 647 2511 Λαοδίκην
685 2467 882 2511 ἐσάγουσα,

69 2516 101 2548 h.
128 2526 157 2547 e.
185 2511 483 2556 εἰσπορευομένη,
511 2515 700 2547 εἰσιοῦσαι
730 2520 765 2547 et
789 2515 885 2548 simi-

68 2560 149 2594 liter
175 2559 390 2604 Porphyrius
415 2559 559 2599 Quaest.
580 2560 679 2593 Hom.
704 2562 777 2601 17.;
800 2572 884 2605 quos

68 2612 207 2640 secutus
244 2613 404 2639 auctores
441 2606 541 2638 Voss.
568 2606 652 2639 haec
685 2606 735 2639 ita
768 2606 884 2640 reddi-

70 2653 141 2686 dit:
167 2642 265 2685 εἶπεη
287 2652 396 2695 hagel
419 2663 475 2684 am
499 2652 620 2685 bransl'
641 2652 787 2686 erheben
810 2654 883 2693 wir,

71 2699 289 2731 drausseu
307 2699 538 2740 versammelt,
556 2700 655 2732 Allen
667 2700 826 2743 zugleich
838 2700 885 2731 im

69 2743 199 2789 gefild'.
248 2744 300 2777 sic
324 2743 430 2776 minus
456 2748 579 2788 aperta
606 2749 659 2778 est
690 2745 779 2778 ratio
804 2755 885 2777 ver-

70 2791 190 2824 borum
216 2788 254 2824 ἐκ
279 2791 432 2830 πεδίου,
470 2801 559 2834 quae
585 2791 727 2824 miratus
751 2790 885 2824 Aristo-

72 2837 202 2918 pggnes
236 2836 353 2880 posuit
386 2834 425 2870 ἐν
458 2837 594 2880 πεδίῳ,
631 2837 726 2881 quod
759 2837 887 2870 habent

71 2894 91 2915 e

117 2951 186 2984 337
199 2970 240 2974 —
253 2948 334 2985 343.
375 2947 399 2982 ἅ
409 2962 429 2982 κ
441 2962 460 2992 ρ
474 2962 487 2983 ι
497 2962 516 2983 τ
526 2963 544 2983 o
555 2963 586 2983 ν.
614 2947 757 2995 αδιαχηέ
752 2961 887 2994 ριστον

73 2996 207 3040 (schol.
223 2999 272 3031 Α·
291 2993 510 3041 άχωριστον,
530 2993 768 3040 ἀδιάστατον,
782 3011 887 3033 tom:-

177 2883 274 2916 Rom.
299 2882 408 2915 Turn.
433 2887 468 2915 et
493 2882 592 2916 aliae.

1310 1439 1389 1496 ἅμ’
1421 1438 1534 1496 αὐτῇ

927 1520 1002 1557 ἐστι
1025 1519 1289 1563 πολυάνδριον.
1321 1525 1358 1554 et
1381 1519 1538 1553 similiter
1558 1519 1590 1552 Ε
1609 1522 1644 1552 et
1656 1519 1738 1562 Ap.)

928 1567 1072 1609 εἶλαρ.
1106 1567 1275 1611 ἔρεισμα,
1303 1566 1499 1611 φύλαγμα,
1524 1564 1740 1609 ἀσφάλειαν.

926 1615 988 1657 (ab
1014 1615 1096 1649 εἴλω
1122 1615 1196 1647 sive
1221 1612 1334 1648 εἰλέω.
1370 1624 1402 1646 v.
1423 1613 1538 1645 Buttm
1576 1613 1681 1644 Lexil.
1693 1611 1739 1649 11,

926 1662 989 1698 88
1019 1663 1050 1695 8.
1064 1685 1074 1702 ,
1108 1666 1144 1693 et
1173 1660 1216 1692 cf.
1242 1659 1385 1693 inferius
1410 1658 1501 1698 437,
1528 1655 1570 1700 ξ’,
1595 1659 1660 1697 56,
1682 1659 1740 1698 68,

926 1706 1056 1750 Ody.ss
1084 1704 1122 1745 5'‚
1146 1706 1256 1749 257.)
1308 1705 1591 1749 ιππηλασίῃ.
1638 1703 1740 1746 (sic;

926 1753 988 1785 sed
1011 1751 1090 1785 libri
1114 1753 1214 1785 Hom.
1250 1757 1285 1785 et
1309 1752 1360 1785 Ε·
1395 1751 1618 1794 ιππηλασιᾞη
1651 1751 1684 1784 h.
1709 1761 1740 1785 e.

926 1798 1161 1841 ἱππήλατος.)
1186 1800 1358 1843 πλατείᾳ,
1385 1798 1508 1831 ἵππων
1532 1795 1669 1830 ἐλασία.
1694 1814 1741 1819 --

928 1844 1049 1888 ἐρυκ.
1074 1844 1245 1890 κατέχοι,
1258 1834 1408 1878 κωλύοι.
1453 1832 1651 1886 άμφὶςέ.
1678 1853 1741 1876 πε-

928 1892 964 1933 ρὶ
997 1889 1138 1929 αὐτους
1173 1891 1268 1925 οὐσα
1299 1903 1389 1929 τους
1413 1887 1589 1931 πύργους.
1640 1887 1741 1922 ἐπι-

928 1938 980 1983 βρ
986 1963 991 1967 .
1028 1935 1243 1982 ἐπιβαρήσῃ.
1279 1942 1448 1981 quaerunt
1470 1936 1598 1969 Strabo
1626 1935 1679 1969 13.
1705 1945 1741 1978 p.

929 1985 997 2018 893
1020 1983 1060 2017 C.
1088 1990 1123 2016 et
1148 1983 1224 2024 alii,
1255 1995 1315 2016 cur
1349 1994 1437 2016 nunc
1471 1981 1602 2015 demum
1627 1984 1742 2013 castra

928 2029 1113 2062 munierint
1137 2029 1287 2062 Graeci:
1336 2029 1460 2074 quibus
1485 2029 1571 2061 bene
1596 2037 1742 2070 respon-

930 2076 1011 2108 dent
1042 2076 1075 2108 K
1104 2080 1140 2108 et
1172 2076 1228 2115 H,
1264 2075 1375 2108 adhuc
1407 2084 1494 2119 opus
1527 2085 1593 2106 non
1633 2072 1741 2105 fuisse

929 2121 1135 2161 munitione,
1171 2133 1246 2154 cum
1272 2120 1419 2164 Trojani
1450 2130 1488 2152 se
1511 2119 1602 2152 intra
1625 2128 1742 2151 muros

929 2173 1108 2208 tenerent,
1142 2167 1253 2200 donec
1277 2166 1422 2199 dissidia
1445 2166 1661 2199 Graecorum
1685 2175 1742 2197 re-

928 2212 1123 2247 scivissent.

974 2259 1186 2294 345—350.
1236 2262 1436 2302 comparant
1459 2257 1559 2300 Virg.
1585 2256 1740 2296 Aen.11‚
1794 2288 1796 2295 ,

927 2306 996 2340 213
1022 2317 1117 2349 seqq.
1153 2323 1194 2328 --
1233 2304 1335 2337 Sch.:
1369 2315 1555 2347 τετρηχ.
1589 2304 1742 2344 τραχεῖα
1800 2342 1801 2346 ¹

930 2351 993 2386 καὶ
1025 2348 1291 2396 βαρβαρωδης,
1334 2349 1468 2392 (scrib.
1504 2347 1743 2402 βορβορώδης

930 2409 1031 2431 sensu
1068 2398 1237 2441 figurato,
1275 2395 1556 2449 quemadmodum
1584 2395 1743 2428 Comicus

930 2442 1086 2482 ἀπειλας
1110 2440 1422 2488 βορβοροθύμους
1446 2449 1482 2475 et
1514 2439 1744 2499 βορβοροτά-

931 2492 1038 2533 ρσξιν
1071 2489 1159 2522 dixit
1196 2489 1276 2522 Pac.
1301 2489 1380 2522 728.
1409 2494 1445 2521 et
1470 2487 1558 2532 Equ.
1583 2488 1685 2530 297.)
1718 2484 1742 2543 ἢ

930 2534 1176 2580 τετραχυμένη
1202 2533 1274 2569 ὑπὸ
1300 2535 1369 2568 τοῦ
1392 2533 1491 2576 θορι’
1496 2536 1578 2588 βου.
1607 2533 1673 2576 (cf.
1697 2531 1744 2578 β’,

930 2582 1154 2626 95)-ἐπὶ
1179 2584 1255 2625 Πρ.
1281 2579 1510 2634 θύρῃσιν.
1536 2578 1583 2625 β,
1607 2581 1743 2614 788.-—-
1794 2610 1797 2624 ,

931 2632 1138 2663 Antenorem
1172 2629 1385 2660 Graecorum
1417 2625 1597 2669 πρόξενον
1638 2628 1744 2658 vocat
1794 2664 1797 2675 ι

932 2676 965 2709 Ε
990 2680 1177 2720 propterea
1208 2672 1300 2718 quod
1336 2683 1451 2705 eorum
1477 2672 1611 2726 legatos
1636 2671 1744 2725 Ulys-
1794 2688 1796 2698 ι

932 2733 1003 2754 sem
1027 2726 1063 2755 et
1087 2720 1278 2754 Menelaum
1304 2718 1455 2762 hospitio
1475 2718 1625 2763 excepit.
1650 2728 1683 2750 v.
1699 2714 1744 2760 γ’,

932 2769 1012 2802 207.
1038 2766 1243 2811 proditionis
1267 2776 1342 2798 eum
1373 2763 1656 2798 insimulaverunt
1681 2762 1746 2796 Di-

933 2819 1009 2857 ctys
1034 2815 1076 2853 5,
1101 2814 1132 2847 8.
1158 2812 1296 2855 aliique,
1323 2815 1359 2844 et
1378 2810 1476 2843 varia
1495 2810 1537 2844 de
1555 2810 1630 2843 viro
1652 2820 1744 2841 com·
1796 2815 1798 2819 ·

934 2859 1038 2892 menti
1061 2864 1162 2899 sunt,
1198 2869 1285 2901 quae
1315 2868 1349 2889 v.
1372 2867 1427 2900 ap.
1455 2856 1642 2890 Hederich.
1666 2856 1744 2898 My—

933 2906 1016 2938 thol.
1041 2905 1123 2938 Lex.
1147 2916 1181 2936 v.
1208 2905 1381 2938 Antenor.
1405 2902 1543 2936 collatis
1565 2902 1628 2942 iis,
1654 2911 1744 2945 quae
1795 2931 1797 2933 .

1273 2948 1319 2994 β,
1344 2950 1424 2984 822.
1458 2968 1504 2973 -
1548 2928 1743 2990 Aoi'QBa-
1794 2954 1811 2982 ·,·’

934 2951 1168 2984 annotavimus
1195 2949 1237 2982 ad

935 3010 1019 3032 νοι.
1052 2995 1099 3043 β’,
1125 2997 1213 3037 819,
1246 2995 1291 3039 γ’,
1315 2993 1394 3029 456.
1434 3013 1477 3019 -
1520 2995 1661 3031 δεῦτε
1690 2996 1745 3026 est
1794 3027 1797 3041 ‚
