1793 3251
84 162 169 202 376

727 162 1131 206 ΟΜΗΡΟΥ

255 271 469 343 βλήμενος
498 270 528 327 ἢ
556 272 633 322 ἰώ,
673 268 702 326 ἢ
732 269 846 328 εγχει·
872 269 1082 326 ὀξυόεντι,

254 329 360 385 νηὸς
389 328 701 381 ἐπιθρώσκων,
731 329 808 372 ι’να
837 345 901 382 τις
931 329 1136 401 στυγέῃσι
1165 331 1239 374 καὶ
1270 330 1400 383 ἄλλος

142 390 225 431 515
261 385 435 455 Ἱρωσὶν
469 382 543 454 ἐφ’
565 383 865 454 ἱπποδάμοισι
898 388 1054 457 φέρειν
1082 386 1370 457 πολύδακρυν
1401 388 1533 446 ἄρηα.

254 442 442 498 κήρυκες
473 440 516 484 δ’
550 438 638 484 ἀνὰ
669 441 779 487 ἄστυ
810 446 997 499 διΐφιλοι
1028 442 1342 499 ἀγγελλόντων,

251 502 413 549 παῖδας
446 499 707 569 πρωθήβας,
737 500 1125 555 πολιοκροτάφους
1155 517 1200 544 τε
1206 500 1441 570 γέροντας

252 557 463 599 λέξασθαι
492 557 592 609 περὶ
623 555 732 600 ἄστυ
763 556 1024 613 θεοδμήτων
1053 557 1122 600 ἐπὶ
1153 556 1361 628 πύργων·

251 612 491 683 θηλύτεραι
523 613 568 656 δὲ
597 619 802 668 γυναῖκες
831 614 895 657 ένὶ
925 614 1185 670 μεγάροισιν
1215 614 1372 672 ἑκάστη

136 673 219 714 520
250 674 340 724 πῦρ
372 670 479 739 μέγα
509 671 750 714 καιότμτων
788 671 967 741 φυλακὴ
999 672 1045 715 δέ
1077 688 1143 723 τις
1173 671 1359 725 ἔμπεδος
1390 673 1509 726 ἔστω,

253 727 310 784 μὴ
341 727 468 782 λόχος
498 728 720 784 εἰσέλθῃσι
749 728 904 780 πόλιν,
937 732 1060 772 λαῶν
1090 728 1330 772 ἀπεόντων.

250 782 330 828 ὧδ’
364 785 493 836 ε’στω,
530 789 676 840 Τρῶες
705 783 1016 856 μεγαλήτορες,
1049 784 1108 837 ώς
1139 783 1365 842 ἀγορεύω·

249 846 403 912 μῦθος
425 840 482 893 δ’,
517 841 565 894 ὂς
596 843 683 910 μὲν
705 846 790 886 νῦν
819 841 968 898 υγιὴς,
1000 843 1228 913 εἰρημένος
1258 843 1390 886 έ’·στω

250 915 328 942 τον
359 897 403 942 δ’
434 896 545 955 ηὀῦς
584 897 780 953 Τρώεσσι
810 899 914 969 μεθ’

945 899 1216 956 ἱπποδάμοις
1247 898 1487 955 ἀγορεύσω.

136 957 219 1001 525
251 954 434 1027 εὔχομαι
463 955 702 1011 ἐλπόμενος
731 957 814 999 Λιι
837 955 879 999 τ’
911 955 1108 1000 άλλοισίν
1137 972 1183 1000 τε
1213 962 1386 1001 θεοῖσιν

255 1013 432 1064 ἐξελάαν
461 1012 641 1056 ἐνθένδε
670 1013 809 1064 κύνας
839 1013 1276 1083 Κηρεσσιφορήτους

251 1069 347 1123 [οὓς
382 1072 521 1127 Κῆρες
549 1069 766 1142 φορέουσι
795 1070 1047 1125 μελαινάων
1077 1071 1146 1114 ἐπὶ
1176 1073 1351 1142 νηών.]

206 1125 344 1170 *ἀλλ’
377 1129 474 1181 ήτοι
504 1127 573 1170 ἐπὶ
602 1128 729 1171 νυκτὶ
761 1126 1015 1196 φυλάξομεν
1043 1127 1181 1184 ἡμέας
1211 1128 1396 1180 αὐτούς·

249 1184 369 1238 πρωϊ
398 1182 443 1226 δ’
478 1183 660 1240 ὑπηοῖοι
689 1182 769 1236 ξύν
799 1184 966 1240 τεύχεσι
1003 1184 1308 1256 θωρηχθέντες

135 1242 218 1287 530
249 1241 408 1315 νηυσὶν
437 1240 507 1284 ε’πι
537 1245 819 1312 γλαφυρῇσιν
848 1242 1074 1298 ἐγείρομεν
1110 1242 1216 1295 ὀξὺν
1246 1241 1375 1299 ἄρηα.

250 1300 446 1353 εἴσομαι,
478 1300 518 1342 εἳ
544 1298 591 1341 κέ
623 1315 651 1353 μ
705 1298 730 1341 ὁ
766 1300 979 1368 Τυδείδης
1009 1299 1218 1354 κρατερός
1251 1299 1479 1371 Διομήδης

246 1371 337 1409 παρ
368 1360 489 1411 νηῶν
521 1355 634 1408 πρὸς
647 1360 802 1426 τεῖχος
833 1354 1075 1407 ἀπώσεται,
1106 1355 1136 1427 ἤ
1164 1372 1240 1399 κεν
1270 1356 1353 1413 ἐγώ
1381 1357 1462 1401 τὸν

247 1416 392 1482 χαλκῷ
425 1411 601 1482 δῃώσας
632 1411 770 1466 ε’ναρα

807 1414 1049 1468 βροτόεντα
1081 1413 1296 1485 φέρωμαι.

249 1468 411 1524 αὔριον
440 1469 497 1526 ἢν
523 1468 686 1525 ἀρετην
717 1472 975 1518 διαείσεται,
1010 1472 1051 1514 εἴ
1076 1469 1119 1514 κ’
1152 1470 1260 1526 έμόν
1273 1470 1411 1544 ,ε’γχος

132 1529 215 1571 535
246 1530 372 1584 μείνῃ
404 1526 721 1583 ἐπερχόμενον·
756 1525 853 1570 ἀλλ’
883 1527 930 1571 ἐν
959 1525 1224 1579 πρώτοισιν,
1258 1526 1351 1580 ὀίω,

248 1587 434 1628 κέισεται
465 1585 695 1639 οὐτηθεὶς,
727 1585 879 1635 πολέες
911 1583 953 1628 δ’
986 1583 1100 1641 ἄμφ’
1133 1583 1271 1656 αὐτόν
1303 1584 1479 1640 έταῖροι,

250 1640 404 1697 ηἐλίου
436 1640 641 1692 ἀνιόντος
671 1641 714 1692 ἐς
746 1640 918 1711 αύριον.

979 1644 1016 1685 εἰ
1046 1642 1131 1697 γάρ
1163 1641 1275 1710 ἐγών
1307 1641 1366 1694 ὡς

250 1700 344 1754 εἴην
375 1695 599 1749 ἀθάνατος
629 1699 704 1741 καὶ
730 1697 933 1770 ἀγήραος
960 1697 1121 1770 ἤματα
1137 1698 1296 1748 πάντα,

250 1757 424 1824 τιοίμην
455 1753 511 1805 δ’,
545 1755 605 1806 ώς
633 1753 740 1798 τίετ’
769 1754 979 1811 Ἀθηναίη
1010 1756 1086 1799 καὶ
1111 1753 1346 1806 Ἀπόλλων,

135 1814 220 1857 540
251 1812 307 1863 ὠς
336 1816 421 1855 νῦν
453 1811 593 1868 ἡμέρη
623 1812 702 1883 η’δε
731 1812 870 1856 κακόν
901 1812 1026 1884 φέρει
1050 1811 1332 1867 Ἀργείοισιν.
1329 1816 1376 1839 '“

316 1867 401 1920 Ὡς
418 1868 588 1926 Ἕκτωρ
622 1867 819 1925 ἀγόρευ’,
850 1868 918 1912 ἐπὶ
951 1869 997 1914 δὲ
1033 1873 1179 1923 Τρωες
1215 1868 1478 1926 κελάδησαν.

77 2017 122 2050 cf.
148 2015 217 2052 514
244 2021 309 2050 etc.
335 2037 378 2042 —
410 2015 549 2063 βέλος
573 2016 660 2050 dixit
683 2018 807 2050 vulnus
839 2017 895 2050 vel

76 2064 249 2103 dolorem,
276 2075 295 2096 a
320 2070 560 2108 consequente.
606 2065 650 2097 cf.
676 2062 718 2104 λ’,
746 2065 826 2103 269,
851 2061 894 2106 ξ,

76 2110 168 2152 439,
196 2110 445 2154 Sch011.‚.H)
500 2109 665 2156 πέσσῃ
701 2107 766 2155 (β’,
793 2110 892 2153 237)

76 2155 221 2212 συνέχῃ,
243 2157 448 2208 θεραπεύῃ.
477 2156 635 2201 (ε’γχει
659 2153 721 2198 όξ
761 2154 798 2196 ε’,
815 2157 891 2199 50.)

77 2199 268 2248 ἀγγελλ.
312 2201 455 2248 οὶγγελλε
452 2203 591 2238 ’τωσαν.
665 2205 891 2246 πολιοκρ.

75 2248 400 2292 πεπολιωμένους,
437 2249 510 2285 ἀπὸ
544 2250 688 2294 μέρους.
722 2268 768 2274 ——
803 2250 892 2292 (non

75 2296 253 2330 intercedo
279 2298 456 2340 quominus
485 2299 567 2331 haec
599 2308 667 2330 wox
691 2295 741 2329 ita
764 2296 893 2328 inteili-

75 2350 200 2387 gatur3
227 2348 344 2386 potest
365 2350 477 2377 tamen
497 2343 593 2385 fieri,
618 2348 656 2376 ut
679 2341 818 2386 proprie
841 2341 893 2374 di-

76 2396 198 2422 cantur
226 2389 273 2421 illi
283 2416 292 2431 ,
333 2391 455 2442 quibus
484 2391 589 2423 cruda
619 2390 725 2422 etiam
751 2388 893 2421 viridis-

76 2448 141 2479 que
176 2443 332 2470 senectus
362 2435 450 2475 suit,
475 2441 512 2469 ut
534 2437 583 2469 ait
612 2438 725 2488 poiita.
776 2439 890 2468 notum

76 2487 130 2515 est
153 2482 260 2522 enim,
296 2482 420 2526 capitis
450 2488 582 2528 partem
613 2481 759 2534 priorem
789 2480 892 2514 citius

76 2539 176 2570 quam
216 2529 441 2570 posteriorem
471 2529 601 2562 sentire
638 2527 798 2560 canitiem
832 2527 892 2570 [v.

77 2574 166 2607 Plin.
192 2574 237 2606 H.
261 2575 307 2608 N.
332 2578 394 2615 11,
420 2575 484 2616 37,
513 2575 590 2615 47.,
624 2574 782 2607 Macrob.
815 2574 892 2607 Sat.

77 2621 118 2655 7
148 2623 201 2654 10.
232 2626 298 2654 etc.
310 2622 346 2665 ],
381 2632 443 2654 nec
475 2600 649 2665 decrepiti
685 2630 784 2653 senes
817 2620 892 2665 apti

77 2665 224 2699 fuissent
249 2667 292 2700 ad
316 2667 558 2701 excubandum.
576 2685 620 2692 —
640 2665 892 2709 λέξασθαι,

79 2711 196 2766 colligi
216 2724 275 2746 seu
295 2715 503 2757 congregari
529 2725 569 2747 ac
595 2712 732 2767 disponi
760 2712 797 2745 in
819 2724 892 2745 mu-

80 2759 128 2792 ris
149 2759 193 2791 ad
216 2759 377 2792 excubias
396 2760 574 2802 agendum.
611 2760 657 2792 cf.
683 2756 718 2798 ι’,
740 2760 806 2799 66,
834 2761 892 2794 77.

80 2806 314 2849 -θεοδμ-
340 2803 499 2848 η’,,452
526 2808 558 2841 3
586 2823 630 2830 —
655 2801 807 2848 υγιής.
831 2816 892 2838 sa-

79 2862 166 2891 nus,
191 2852 223 2884 h.
242 2864 273 2885 e.
298 2852 428 2892 bonus,
453 2852 566 2893 utilis,
592 2852 756 2895 prudens.
798 2851 891 2894 quod

80 2896 114 2930 in
135 2908 300 2942 praesens
319 2897 434 2931 facere
451 2898 632 2938 conducat,
656 2897 691 2930 id
707 2908 746 2930 se
763 2896 893 2930 dixisse

80 2943 150 2982 ait;
176 2955 253 2976 cras
274 2943 371 2988 plura
395 2943 574 2978 dicturum.
600 2963 646 2968 —
679 2940 893 2987 εύχομαι

82 2989 164 3023 Διῒ
197 2988 288 3024 ἄλλ.
318 3001 362 3024 τε
393 2992 433 3025 θ.
446 3015 456 3031 ‚
496 3002 561 3024 non
593 2988 668 3024 ἐλπ.
703 2990 770 3024 Διῒ
794 2990 892 3045 etc.)

81 3038 275 3081 Κηρεσσ.
307 3034 398 3078 τούς
428 3035 504 3072 υπὸ
539 3033 760 3081 εἱμαρμένης
787 3033 893 3081 ἠγμέ·

941 2032 1054 2059 νους,
1089 2016 1414 2063 μοιροφορήτους,
1449 2013 1473 2062 ἢ
1501 2011 1568 2056 οὓς
1595 2016 1633 2051 αἱ
1656 2019 1757 2052 Μοῖ-

941 2079 1004 2109 ραι
1030 2064 1259 2099 ἀποισουσιν.
1304 2063 1508 2109 (permiscet
1531 2063 1629 2096 homo
1655 2065 1757 2099 Μοί-

941 2126 1007 2155 ρας
1032 2117 1068 2145 et
1094 2113 1241 2156 Κῆρας,
1265 2110 1308 2144 de
1331 2111 1456 2166 quibus
1479 2109 1522 2143 ad
1543 2107 1588 2154 β’,
1601 2111 1682 2145 302
1708 2112 1754 2145 cs.

940 2161 1137 2192 Cammann.
1156 2171 1187 2203 p.
1201 2157 1280 2192 206.
1291 2177 1336 2180 —
1364 2169 1657 2200 ους-νηων,
1682 2169 1754 2190 me—

939 2217 977 2239 ra
1001 2205 1261 2249 interpretatio,
1287 2204 1384 2246 cujus
1407 2214 1470 2235 nec
1497 2201 1572 2246 ipsa
1595 2210 1754 2237 constru-

938 2251 1007 2285 ctio
1023 2252 1199 2284 verborum
1219 2250 1381 2293 congruit
1399 2249 1537 2282 Homeri
1556 2249 1670 2282 dictis.
1695 2262 1754 2283 re·-

940 2303 994 2331 cte
1018 2298 1103 2331 haec
1120 2296 1232 2331 omisit
1251 2295 1464 2336 Zenodotus,
1489 2295 1535 2328 W
1554 2295 1755 2330 uncinisiu—

939 2344 1071 2386 clusit.)

985 2391 1063 2424 5Ξ8.
1086 2400 1183 2434 sequ.
1232 2385 1310 2422 ἐπὶ
1334 2387 1488 2423 νυκτί.
1521 2386 1752 2432 διάτῆςνυ-

938 2436 1035 2476 κτός.
1060 2437 1141 2469 Sch.
1192 2431 1340 2479 ἡμέας
1364 2433 1514 2478 ineptum
1535 2438 1609 2475 est,
1643 2435 1753 2479 siqui—

940 2482 1015 2515 dem
1044 2483 1162 2516 hostes
1199 2480 1407 2514 observandi
1439 2485 1558 2521 erant,
1592 2492 1657 2514 non
1682 2481 1752 2526 ipsi

939 2528 1097 2572 Trojani.
1146 2527 1373 2572 probabiliter
1404 2527 1457 2560 H:
1498 2523 1626 2568 ἡμέες,
1661 2527 1753 2571 quod

938 2586 1062 2608 vereor
1088 2586 1132 2607 ne
1161 2573 1245 2606 alias
1276 2584 1414 2618 quoque
1435 2573 1681 2606 restituendum
1704 2573 1774 2608 sit·

938 2621 1101 2655 Homero.
1119 2639 1159 2644 —
1179 2618 1202 2654 ὑ
1215 2632 1241 2653 π
1252 2633 1274 2663 η
1287 2633 1305 2654 ο
1319 2623 1334 2654 ῖ
1344 2632 1362 2653 o
1375 2633 1386 2653 ι
1399 2645 1408 2661 ,
1429 2620 1604 2658 matutini,
1623 2619 1751 2653 dictum
1770 2623 1773 2660 ᾗ

940 2674 993 2701 est
1017 2673 1056 2700 ut
1078 2666 1302 2708 παννύχιος,
1327 2670 1530 2706 nocturnus,
1556 2670 1591 2699 et
1611 2677 1752 2708 vesper-

938 2715 1055 2754 tinus,
1078 2714 1308 2756 vespertinum
1333 2723 1387 2756 ap.
1409 2712 1532 2745 Horat.
1561 2723 1624 2755 pro
1642 2723 1752 2753 mane,

938 2764 1044 2793 noctu
1058 2784 1068 2800 ‚
1091 2758 1240 2804 vesperi.

938 2804 983 2847 6'‚
1009 2806 1087 2840 656.
1110 2805 1208 2839 etH.

984 2850 1214 2886 534—544.
1264 2850 1554 2885 διαείσεται.
1595 2849 1679 2893 διαγ
1658 2847 1767 2894 γνώ-ἰ

939 2910 1052 2932 σεται.
1077 2897 1229 2951 Hesych.
1256 2895 1437 2931 annotavit
1456 2896 1504 2934 E,
1528 2894 1656 2928 dictum
1673 2906 1750 2929 esse
1765 2908 1768 2929 z

938 2950 978 2978 ut
1012 2945 1128 2979 δίειπε
1160 2941 1204 2984 κ’,
1229 2943 1307 2977 425.
1355 2954 1437 2976 sane
1465 2938 1664 2985 αὐξητικὸν
1696 2945 1767 2974 est*

938 2989 980 3025 τὸ
1007 2989 1093 3031 διοὶ,
1130 2993 1169 3022 ut
1200 3000 1305 3045 saepe
1334 2988 1420 3022 alias
1449 2988 1484 3021 in
1512 2987 1627 3022 verbis
1660 2998 1766 3027 com-

938 3037 1073 3083 positiS.
1117 3053 1160 3060 -—
1212 3033 1459 3080 οὐτηθεὶς.
1499 3034 1668 3078 τρωθείς.
1704 3036 1765 3057 —'

1784 3117 1789 3251 ί

1276 2759 1321 2793 cf.
1344 2757 1388 2801 a',
1409 2758 1499 2799 277,
1517 2758 1598 2800 303,
1621 2752 1770 2802 edyssa*
