1811 3269
263 861 380 908 ,,Ζεῦ
412 857 610 909 κύδιστε,
641 855 835 927 μέγιστε,

15 1395 51 1424 et
81 1391 204 1426 similia
242 1393 369 1438 Odyss.
401 1390 443 1434 λ’,
469 1395 536 1434 76,
570 1391 621 1438 φ’,
647 1394 736 1435 255,
771 1392 810 1426 ω’
815 1419 824 1436 ,

13 1437 92 1473 432.
126 1439 184 1473 sed
211 1439 297 1473 dura
321 1443 374 1473 est
401 1441 487 1473 haec
512 1441 614 1482 ratio,
642 1452 705 1474 nec
725 1452 824 1496 repe-

13 1484 151 1518 riendus
176 1497 233 1530 ap.
256 1486 446 1530 scriptores
469 1486 584 1528 locus,
611 1487 646 1520 in
671 1498 739 1530 quo
761 1484 824 1520 πέ-

12 1532 144 1566 λεσθαι
169 1531 235 1565 isto
268 1543 368 1566 sensu
400 1533 546 1575 legatur.
593 1543 700 1577 quare
726 1531 825 1576 pedi·

11 1577 78 1610 bus
102 1590 142 1611 eo
167 1577 200 1611 in
224 1579 429 1612 sententiam
454 1578 623 1621 Barnesii‚
647 1577 779 1611 scribi·
769 1589 825 1622 Ju-

13 1623 126 1657 bentis
149 1623 314 1669 μέληται.
360 1625 430 1664 sic‚
457 1631 646 1658 annotante
664 1624 768 1657 Schn.
791 1636 825 1657 v.

13 1668 132 1714 μέλω,
155 1671 297 1715 Dionys.
318 1670 455 1714 Perieg.
475 1672 575 1706 806.
601 1670 645 1706 τοὶ
664 1668 730 1714 μὲν
749 1674 825 1705 Λυ-

15 1717 113 1752 δοῖσι
147 1716 228 1760 μετ’
264 1715 501 1760 ἄνθρωποισι
526 1717 730 1770 μέλονται,
767 1716 826 1762 qui

14 1762 108 1797 locus
133 1764 285 1808 geminus
307 1768 361 1798 est
387 1768 442 1804 et,
469 1763 536 1796 nisi
559 1765 673 1806 fallor,
699 1775 740 1797 ex
752 1764 826 1797 Ho-

14 1810 140 1843 meiico
167 1821 363 1855 expressus.
411 1809 482 1843 late
517 1815 628 1844 autem
655 1815 753 1856 patet
776 1810 826 1843 si-

15 1855 189 1900 gnificatio
225 1857 322 1890 verbi
349 1855 546 1900 μέλεσθαι,
570 1868 744 1902 saepeque
761 1855 825 1900 με’-

14 1904 91 1936 λειν
123 1914 183 1936 seu
217 1903 395 1945 μέλεσθαί
424 1916 497 1937 τινι
528 1902 655 1936 dicitur
680 1903 731 1944 is,
765 1903 824 1948 qui

15 1948 117 1982 alicui
141 1952 239 1982 notus
264 1954 340 1990 est,
370 1950 465 1983 velut
488 1949 634 1992 Ulysses
659 1928 745 1983 dici⁹t
773 1950 825 1982 0-

16 1995 110 2050 dyss.
132 1993 168 2036 ι’,
197 1997 268 2030 19.-
295 1992 365 2038 εἴμ’
387 1993 517 2031 ἐΟδυσ
521 1993 565 2035 ὓς
582 1994 825 2040 Λαερτιάδης,

18 2036 67 2082 ὃς
99 2043 216 2076 πᾶσι
253 2041 482 2078 δόλοισι1
512 2040 825 2099 Ἀνθρώποισι

14 2086 151 2131 μέλω,
190 2090 273 2123 καί
306 2101 393 2132 μευ
426 2087 566 2129 κλέος
607 2086 826 2131 ουρανὸν

16 2135 134 2170 ἴκειε
172 2134 229 2179 qui
259 2147 381 2169 sensus
411 2136 464 2169 his
489 2147 625 2180 quoque
649 2140 718 2168 tam
744 2146 826 2169 con-

15 2180 128 2222 venit,
152 2192 252 2226 quam
271 2182 329 2227 qui
349 2182 503 2216 maxime.
539 2181 640 2215 Sch.:
666 2179 747 2224 η’τις
765 2195 827 2215 και

33 2240 54 2263 v
76 2231 154 2268 τοῖς
177 2227 492 2272 μεταγενεστέροις
516 2228 579 2264 καὶ
594 2227 687 2271 μετὰ
707 2229 828 2263 ταῦτα

17 2273 204 2318 εσομένοις
223 2273 443 2318 άνθρωποις
473 2288 536 2320 φα
550 2286 626 2316 νερ
640 2289 663 2309 α
690 2272 827 2321 γενή-

16 2322 471 2367 σεται,11.εε.μέληται,
488 2327 572 2355 ποτα
586 2323 663 2363 erit,
674 2323 826 2355 celebra-

15 2368 116 2402 bitur.
130 2367 173 2400 ad
181 2369 387 2413 scripturam
401 2368 553 2413 πέληται
561 2368 722 2413 pertinet,
735 2368 826 2413 quod

14 2413 186 2449 recentior
210 2415 337 2460 aliquis
355 2415 500 2456 addidit,
519 2415 582 2450 καὶ
598 2418 712 2459 μενεῖ,
733 2417 828 2450 καθ-

17 2459 107 2504 άπερ
127 2458 253 2504 νόμος.
302 2461 369 2494 huc
395 2462 552 2502 accedit,
586 2461 678 2505 quod
705 2472 825 2495 novum

16 2518 83 2541 nnn
106 2512 172 2548 est,
197 2520 222 2551 μ
246 2512 283 2541 et
306 2521 332 2541 π
356 2508 491 2541 litteras
513 2508 604 2541 inter
628 2519 666 2541 se
691 2519 826 2553 permu-

16 2553 98 2596 tari,
122 2553 402 2609 quemadmodum
427 2554 657 2589 παντόσυνοι
680 2555 758 2589 olim
779 2554 828 2587 le-

0 2647 58 2685 *A.
75 2646 166 2688 681,
190 2651 226 2680 et
248 2647 424 2681 contraria
448 2648 567 2681 menda
591 2659 656 2691 μοι
675 2645 828 2681 ἔσεσθαι

15 2702 55 2738 p.
77 2671 301 2736 ποιήσεσθαι
326 2705 382 2739 ap.
407 2693 528 2738 Xenop
534 2695 565 2727 h.
592 2694 700 2728 Anab.
725 2694 766 2734 7,
793 2695 826 2734 6,

0 2738 76 2783 ,202
111 2738 155 2770 cf.
179 2739 337 2784 Aeschyl.
358 2740 472 2774 Theb.
491 2740 579 2782 543,
606 2739 730 2785 Eurip.
749 2717 826 2785 I’ph.

19 2783 66 2819 Τ.
87 2784 176 2826 258,
201 2785 230 2818 C
256 2785 297 2820 cl.
317 2786 396 2822 573.
415 2792 482 2822 etc.

66 2829 145 2864 288.
193 2842 209 2865 ε
259 2829 296 2867 δ’
321 2829 440 2867 ὃὶν-
466 2830 552 2867 οὐκ
577 2830 826 2867 εθέλωσιν.

21 2876 260 2920 expectaveris
281 2877 340 2923 μὴ
366 2876 448 2920 εἶθ,
481 2879 542 2912 sed
575 2892 598 2913 ν
604 2875 643 2921 φ’
669 2890 707 2913 εν
732 2877 827 2911 3οοί-

18 2921 829 3014 ξὲῗέἓυῗὲωέἶῗξῗδὲυέἐθ..ἓῖἰπυῳθωῖ

21 3025 110 3061 nego
133 3020 201 3051 etc.
245 3028 279 3050 v.
302 3016 355 3060 U,
386 3018 502 3053 Herm.
504 2985 612 3053 7ι31111.
629 2985 682 3051 33
707 2983 826 3062 vngng..

0 3061 116 3103 ›309.‚
142 3062 211 3098 Th.
236 3065 270 3105 §.
294 3064 381 3108 327,
404 3066 437 3100 3.

579 175 1013 216 ΙΛΙΑΔΟΣ
1071 177 1116 215 Γ.

186 912 423 970 ὁππότεροι
452 913 663 968 πρότεροι
693 914 803 966 ὑπὲρ
835 912 965 968 ὅρκια
995 910 1253 982 πημήνειαν,

71 975 154 1014 300
185 971 269 1013 ώδέ
301 970 378 1024 σφ’
414 970 652 1026 εγκέφαλος
680 970 866 1041 χαμάδις
898 970 1015 1024 ῥέοι,
1047 967 1105 1019 (ὃς
1137 967 1211 1011 ὅδε
1243 973 1377 1019 οἰνος,

185 1026 333 1070 αὐτῶν
361 1028 435 1070 καὶ.
463 1028 646 1079 τεκέων,
676 1028 854 1098 ἄλοχοι
858 1026 899 1070 δ’
930 1026 1099 1070 ἄλλοισι
1130 1026 1346 1097 δαμεῖενμ

257 1082 339 1134 Ὼς
369 1085 504 1140 ἔφαν·
537 1083 638 1128 οὐδ’
672 1084 758 1139 ἄρα
788 1083 856 1127 πώ
889 1096 995 1138 σφιν
1027 1083 1301 1134 ἐπεκραίαινε
1331 1081 1550 1135 Κρονίων

183 1146 294 1184 τοῖσι
325 1141 371 1184 δε
402 1143 684 1198 Δαρδανίδης
716 1144 916 1210 Πρίαμος
945 1140 1049 1194 μετα
1082 1144 1232 1194 μῦθον
1263 1140 1427 1182 ἔειπεν·

260 1198 478 1252 ,,Κέκλυτέ
510 1215 614 1254 μευ,
653 1203 797 1252 Τρῶες
827 1198 902 1241 καὶ
930 1195 1184 1252 ἐϋκνήμιδες
1211 1195 1399 1252 Ἀχαιοί’

71 1257 154 1299 305
184 1257 283 1310 ἦτοι
311 1255 424 1310 εγών
456 1261 541 1310 εἰμι
571 1256 700 1311 προτὶ
718 1255 856 1299 Ἴλιον
882 1252 1153 1325 ἠνεμόεσσαν

184 1311 269 1365 ἂψ,
300 1312 389 1356 ἐπεὶ
420 1313 545 1356 οὔπω
576 1311 760 1369 τλήσομ’
791 1314 837 1356 ἐν
868 1310 1171 1366 ὀφθαλμοῖσιν
1202 1308 1396 1364 ὁρᾶσθαι

42 2600 165 2634 ebatur
189 2612 252 2645 pro
276 2598 503 2643 μαντόσυνοι
530 2612 586 2644 ap.
608 2600 732 2650 Eurip.
750 2600 826 2644 Iph.
871 2597 918 2644 β’,

1599 175 1683 215 195

186 291 223 334 εἰ
253 287 296 333 6'
330 288 386 331 ἂν
393 287 513 356 ἐμοὶ
541 285 672 342 τιμήν
704 286 906 339 Πρίαμος
939 283 1164 341 Πριάμοιό
1193 299 1237 327 τε
1267 285 1418 334 παῖδες

186 350 320 390 τίνειν
350 342 435 386 οὐκ
466 344 676 387 ἐθέλωσιν
701 340 1005 395 Ἀλεξάνδροιο
1036 342 1258 392 πεσόντος,

72 410 155 451 290
187 401 324 460 αὐτὰρ
357 400 437 455 ἐγω
469 401 541 444 καὶ
572 400 716 444 ἔπειτα
747 397 999 468 μαχήσομαι
1032 415 1176 442 εινεκα
1205 401 1376 454 ποινῆς,

187 455 294 504 αὖθι
323 460 493 528 μένων,
521 459 616 509 εἵως
645 474 692 501 κε
723 458 846 508 τέλος
875 455 1084 509 πολέμοιο
1119 458 1288 512 κιχείω.

256 511 332 568 'H,
363 516 436 558 καὶ
467 514 554 558 άπὸ
586 515 831 571 στομάχους
860 513 1012 568 οἷρνων
1028 511 1145 582 τάμε
1175 512 1298 568 νηλέϊ
1326 516 1485 569 χαλκῷ,

184 573 257 616 καὶ
287 571 390 622 τοὺς
419 572 498 626 μὲν
526 572 770 642 κατέθηκεν
799 571 869 614 ἐπὶ
897 567 1063 626 χθονός
1094 568 1403 623 ἀσπαίροντας,

184 634 335 690 θυμοῦ
366 630 632 701 δευομένους
664 627 770 699 (ἀπό
802 645 886 684 γαρ
916 627 1047 682 μένος
1077 627 1209 668 εἵλετο
1238 627 1437 681 χαλκός)·

73 688 154 731 295
186 684 312 729 οἶνον
342 684 384 729 δ’
416 686 463 730 ἐκ
492 690 709 742 κρητῆρος
738 684 1047 759 ἀφυσσάμενοι
1077 682 1310 726 δεπάεσσιν

186 743 352 801 ἔκχεον,
383 742 455 798 ἠδ’
490 743 670 799 εὔχοντο
701 748 823 793 θεοῖς
853 740 1184 796 αἰειγενέτῃσιν·

187 802 270 843 ὦδε
301 802 346 843 δέ
377 817 441 851 τις
471 802 666 843 είπεσκεν
683 799 876 870 Ἀχαιων
905 815 949 841 τε
984 797 1150 850 Τρώων
1179 811 1244 839 τε·

867 856 941 899 καὶ
971 853 1190 898 αθάνατοι
1219 854 1316 897 θεοὶ
1347 852 1485 905 ἄλλοι,

1274 965 1291 972 a·-

916 1393 996 1427 290.
1044 1391 1231 1435 ποινῆς.
1278 1388 1537 1429 αντεκτίσεως,
1573 1401 1684 1432 τιμω·

871 1440 962 1481 ρίας.
987 1437 1067 1471 Sch.
1101 1437 1402 1482 compensationis,
1428 1447 1490 1480 per
1509 1446 1608 1480 quam
1627 1446 1683 1469 sa·

870 1486 916 1518 tis
937 1483 1080 1517 facimus
1107 1495 1167 1528 pro
1194 1483 1312 1523 caede,
1339 1482 1477 1515 311318
1468 1481 1612 1525 injuria:
1638 1482 1682 1514 cf.

870 1544 914 1572 ν,
940 1531 1028 1570 659,
1053 1526 1095 1573 ρ’,
1119 1531 1208 1569 207,
1234 1527 1276 1570 σ’,
1301 1530 1381 1563 498.
1411 1529 1465 1561 Ex
1483 1529 1530 1562 Η.

917 1577 996 1612 291.
1046 1595 1090 1600 -
1114 1573 1157 1609 τὸ
1196 1554 1237 1610 65
1267 1554 1396 1610 αὖθι
1426 1574 1586 1617 μένων
1622 1573 1684 1608 καὶ

871 1623 953 1668 ἑξῆς
975 1622 1201 1666 περίφρασίς
1224 1619 1298 1656 ἐστι
1321 1621 1391 1656 τοῦ
1406 1623 1627 1665 πολιορκεῖν.
1642 1621 1683 1654 Ε.

871 1682 952 1713 κιχ.
976 1667 1185 1715 καταλάβω.
1211 1668 1294 1702 Sch.

917 1718 997 1752 292.
1044 1716 1079 1760 ἠ.
1115 1727 1147 1749 ν
1170 1712 1218 1756 α’,
1241 1715 1321 1749 219.
1371 1724 1498 1756 στομ.
1536 1713 1678 1770 φάρη-

870 1775 958 1808 γας,
983 1760 1163 1806 λαιμονς,
1191 1760 1268 1796 ἐπεὶ
1291 1759 1526 1803 συνέζευκται
1547 1757 1566 1795 ὁ
1598 1760 1683 1795 στό

870 1822 988 1854 μαχος
1022 1810 1071 1855 τῷ
1109 1809 1240 1855 λαιμῷ.
1274 1808 1354 1841 Sch.
1421 1808 1590 1854 χαλκῷ.
1637 1821 1684 1849 α,

916 1883 997 1943 293,
1022 1900 1054 1935 4.
1101 1897 1202 1935 ἆσπ.
1229 1898 1578 1944 ψυχορραγοῦντας,
1598 1911 1685 1935 σκα-

872 1949 1053 1993 ρίζοντας.
1098 1949 1120 1981 δ
1133 1959 1148 1982 ε
1159 1959 1181 1982 ν
1193 1960 1212 1982 ο
1224 1959 1261 2001 μ
1264 1949 1280 1982 ε’
1291 1960 1311 1979 ν
1323 1960 1342 1981 ο
1356 1960 1377 1981 v
1390 1960 1417 1988 ς
1445 1946 1687 1990 ενδεομένους

870 2000 932 2030 καὶ
958 1994 1159 2039 χρήζοντας
1191 1994 1261 2028 τοῦ
1287 1994 1419 2036 θυμοῦ
1434 2018 1443 2036 ,
1477 1991 1501 2029 ὅ
1520 1993 1596 2028 ἐστι
1621 1996 1687 2040 τῆς

871 2043 1013 2087 ψυχῆς,
1036 2039 1277 2098 τεθνηκότας.
1308 2040 1389 2074 Sch.

917 2090 998 2124 296.
1047 2085 1235 2131 ἔκχεον,
1255 2087 1477 2130 effundebant
1498 2085 1602 2127 humi,
1623 2098 1686 2121 nec

872 2134 1058 2175 bibebant,
1091 2134 1182 2167 sicut
1206 2144 1319 2178 neque
1345 2132 1445 2178 agnis
1469 2132 1536 2166 illis
1565 2144 1685 2167 vesce—

875 2182 1012 2215 bantur.
1049 2191 1082 2212 v.
1108 2191 1184 2215 ann.
1208 2180 1251 2213 ad
1276 2180 1356 2214 310.

920 2229 1001 2262 299.
1044 2223 1204 2268 ὑπὲρ
1191 2223 1342 2270 όρκια.
1369 2226 1478 2260 Vossz
1496 2225 1686 2259 widerden

875 2270 1597 2316 Eidschwur.Sch.:mw.ss2.021pscav
1619 2271 1684 2307 διὰ

874 2318 916 2354 τὸ
951 2321 1153 2363 παρελθεῖν
1196 2317 1346 2377 αὐτούς.
1389 2317 1506 2375 (τούς
1538 2317 1683 2362 ὅρκους.

866 2366 1038 2410 freveln.)
1062 2366 1127 2398 W.
1150 2367 1374 2411 ,,πημαίνειν
1390 2384 1436 2390 —
1453 2362 1548 2411 νπὲρ
1567 2365 1686 2410 όρκια,

874 2414 959 2446 iiber
995 2413 1062 2445 (len
1090 2412 1196 2445 Bund
1235 2411 1509 2446 verbrecherisch
1541 2413 1686 2446 hinaus-

871 2459 1035 2514 gehenfl
1080 2477 1125 2483 —
1170 2458 1686 2501 cf.107‚1x1atth.§.582.

872 2503 1104 2548 ,,’ὑπερο’ρκια
1141 2515 1209 2538 11113
1240 2517 1328 2539 voce
1356 2504 1449 2539 Mori
1489 2505 1596 2539 codex
1630 2517 1685 2550 ap.

872 2531 1009 2592 ’Bentl.,
1035 2552 1191 2585 Moscov.
1217 2552 1248 2585 1.
1274 2556 1309 2585 et
1332 2551 1402 2595 alii,
1430 2555 1470 2585 ut
1492 2564 1686 2597 νπερμορα

946 2576 1024 2633 155.
1028 2599 1050 2616 “
1078 2598 1130 2630 Ex
1149 2599 1195 2631 H.

920 2645 1000 2680 301.
1049 2645 1145 2687 δαμ
1119 2656 1157 2687 μ.
1190 2643 1241 2678 sic
1267 2643 1352 2676 Ven.

874 2694 912 2724 ut
935 2689 978 2732 σ’,
1001 2688 1082 2726 432.
1115 2690 1217 2745 vulgo
1238 2692 1398 2746 μιγεῖεν,
1424 2668 1539 2746 quod?
1544 2695 1598 2724 est
1623 2690 1686 2724 mi-

874 2748 939 2770 nus
964 2734 1183 2781 ἕμφατικόν.
1232 2733 1432 2771 ἄλλοισι
1457 2747 1491 2782 p.
1516 2732 1592 2771 υπὸ
1619 2735 1685 2771 ἄλ-

875 2787 959 2818 λων.
990 2783 1116 2818 Matth.
1144 2785 1176 2825 ἓ.
1200 2782 1291 2825 392,
1315 2783 1349 2828 β.

920 2831 1000 2866 306
1051 2842 1198 2865 ονπω.
1225 2830 1258 2862 11.
1285 2840 1315 2863 e.
1342 2827 1479 2869 οὔπως,
1497 2838 1684 2882 nunquam,

874 2888 1116 2921 nequaquam,
1140 2880 1179 2909 ut
1205 2873 1247 2918 ξ’,
1274 2873 1363 2917 143,
1388 2875 1463 2919 od)
1461 2885 1516 2907 ·.ss
1536 2887 1578 2918 y,
1603 2875 1684 2916 226,

873 2923 1032 2981 Xenoph.
1068 2923 1170 2956 Mem.
1196 2921 1295 2956 Socr.
1320 2923 1363 2963 3,
1393 2921 1454 2962 14,
1479 2921 1512 2954 2.
1561 2899 1607 2952 c'f.
1639 2919 1683 2952 E.

874 2969 977 3002 8011.-
970 2994 977 3002 .
1001 2968 1106 3004 ἐπεὶ
1132 2965 1303 3009 ου’πως.
1337 2967 1437 3011 (sic.)
1469 2963 1595 3010 επειδη
1621 2962 1685 3000 οὐ·

876 3015 1013 3059 δαμῶς.
1053 3015 1164 3049 idem·
1188 3014 1447 3059 τλήσομαι.
1472 3012 1573 3056 (sic.)
1599 3025 1686 3055 καρ-

875 3060 1039 3107 τερήσω,
1062 3059 1248 3104 ὑπομενῶ.
1277 3060 1357 3093 Sch.
1386 3059 1496 3129 *Juno
1517 3069 1572 3103 ap.
1587 3058 1686 3103 Virg.

1305 3104 1410 3149 13*

1378 2642 1539 2685 Tow.‚nl
1565 2644 1624 2685 W,
1640 2643 1687 2684 Η,
