1811 3269
612 168 1037 211 ΙΛΙΑΔΟΣ
1097 169 1146 208 Κ.
1670 169 1725 210 57

226 282 306 325 αἰεὶ
338 280 379 324 δ’
412 281 458 323 ἐν
488 280 660 336 δαίτῃσι
689 279 762 321 καὶ
793 279 1036 334 εἰλαπίνῃσι
1067 276 1323 331 ποιρέσίοιί.ιε

292 338 374 388 “Ως
404 335 553 392 ἔφαθ’,
587 337 631 378 οἱ
661 335 702 378 δ’
735 335 821 387 ἄρα
851 333 1008 384 πάντες
1037 333 1152 403 ἀκήν
1181 333 1382 388 ἐγένοντο
1415 339 1580 390 σιωπῇ·

227 400 341 437 τοῖσι
372 393 417 436 δὲ
447 394 520 436 καὶ
549 393 738 465 μετέειπε
768 391 879 446 βοὴν
905 390 1075 445 ἀγαθὸς
1107 389 1353 460 Διομήδης·

114 459 196 497 220

310 450 533 503 ,,Νέστορ,
566 448 632 503 ε’μ’
665 448 840 502 ὀτρύνει
870 450 1030 502 κραδίη
1060 449 1133 491 καὶ
1163 446 1308 502 θυμὸς
1343 445 1522 502 ἀγήνωρ

229 505 406 560 ανδρών
439 506 689 560 δυσμενέων
721 509 850 549 δῦναι
882 505 1070 558 στρατὸν
1101 504 1228 558 ἐγγυς
1261 504 1437 553 ἐόντων,

230 564 417 617 Τρώων
455 562 551 606 ἀλλ’
585 565 625 606 εἴ
651 564 716 613 τίς
746 579 820 618 μοι
851 559 960 617 ἀνήρ
992 559 1068 616 ἅμ’
1101 561 1248 604 ἕποιτο
1280 560 1353 604 καὶ
1388 559 1535 610 ἄλλος,

223 625 388 676 μᾶλλον
417 619 631 690 θαλπωρὴ
667 620 739 662 καὶ
768 617 1131 692 θαρσαλεώτερον
1161 617 1292 669 ἔσται,

227 677 305 729 ξύν
335 694 379 720 τε
411 675 483 720 δύ’
516 676 733 748 ἐρχομένω
764 678 838 719 καί
867 692 910 719 τε
939 675 1024 726 πρὸ
1056 674 1081 718 ὃ
1111 678 1191 717 τοῦ
1222 673 1413 729 ἐνόησεν,

116 738 197 780 225
232 734 380 785 ὅππως
409 735 564 786 κέρδος
591 733 666 800 ἔῃ·
697 737 876 802 μοῦνος
895 730 934 776 δ’
967 733 1082 786 εἴπερ
1112 747 1158 774 τε
1185 730 1340 801 νοήσῃ,

229 789 338 834 ἀλλά
366 791 413 847 γέ
445 793 488 834 οἱ
516 788 722 846 βράσσων
750 806 794 833 τε
823 789 952 840 νόος,
983 787 1116 844 λεπτὴ
1148 787 1195 831 δέ
1225 803 1269 830 τε
1294 788 1458 842 μῆτις-ι’

55 893 252 940 ὑπόῤῥηνα
277 893 317 929 δὲ
351 893 521 940 συμβόλῳ
546 894 616 929 τινὶ
643 894 770 939 αἰσίῳ,
804 895 868 929 ἵνα

57 941 237 986 ἔγκαρπον
261 941 330 986 τήν
356 943 512 985 πορείαν
536 938 776 995 ποιήσωνται.
800 941 866 974 imo

56 990 185 1032 majore
209 988 243 1021 in
269 988 381 1032 pretio
406 994 458 1021 est
483 988 554 1021 feta
572 988 667 1028 ovis3
694 986 786 1032 quod
807 1000 867 1021 au-

57 1040 122 1068 tem
159 1034 203 1068 ad
238 1034 384 1067 colmem
418 1035 562 1075 attinet,
601 1033 791 1067 Columella
824 1035 868 1067 de

56 1082 100 1115 R.
129 1081 169 1116 R.
193 1080 235 1120 7,
260 1081 318 1120 2.,
357 1087 537 1133 postquam
562 1079 670 1120 dixit,
705 1080 867 1123 optimum

57 1132 162 1171 atque
186 1105 400 1159 utilissimum
426 1126 535 1159 ovium
555 1126 700 1158 colorem
721 1136 796 1158 esse
816 1127 867 1158 al-

56 1174 156 1213 bum,
188 1174 280 1216 quod
314 1185 355 1205 ex
391 1184 431 1206 eo
468 1172 517 1204 co!
523 1183 583 1205 01e
609 1171 744 1214 plurimi
771 1172 866 1213 fiant,

55 1231 167 1263 neque
193 1218 249 1251 hic
273 1230 314 1251 ex
337 1218 422 1252 alio:
449 1223 551 1259 „sunt
575 1219 704 1256 αἰανῆ,6
709 1221 718 1236 ‘
743 1218 868 1261 inquit,

54 1271 203 1308 „suapte
221 1270 347 1298 natura
364 1265 474 1308 pretio
488 1265 774 1297 commendabiles
792 1265 867 1307 pul—

56 1312 107 1345 lus
127 1318 233 1354 atque
258 1312 397 1352 fuscus,
423 1322 507 1354 quos
532 1312 701 1354 praebent
728 1312 763 1344 in
795 1312 867 1344 Ita-

56 1359 106 1391 lia
129 1357 321 1397 Pollentia,
346 1359 382 1390 in
406 1358 550 1390 Baetica
576 1358 774 1390 Corcluba.“
822 1357 867 1390 cf.

53 1404 143 1439 Plin.
170 1404 215 1439 H.
242 1404 288 1437 N.
315 1405 356 1444 8,
389 1404 445 1438 48.
481 1404 668 1447 generatim
701 1403 870 1437 debiliora

23 1478 26 1479 ⁷
54 1461 132 1484 esse
165 1449 234 1482 albi
268 1449 393 1483 coloris
427 1449 585 1482 animalia
618 1450 795 1482 contendit
820 1450 865 1483 K.

54 1516 98 1522 —
121 1497 291 1539 θηλνν.
322 1508 342 1530 a
367 1495 489 1537 θάειν,
517 1508 537 1529 a
562 1495 754 1535 nutriendo,
777 1496 867 1539 quod

55 1542 133 1576 femi
123 1554 255 1576 ¹narum
301 1542 477 1597 proprium
530 1548 594 1575 est.
641 1562 685 1566 —
729 1542 868 1575 Schol.·

54 1585 346 1645 υπόῤῥηνον.
374 1587 555 1630 ν’παρνον,
581 1587 724 1643 ἔγκυον.
760 1588 868 1633 ῥῆνες

55 1648 125 1680 γαρ
151 1636 187 1669 οὶ
213 1634 336 1679 ἄρνες.
382 1636 427 1668 cf.
454 1647 532 1668 ann.
558 1636 599 1668 ad
628 1632 663 1676 ι’,
691 1635 768 1671 154.
813 1647 869 1668 se-

54 1683 120 1716 mel
145 1682 242 1715 dixit.
273 1702 309 1706 —
346 1682 399 1738 τῇ
423 1679 477 1724 μὲ
490 1695 567 1715 ν-
596 1677 785 1724 ὁμοῖον.
823 1677 866 1725 ἧς

55 1726 167 1764 ουδὲν
200 1729 322 1772 κτῆμα
356 1726 489 1770 όμοιον
523 1725 586 1762 δια
619 1729 686 1773 τῆν
720 1729 866 1770 πρᾶξιν.

55 1775 150 1818 cujus
174 1775 247 1808 ovis
278 1775 481 1818 possessioni
511 1776 584 1807 alia
612 1776 710 1808 nulla
746 1776 866 1819 aequi-

52 1821 217 1865 paranda
240 1826 300 1854 est.
338 1821 551 1854 utilissimum
573 1821 696 1854 animal
720 1833 795 1855 esse
815 1821 867 1854 di-

56 1867 105 1900 cit
127 1878 238 1901 ovem.
287 1866 447 1912 apposite
466 1867 654 1900 Columella
673 1867 694 1900 l.
718 1867 759 1900 l.:
786 1868 867 1901 Post

54 1915 201 1956 majores
221 1913 462 1957 quadrupedes
483 1914 579 1946 ovilli
600 1915 731 1956 pecoris
747 1925 866 1946 secun-

55 1961 103 1993 da
122 1961 214 1992 ratio
236 1964 305 1998 est,
331 1971 422 2003 quae
447 1959 555 2004 prima
579 1959 640 2000 fit,
666 1959 694 1993 si
727 1960 770 1993 ad
800 1959 869 1993 uti-

53 2005 163 2040 litatis
202 2005 465 2049 magnitudinem
504 2005 646 2039 referas.
713 2018 795 2038 uam
834 2007 869 2038 id

51 2052 239 2097 praecipue
257 2063 319 2084 nos
351 2057 471 2085 contra
493 2052 643 2095 frigoris
666 2052 868 2085 violentiam

51 2099 229 2143 protegit,
256 2099 515 2141 corporibusque
541 2098 666 2131 nostris
694 2099 869 2132 liberalio—

53 2157 96 2179 ra
118 2145 263 2188 praebet
292 2145 479 2177 velamina.
538 2149 609 2177 tum
644 2145 750 2177 etium
778 2146 871 2178 casei

55 2192 223 2234 lactisque
250 2191 468 2224 abundantia
488 2201 556 2222 non
578 2192 687 2223 solum
713 2197 870 2236 agrestes

52 2242 215 2279 saturat,
249 2238 309 2270 sed
345 2238 450 2271 etiam
483 2237 696 2279 elegantium
733 2250 869 2271 mensas

50 2284 216 2328 jucundis
245 2289 279 2317 et
310 2283 499 2316 numerosis
530 2284 677 2327 dapibus
714 2290 868 2318 exornat.

55 2331 260 2374 quibusdam
282 2340 364 2363 vero
394 2330 592 2363 nationibus
615 2332 789 2372 frumenti
810 2343 869 2363 ex-

52 2377 207 2420 pertibus
235 2376 363 2409 victum
389 2377 600 2409 commodat:
636 2388 676 2410 ex
706 2389 770 2421 quo
797 2378 870 2411 No-

54 2424 196 2456 madum
222 2423 455 2466 Getarumque
478 2423 621 2466 plurimi
637 2422 868 2467 γαλακτοπό-

54 2482 116 2503 ται
150 2469 321 2503 dicuntur.
381 2469 478 2513 Virg
516 2469 649 2511 Georg.
685 2471 729 2510 3,
765 2470 865 2505 286.·

54 2521 195 2559 superat
210 2527 293 2559 pars
311 2516 424 2548 altera
442 2527 556 2554 curae,
575 2515 767 2560 Lanigeros
786 2517 868 2560 agi-

55 2567 132 2595 tare
153 2573 284 2606 greges
300 2562 477 2605 hirtasque
505 2563 668 2604 capellas.
718 2563 786 2595 Hic
814 2565 867 2595 la-

57 2608 140 2647 bor-‚-
164 2608 244 2641 hinc
262 2607 394 2641 laudem
407 2609 516 2641 fortes
526 2614 667 2651 sperate
680 2608 810 2642 coloni!

0 2673 3 2680 =
57 2653 154 2688 αἰεὶ
174 2654 481 2697 -παρέσται,
517 2664 651 2698 semper
676 2655 718 2688 ad
747 2655 868 2699 epulas

57 2703 92 2733 et
114 2699 272 2733 convivia
295 2712 370 2734 eum
404 2700 586 2733 invitatum
622 2700 665 2734 iri
697 2701 784 2734 dicit
807 2701 868 2734 ho-

57 2745 151 2778 noris
193 2757 306 2780 causa.
376 2747 523 2790 δαίτη
567 2746 655 2779 idem
693 2747 869 2801 significat

59 2791 150 2835 quod
175 2791 278 2846 δαὶς,
310 2792 354 2827 de
384 2804 450 2838 quo
485 2805 517 2825 v.
544 2790 590 2833 α’,
615 2791 706 2833 424,
775 2793 867 2834 ‚‚48

58 2837 128 2871 Od.
156 2849 203 2878 α,
231 2839 298 2873 225
323 2843 389 2872 etc.
455 2839 694 2881 εἰλαπίνη
729 2839 869 2884 Apollo-

58 2882 113 2916 nio
139 2863 278 2916 auc’tore
303 2889 356 2918 est
379 2883 516 2930 εὐωχία
542 2883 614 2929 (ψ’,
639 2886 760 2930 201.),
796 2885 868 2918 He-

59 2928 179 2972 sychio
214 2931 355 2972 θυσία,
390 2931 868 2975 ἑορτή.8(31ι.τείλαπ.

57 2975 224 3019 εορταῖς,
261 2989 320 3011 οτι
351 2977 446 3013 κατά
480 2979 562 3018 ἴλας
586 2977 723 3022 (malim
751 2977 870 3022 εἴλας)

56 3022 213 3056 πίνουσι.
242 3042 283 3047 -—
317 3023 360 3058 cf.
385 3024 430 3059 H.
466 3024 547 3060 hinc
571 3023 762 3059 derivatum
789 3036 870 3059 vet-

913 893 991 925 bum
1016 889 1259 933 εἰλαπιναζειν
1284 888 1326 933 ξ’,
1346 888 1427 924 241.
1462 889 1672 934 saepiusque
1691 888 1725 922 iu

915 938 1074 982 Od>ssea
1111 939 1262 982 legitur,
1309 935 1568 980 εἰλαπιναστής
1613 940 1726 968 autem

914 985 1016 1018 semel
1055 983 1099 1028 ρ’,
1134 986 1236 1020 577.-
1279 982 1437 1026 μάλιστα
1480 981 1519 1016 δέ
1553 994 1617 1024 μιν
1651 984 1728 1015 τίεν

904 1028 1047 1072 Έκτωρ
1073 1029 1225 1074 Δήμου,
1251 1027 1330 1064 ἐπεί
1355 1043 1389 1063 οι
1417 1028 1599 1070 ἑταῖρος
1588 1028 1709 1072 ε’ίηνφ
1712 1047 1728 1052 -

914 1080 975 1117 λος
1000 1074 1270 1121 εἰλαπιναστής.
1320 1076 1361 1108 ad
1391 1075 1475 1108 deos
1510 1087 1584 1108 eum
1621 1075 1729 1108 hono-

914 1135 982 1157 rem
1010 1125 1221 1157 transferunt
1239 1124 1382 1179 poe'tae3
1402 1121 1572 1154 Hesiodus
1591 1121 1728 1164 Theog.

916 1172 995 1204 802.
1022 1170 1064 1202 de
1090 1171 1153 1203 deo
1181 1165 1532 1226 perju1·o':÷'vvot÷189
1561 1165 1600 1201 δὲ
1626 1169 1730 1201 θεῶν

915 1229 1045 1259 απομε
1054 1230 1155 1259 ρεται
1181 1214 1261 1249 αἰὲν
1285 1213 1434 1253 ἐόντοιη,
1464 1212 1564 1248 Orias-⁴
1589 1211 1670 1247 ποτ’
1693 1212 1731 1254 ἔς

915 1262 1054 1308 βουλὴν
1088 1262 1338 1318 ἐπιμίσγεται,
1371 1239 1458 1294 ουδ’
1496 1259 1553 1294 ἔπι
1585 1262 1728 1303 δαῖτας,

911 1309 1041 1343 Εννέα
1058 1308 1154 1343 πάντ
1191 1308 1295 1343 ἔτεα·
1322 1286 1464 1352 δεκάτῳ
1486 1305 1525 1342 6'
1547 1307 1730 1351 ἐπιμίσγε-

914 1370 975 1390 ται
1001 1352 1108 1396 αὖτις
1130 1356 1262 1398 Εἵραις
1286 1342 1503 1393 ἔθανάτων.
1533 1354 1630 1397 Virg.
1646 1355 1728 1387 Aen.

917 1405 957 1444 1,
983 1404 1060 1438 79..
1085 1408 1123 1437 tu
1151 1403 1215 1436 dus
1237 1401 1346 1446 epulis
1370 1401 1569 1434 accumbere
1599 1401 1730 1434 divum.

959 1496 1083 1530 223-
1092 1495 1172 1530 231.
1223 1490 1471 1537 θαλπιόρη.
1509 1493 1614 1525 Sch.:
1641 1488 1731 1535 ἦδο-

914 1539 978 1585 νὴ,
1003 1539 1158 1584 θάλψις.
1204 1540 1376 1573 deleamus
1408 1540 1548 1573 verbum
1573 1536 1729 1582 θάλψις.

913 1588 1040 1621 dictum
1075 1593 1128 1622 est
1170 1584 1352 1630 θαλπώρη
1388 1586 1536 1629 figurate
1579 1586 1611 1618 h.
1640 1585 1662 1618 l.
1693 1589 1729 1619 et

914 1634 982 1667 Od.
1012 1633 1059 1676 α’,
1087 1635 1164 1670 167.
1177 1659 1186 1674 ,
1219 1638 1257 1666 ut
1292 1635 1481 1667 ἰαίνεσθαι
1517 1637 1552 1665 et
1576 1643 1632 1676 ap.
1661 1631 1729 1664 So·-

913 1681 1066 1724 phoclem
1093 1681 1199 1723 Ajace
1224 1679 1304 1715 449.
1331 1680 1614 1722 θερμαίνεσθαι.
1663 1678 1728 1711 hoc

913 1731 1034 1760 notare
1059 1727 1165 1760 voluit
1190 1725 1374 1770 interpres.
1425 1726 1511 1758 alius
1534 1722 1730 1778 adsciipsit

911 1771 1079 1814 θαλψις,
1104 1778 1141 1805 ut
1166 1783 1269 1816 supra
1298 1774 1398 1806 160·
1425 1770 1493 1806 οὐκ
1519 1767 1669 1810 οἷκούεις
1693 1773 1728 1803 et

912 1817 941 1853 λ
946 1845 955 1859 ,
981 1821 1061 1854 531.
1086 1816 1322 1857 ἀκούσαντες.
1352 1829 1428 1851 nam
1445 1818 1532 1850 idem
1551 1821 1646 1850 certe
1662 1817 1728 1850 hoc

913 1865 1066 1900 dedisset
1089 1864 1254 1909 θάλψις,
1287 1862 1426 1908 ἡδονή,
1462 1876 1525 1897 nec
1555 1863 1728 1908 propriam

915 1912 1202 1954 significationem
1229 1910 1423 1967 posteriore
1446 1910 1521 1943 loco
1545 1909 1728 1953 posuisset.

916 1977 961 1981 —
995 1956 1079 1999 ξύν
1105 1971 1150 1992 τε
1179 1955 1253 1992 δύ’
1285 1957 1372 2000 ἐρχ.
1414 1955 1614 1989 nominativi
1648 1966 1730 1988 con

915 2004 1139 2047 sequentiae,
1189 2010 1229 2037 ut.
1269 2001 1382 2046 ἄμφω
1419 2000 1458 2037 δ’
1495 2001 1598 2044 ἑζομέ
1602 2015 1652 2035 νω
1685 1999 1729 2045 γ’,

915 2052 997 2084 211.
1026 2050 1125 2084 Sch.:
1144 2050 1429 2106 συνερχομένων
1453 2062 1523 2104 γαρ
1543 2046 1612 2083 δύο
1630 2045 1731 2089 ὁμοῦ

916 2110 946 2130 u.
972 2097 1107 2137 κοινῶς
1134 2094 1153 2130 ὁ
1182 2095 1303 2139 ἕτερος
1325 2096 1395 2140 πρὸ
1416 2097 1483 2130 τοῦ
1502 2093 1630 2137 ἑτέρου
1650 2093 1729 2129 ἐπε·

916 2141 1026 2185 νόησέ
1050 2156 1080 2177 τι
1109 2142 1329 2187 κοινωφελὲς
1362 2157 1395 2178 κ.
1422 2141 1623 2186 συμφέρον.
1672 2152 1731 2174 re-

916 2189 995 2222 tulit
1019 2189 1077 2223 ille
1104 2201 1171 2224 συν
1203 2191 1247 2224 ad
1274 2189 1344 2234 ἕρχ.
1360 2216 1369 2231 ,
1406 2190 1467 2222 sed
1507 2189 1535 2222 E
1570 2188 1613 2221 ad
1645 2186 1730 2229 δύο,

915 2246 1008 2269 more
1024 2235 1228 2277 Atticorum,
1256 2239 1317 2281 qui
1335 2237 1456 2270 dicunt
1473 2234 1627 2276 συνδυο,
1648 2233 1732 2268 σύν-

915 2294 1022 2325 τρεις.
1074 2283 1188 2327 hymn.
1222 2284 1323 2317 Hom.
1358 2284 1393 2316 in
1420 2282 1504 2315 Ven.
1530 2281 1608 2317 74:
1645 2279 1731 2315 σύν-

915 2330 986 2362 δυο
1020 2328 1262 2373 κοιμήσαντο.
1306 2341 1339 2362 ν.
1374 2329 1535 2372 Hoogev.
1573 2338 1649 2361 ann.
1687 2327 1729 2361 ad

915 2375 1037 2418 Viget.
1061 2377 1104 2415 5,
1129 2377 1171 2417 9,
1199 2377 1253 2411 13
1280 2395 1326 2400 ——
1350 2376 1430 2411 καί
1455 2387 1521 2415 τε,
1546 2379 1731 2418 praeterea

916 2423 1033 2454 etiam.
1058 2400 1180 2465 Viget.
1202 2434 1237 2467 p.
1256 2423 1298 2456 52
1302 2426 1334 2457 Ο.
1361 2442 1403 2446 -
1430 2419 1547 2455 αλλά
1573 2433 1618 2462 γε
1643 2419 1730 2453 scri—

915 2467 968 2512 psi
995 2472 1135 2502 auctore
1160 2469 1206 2501 H.
1231 2467 1465 2502 annotatione.
1501 2466 1602 2500 libri.
1639 2464 1731 2500 ἀλλά

914 2526 972 2555 τε,
1007 2518 1045 2547 ut
1081 2514 1149 2559 aliq
1154 2519 1214 2547 uot
1248 2526 1360 2548 eorum
1393 2512 1439 2553 α’,
1465 2515 1521 2548 82.
1554 2514 1598 2546 cf.
1623 2513 1729 2546 index

914 2560 1051 2603 Heynei
1078 2573 1113 2594 v.
1130 2528 1242 2595 αλλοῖ.
1269 2561 1370 2594 Sch.:
1397 2558 1627 2616 βράσσων.
1654 2559 1727 2601 (se-

915 2607 980 2640 mel
1006 2607 1146 2640 dictum.
1183 2608 1354 2651 Hesyclm
1379 2605 1552 2662 βράσσον.
1588 2603 1708 2664 βραδ’1
1703 2619 1727 2630 -

914 2665 1034 2696 τερον,
1051 2651 1347 2698 ἀσθενέστερον.)
1366 2652 1636 2707 βραδυτερος,
1624 2649 1728 2686 §toea-

918 2710 1003 2733 σων.
1038 2700 1137 2733 nauci
1160 2712 1226 2733 non
1251 2705 1304 2733 est
1325 2701 1415 2744 quod
1437 2699 1595 2744 subjicit:
1620 2694 1644 2742 η’
1665 2712 1727 2732 τα-

915 2743 1145 2788 ρασσόμενος
1169 2760 1200 2781 κ.
1227 2743 1503 2781 ακαταστατιῦν
1554 2745 1612 2778 alii
1641 2756 1726 2788 quo—

916 2804 982 2837 que
1007 2792 1063 2826 hic
1087 2794 1284 2826 turbarunt.
1321 2793 1439 2827 dixere
1464 2794 1536 2826 Gra
1543 2791 1593 2824 eci
1613 2790 1727 2836 βρασσ

917 2850 1011 2879 σων,
1035 2842 1074 2871 ut
1097 2837 1271 2880 μάσσων,
1297 2837 1468 2882 ἐλάσσων,
1493 2836 1659 2872 πάσσων.
1695 2849 1726 2871 v.

916 2884 949 2917 Η
975 2891 1009 2917 et
1028 2885 1153 2918 Matth.
1179 2888 1212 2926 ἓ
1234 2886 1310 2920 131.
1330 2898 1407 2920 ann.
1435 2905 1478 2909 ——
1504 2882 1668 2942 λεηπτή
1677 2883 1728 2919 δέ

915 2942 962 2965 τε
986 2931 1137 2976 μῆτις.
1172 2929 1336 2976 ἀσθενής
1359 2929 1382 2977 ἡ
1407 2929 1521 2977 βουλὴ
1548 2943 1579 2963 κ.
1605 2926 1627 2974 ἦ
1652 2928 1728 2965 ἐπί-

917 2990 1024 3018 νοια,
1047 2978 1320 3022 μεταφορικοῖς.
1343 2979 1411 3032 Ap.
1459 2977 1632 3021 Hesymh:
1667 2979 1727 3012 λε-

916 3022 1000 3068 πτή.
1051 3023 1237 3069 ἀσθενὴς,
1260 3021 1377 3068 ἰσχνή.
1425 3023 1598 3058 contrario
1623 3034 1725 3058 sensu
