1811 3269
748 152 1156 195 ΟΜΗΡΟΥ

279 259 335 304 οὐ
365 262 443 317 μὲν
473 262 526 318 δή
557 260 662 305 ποτέ
691 278 806 318 φημι
833 262 935 307 τεόν
963 262 1224 316 περικαλλέα
1252 264 1402 319 βωμὸν

277 321 354 388 νηῒ
364 318 641 391 πολυκλήιδι
670 319 965 376 παρελθέμεν,
997 320 1156 363 ἐνθάδε
1175 320 1339 394 ἔῤῥων,

277 373 375 419 ἀλλ’
408 377 477 419 ἐπὶ
507 380 614 419 πᾶσι
643 378 764 431 βοων
794 377 932 433 δημὸν
962 378 1036 420 καὶ
1067 375 1187 432 μηρί’
1217 378 1337 440 ἔκηα,

162 433 245 477 240
276 432 445 502 ἱέμενος
478 435 642 488 Τροίην
671 432 884 505 εὐτείχεον
913 434 1188 486 ἐξαλαπάξαι.

273 487 406 539 ἀλλά,
436 494 546 542 Ζεῦ,
575 489 677 533 τόδε
705 490 786 546 πέρ
817 508 889 546 μοι
923 489 1191 545 ἐπικρήηνον
1220 490 1402 544 ἐέλδωρ·

275 544 438 598 αὐτους
454 546 522 616 δή
551 563 632 602 περ
662 546 794 593 εἀσον
817 548 1129 622 ὑπεκφυγέειν
1147 548 1220 591 καὶ
1251 547 1418 599 ἀλύξαι,

270 601 372 672 μηδ’

407 603 524 647 οὕτω
561 604 784 659 Τρώεσσιν
815 606 862 648 εά
894 604 1150 660 δάμνασθαι
1178 603 1445 660 Ἀχαιούς1“

339 658 424 712 “Ως
455 661 591 713 φάτο·
624 663 703 705 τὸν
735 663 780 705 δὲ
809 661 951 717 πατὴρ
986 660 1247 732 ὀλοφύρατο
1275 660 1588 717 δακρυχέοντα,

156 716 239 760 245
269 720 397 760 νεῦσε
428 718 474 761 δέ
504 721 546 762 οἱ
574 718 683 762 λαὸν
712 718 821 764 σόον
854 735 1054 789 εμμεναι,
1076 718 1188 779 οὐδ’
1221 716 1480 760 ἀπολέσθαι.

271 772 429 818 αὐτίκα
460 773 502 818 δ’
534 776 678 819 αἰετὸν
707 772 807 830 ἧκε,
836 774 1111 819 τελειότατον
1141 775 1375 830 πετεηνῶν,

268 832 430 886 νεβρὸν
460 831 604 888 ἔχοντ’
638 831 862 888 ὀνύχεσσι,
891 832 1015 883 τέκος
1045 831 1229 885 ἐλάφοιο
1261 833 1451 901 ταχείης

266 888 355 960 πὰρ
389 890 434 932 δὲ
467 890 578 940 Διός
608 891 742 945 βωμῷ
773 889 1021 944 περικαλλέϊ
1049 889 1244 960 κάββαλε
1274 888 1449 945 νεβρόν,

269 944 381 988 ε’νθα
410 948 680 1003 πανομφαίῳ
712 947 821 1001 Ζηνὶ
852 947 1053 1000 ῥέζεσκον
1082 945 1256 1016 Ἀχαιοί.

154 1002 238 1045 250
269 1018 311 1045 οι
343 1001 386 1045 δ’
419 1003 479 1059 ὠς
511 1005 594 1046 οὐν
625 1002 809 1060 είδονθζ
841 1003 906 1047 ὅτ’
939 1001 1011 1058 ἄρ’
1043 1003 1090 1046 ἐκ
1119 1002 1231 1054 Διὸς
1260 1001 1426 1074 η’λυθεν
1460 1003 1597 1059 ὄρνις,

267 1062 435 1115 μᾶλλον
463 1059 533 1102 ἐπὶ
568 1053 759 1114 Τρώεσσι
789 1036 955 1116 θόρον,
985 1060 1207 1117 μνησαντο
1240 1060 1286 1104 δὲ
1315 1061 1497 1118 χάρμης.

319 1139 516 1193 superiores
550 1139 758 1184 aliquamdiu
791 1141 921 1175 Graeci
955 1153 1044 1175 novo
1076 1141 1206 1186 impetu
1230 1141 1434 1185 repellunt
1425 1142 1600 1182 mimicos3
1627 1153 1783 1187 quorum¹

237 1186 361 1219 multos
385 1186 525 1230 sagittis
551 1187 695 1231 configit
719 1188 878 1229 'leucer‚
903 1187 1053 1221 vicissim
1079 1189 1136 1222 ine
1163 1188 1361 1221 vulnenatus
1385 1189 1428 1221 ab
1453 1189 1618 1222 Hectore.

335 1252 465 1296 'Eva'
500 1253 625 1304 οὔτις·
647 1252 862 1309 πρότερος
890 1259 1108 1306 Δαναῶν,
1139 1259 1316 1299 πολλῶν
1346 1271 1428 1310 περ
1460 1256 1663 1310 ἐόντων,

269 1308 423 1363 εὔξατο
460 1314 676 1354 Τυδείδαο
711 1311 853 1365 πάρος
885 1313 1037 1367 σχέμεν
1068 1310 1201 1364 ὠκέας
1230 1314 1406 1366 ἵππους,

268 1367 447 1421 τάφρου
477 1366 517 1411 τ’
551 1368 766 1420 ἐξελάσαι,
797 1369 871 1412 καὶ
901 1370 1150 1440 ἐναντίβιον
1179 1369 1465 1440 μαχέσασθαι,
1517 1423 1519 1428 y

154 1427 238 1470 255
269 1422 382 1468 ἀλλά
411 1424 524 1469 πολυ
554 1430 727 1478 πρῶτος
764 1425 931 1481 Τρωων
962 1426 1056 1470 ελεν
1085 1424 1228 1483 ἀνδρα
1258 1426 1493 1497 κορυστὴν.

219 1511 223 1514 -
273 1484 595 1538 Φραδμονίδην
619 1480 841 1538 Ἀγέλαον.

901 1483 923 1526 ὁ
955 1485 1033 1539 μὲν
1062 1484 1235 1556 φύγαδε
1265 1483 1430 1538 τράπεν
1461 1485 1658 1536 ἵππους

263 1544 328 1610 τῷ
358 1540 404 1583 δὲ
434 1540 806 1596 μεταστρεφθέντι
837 1541 1095 1611 μεταφρένῳ
1127 1543 1175 1585 ἐν
1207 1540 1317 1595 δόρυ
1347 1543 1480 1599 πῆξεν

218 1637 220 1653 5
267 1596 403 1668 ῳμῳν
432 1597 672 1669 μεσσηγὺς,
703 1597 775 1641 διὰ
807 1597 854 1641 δὲ
887 1597 1138 1669 στήθεσφιν
1163 1599 1360 1643 ἔλασσεν·

151 1693 235 1781 260

264 1653 395 1711 η’ριπε
425 1653 468 1697 δ’
499 1655 540 1707 ἐξ
571 1654 729 1725 ὀχέων,
762 1653 955 1727 ἀράβησε
987 1657 1031 1700 δὲ
1062 1655 1202 1712 τεύχε’
1234 1655 1304 1700 ἐπ’
1337 1654 1478 1712 αὐτῷ.
1547 1696 1550 1702 ,

357 1711 447 1755 Τὸν
479 1712 524 1754 δὲ
544 1710 648 1781 μετ’
680 1709 914 1767 Ἀτρεῖδαι,
941 1711 1222 1785 Ἀγαμέμνων
1252 1714 1325 1757 καὶ
1356 1684 1600 1799 Μενέλαος·

262 1773 378 1813 τοῖσι
410 1768 454 1812 δ’
485 1766 551 1811 ἐπ’
585 1771 792 1821 Αἴαντες,
823 1774 987 1824 θοῦριν
1017 1770 1252 1826 ἐπιειμένοι
1284 1769 1443 1825 ἀλκήν·

263 1831 376 1871 τοῖσι
408 1824 450 1868 δ’
483 1822 553 1869 ἐπ’
585 1825 832 1897 Ἰδομενεύς.
857 1828 928 1870 καὶ
961 1826 1114 1870 ὀπάων
1137 1826 1400 1883 Ἰδομενῆος,

266 1881 543 1939 ΝΙηριόνης,
553 1883 796 1936 ἀτάλαντος
820 1881 1036 1941 Ἐνυαλίῳ
1069 1884 1390 1955 ἀνδρειφόντῃ·

267 1946 387 1986 τοῖσι
412 1941 454 1985 δ’
487 1940 560 1985 ἐπ’
590 1939 887 1996 Εὐρύπυλος,
918 1929 1177 1998 Εὐάίμονος
1209 1941 1371 1998 ἀγλαὸς
1402 1937 1520 1992 υἱός·

95 2051 172 2084 bam
195 2050 342 2085 mediam
367 2048 621 2104 produceret3
633 2045 725 2091 quod
760 2045 911 2079 sentien-

95 2102 148 2132 tes
178 2097 314 2142 quidam
345 2096 560 2140 scripserunt
598 2089 710 2133 ἆσας,
743 2104 828 2137 quos
856 2104 912 2125 se-

95 2150 249 2190 quuntur
288 2143 396 2197 Ven,
431 2142 527 2186 Lips.
542 2166 552 2182 ‚
584 2141 683 2173 Vrat.
711 2140 732 2172 b
766 2144 802 2171 et
825 2149 911 2171 unus

95 2191 258 2230 Vindob„
283 2189 350 2222 nisi
375 2188 465 2233 quod
492 2188 527 2220 hi
551 2187 652 2221 codd.
671 2187 802 2219 habent
820 2180 912 2224 ἅσας

96 2249 160 2284 per
184 2247 347 2270 errorem.
397 2235 443 2270 cf.
481 2234 608 2267 Buttm,
635 2233 744 2265 Lexil.
772 2231 806 2272 Ι,
831 2232 910 2274 55.)

98 2285 274 2331 ε’βλαψας.
288 2283 496 2325 (πολυκλ.
508 2278 554 2324 η’,
566 2281 622 2314 88.
637 2257 806 2334 ἔῤῥωνξ
814 2278 910 2321 164.)

142 2330 264 2365 245-
273 2330 354 2363 258
391 2328 543 2362 νεῦσε.
568 2325 744 2361 ἑπίνευσε.
769 2323 815 2365 α’,
829 2325 909 2359 528.

95 2397 142 2403 -
162 2377 265 2411 S‘chs
284 2372 601 2409 τελειότατον
629 2370 711 2416 ἤτοι
727 2371 910 2415 μέγιστον,

95 2420 121 2468 ἢ
146 2422 268 2466 ἐντελῆ
293 2424 426 2466 σημεῖα
451 2432 660 2463 φαινοντα,
696 2418 910 2454 ἐπιτελεσα-

95 2469 282 2505 κώτατον.ἱ
301 2487 346 2492 —-
380 2467 449 2510 (sic
472 2466 574 2499 etiam
597 2465 650 2507 ω’,
676 2467 756 2501 315.
792 2463 909 2498 ἐπιτε-

95 2514 382 2555 λεστικώτατον,
426 2518 593 2566 quatenus
637 2512 752 2556 aqui!a
793 2511 910 2544 reddit

96 2564 276 2608 augurium
312 2565 457 2594 eventus
493 2559 602 2599 certi,
647 2555 910 2599 ἐπιτετελεσμέ-

96 2623 172 2646 νον.
221 2610 284 2642 hoc
308 2608 417 2652 probo
452 2617 525 2639 cum
553 2605 717 2649 Heyneo,
753 2603 909 2649 quamvis

96 2668 161 2691 nec
185 2655 294 2688 altera
319 2652 505 2697 explicatio
530 2651 650 2706 inepta
683 2656 756 2692 est,
791 2661 907 2694 quem-

96 2701 275 2737 admodum
299 2700 353 2732 leo
379 2699 507 2732 dicitur
523 2695 749 2738 τελειότατος
763 2697 906 2739 θηρῶν.

97 2748 253 2783 similiter
285 2752 398 2778 autem
436 2744 494 2778 alii
525 2743 653 2778 schol!
687 2749 723 2778 et
755 2743 906 2798 Hesych-

97 2795 198 2828 seha
226 2809 271 2818 ⁴-
293 2790 430 2847 λέγεται
456 2789 509 2831 δε,
534 2789 627 2824 κατά
650 2789 738 2848 τήν
740 2787 830 2828 Διὸς
850 2787 908 2833 γέ-

97 2853 198 2876 νεσιν
220 2838 286 2875 τὸν
312 2834 422 2873 ἀει-ὸν
445 2839 693 2891 γεννηθῆναι,
727 2835 766 2871 ἐν
797 2848 836 2870 τε
863 2835 909 2880 τῇ

98 2886 190 2930 πρὸς
212 2884 303 2926 τούς
326 2886 510 2928 Γίγαντας
530 2883 627 2938 μάχῃ
656 2883 909 2928 παραπτῆναι.

99 2934 243 2988 διόπερ
263 2930 317 2966 ἐν
333 2932 379 2977 τῇ
416 2929 626 2987 διανεμήσει
658 2931 733 2964 τῶν
760 2929 910 2973 πτηνῶν

105 2980 196 3020 Ζεύς
220 2975 330 3014 ἀετὸν
354 2978 491 3018 εἵλετο,
526 2972 555 3022 ᾧ
589 2977 650 3011 καὶ
675 2974 909 3021 προστάσσει,

101 3026 164 3063 καὶ
185 3022 321 3072 ἀγγέλῳ
345 3022 447 3072 αὐτῷ
469 3024 602 3070 χρῆται
623 3022 717 3068 πρὸς
733 3023 910 3064 ἐκείνους,

959 2059 1026 2086 ους
1052 2038 1271 2089 ἐπιφανείας
1296 2042 1401 2088 αξιοῒ
1421 2049 1492 2079 etc.
1534 2042 1687 2078 meminit
1707 2042 1770 2077 ho-

957 2104 1029 2126 rum
1057 2098 1091 2126 et
1117 2093 1158 2126 E.
1201 2093 1245 2127 cf.
1270 2093 1335 2136 H.)
1359 2112 1405 2117 --
1441 2093 1527 2133 ΑΡ.
1546 2102 1767 2147 πανσμφ.

957 2138 1131 2174 ἐπίθετον
1156 2140 1225 2173 τοῦ
1249 2139 1362 2179 Διὸς,
1393 2139 1446 2178 εἰς
1470 2135 1513 2172 ὃν
1533 2137 1638 2171 πᾶσα
1663 2133 1767 2182 ὀμφὴ

957 2183 1193 2240 ἀναφέρεται.
1217 2190 1270 2218 est
1281 2185 1418 2229 Jupiter
1431 2184 1579 2218 ominum
1590 2183 1767 2240 omnisque

958 2232 1113 2265 vaticinii
1131 2236 1268 2265 auctor·
1295 2232 1332 2265 οἱ
1348 2244 1432 2291 γαρ,
1435 2229 1538 2265 ἄλλοι
1561 2229 1698 2270 πάντες
1719 2228 1767 2265 ὑ-

955 2280 1125 2335 ποφῆται
1150 2277 1242 2318 Διός
1265 2280 1368 2319 εἰσιν,
1395 2278 1466 2312 εἴτε
1492 2278 1678 2319 δαίμονες,
1704 2271 1768 2311 εἶ”τ
1792 2286 1794 2294 ’

958 2322 1174 2368 ανθρωποι,
1200 2330 1240 2366 ut
1257 2325 1367 2358 refert
1383 2325 1415 2358 Ε
1437 2335 1480 2357 ex
1501 2323 1766 2368 antiquioribus.

957 2372 1076 2417 quaeri
1103 2376 1243 2415 potest,
1269 2376 1381 2404 utrum
1414 2373 1660 2413 πανομφαῖος
1682 2371 1716 2404 h.
1744 2370 1767 2404 l.

955 2419 1001 2452 sit
1024 2418 1268 2472 appellativum
1290 2416 1389 2450 Jovis
1407 2417 1610 2462 epitheton,
1617 2428 1664 2450 au
1684 2428 1767 2460 pro-

956 2464 1067 2511 prium
1099 2464 1202 2497 istius
1236 2475 1340 2506 arae,
1377 2463 1420 2496 de
1453 2475 1522 2508 qua
1547 2462 1654 2497 Ovid.
1680 2463 1766 2496 Met.

959 2510 1316 2551 11‚197.:dextera
1337 2510 1456 2554 Sigei,
1490 2510 1637 2544 Rhoetei
1665 2510 1768 2543 laeva

952 2557 1119 2602 profundi
1140 2558 1212 2589 Ara
1236 2557 1477 2599 Panomphaeo
1503 2561 1602 2588 vetus
1629 2560 1682 2589 est
1707 2559 1767 2589 sa·-

955 2609 1060 2660 «irata
1076 2603 1239 2636 Tonanti.
1285 2612 1421 2646 semper
1445 2606 1558 2635 autem
1585 2613 1642 2646 ap.
1667 2601 1766 2635 Hom.

956 2648 1061 2694 ὀμφή
1088 2649 1143 2682 vel
1167 2645 1258 2683 ὅσσα
1280 2660 1377 2682 omen
1393 2647 1578 2705 significat,
1595 2658 1766 2692 nusquam

955 2707 1073 2731 vocem
1099 2696 1286 2728 humanam.
1322 2705 1353 2726 v
1383 2695 1428 2729 H.
1464 2713 1508 2718 —-
1541 2692 1766 2748 ῥέζεσκον

955 2743 1105 2787 (Odyss.
1130 2740 1172 2785 χ’,
1195 2741 1262 2782 46,
1287 2740 1407 2783 209.,)
1423 2743 1548 2782 facere
1571 2751 1633 2774 seu
1655 2740 1766 2774 sacri-

955 2790 1062 2823 ficare
1085 2789 1248 2822 solebant.
1280 2806 1325 2811 --
1360 2784 1568 2828 εἴδονθ’,
1541 2787 1768 2867 4Ουίἀενυπι,

955 2830 1518 2880 ut21‘‚154.‚.'‚—-2578s.
1597 2830 1764 2877 ,’,41,λ.

955 2848 1044 2922 44711,
1072 2882 1104 2915 8.

1001 2928 1221 2963 261-269.
1267 2924 1330 2960 ἐπ.
1357 2922 1520 2981 ἀλκήν.
1553 2922 1602 2966 α’,
1627 2923 1713 2959 149.
1719 2942 1763 2950 -—

956 2975 1059 3008 Sch.=
1095 2971 1267 3009 ὀπάων.
1302 2969 1528 3011 ἀκόλουθος.
1553 2969 1673 3014 (alias
1695 2972 1763 3005 θε-
1790 2967 1800 3022 j

955 3019 1105 3067 ράπων,
1129 3020 1223 3054 velut
1245 3016 1286 3062 ζ,
1311 3020 1366 3055 18.
1403 3019 1449 3053 οἱ.
1474 3017 1522 3063 η’,
1545 3018 1625 3054 165.
1642 3016 1762 3062 seqq.)
1791 3023 1797 3076 1
