1811 3269
87 141 145 181 70

729 129 1129 173 ΟΜΗΡΟΥ

262 243 399 289 καλὸν
428 241 647 292 ἀείδοντες
680 238 896 311 παιήονα,
939 243 1097 311 κοῦροι
1131 236 1328 309 Ἀχαιῶν,

260 301 494 360 μέλποντες
519 298 780 352 Ἑκάεργον·

149 360 232 405 475

821 296 845 340 ὁ
876 295 923 340 δε
952 297 1103 366 φρένα
1129 293 1297 349 τέρπετ’
1330 290 1520 336 ακούων.

339 353 477 414 ςΗμος
507 354 547 400 δ’
587 353 732 409 ἠέλιος
761 353 945 406 κατέδΰ,
983 355 1057 397 καὶ
1087 352 1156 395 ἐπὶ
1184 351 1351 405 κνέφας
1379 347 1529 406 ἦλθεν,

265 414 318 487 δὴ
350 417 447 458 τότε
476 412 742 480 κοιμήσαντο
771 410 891 465 παρὰ
929 409 1183 477 πρυμνήσια
1211 406 1329 478 νηός.

239 464 377 528 ἦμος
407 467 450 513 6'
454 467 700 541 ηωγέηεια
728 466 849 535 φάνη
882 464 1208 536 ῥοδοδάκτυλος
1233 462 1374 535 'Rois-‚4¹

265 529 340 573 καὶ
369 523 464 571 τότ’
495 522 627 568 ἔπειτ’
660 522 877 594 ἀνάγρντο
902 522 1014 595 1μετὰ
1046 520 1234 592 στρατόν
1250 510 1403 573 ευρῡν
1425 517 1638 576 Ἀχαιῶν·

265 590 406 628 τοῖσιν
448 580 491 625 δ’
522 583 702 650 ἰ’κμενον
731 582 871 653 οὐρον
902 596 954 623 ιει
985 577 1191 632 ἑκάεργος
1213 575 1445 619 Ἀπόλλων.

153 644 236 688 480
268 643 312 685 οἱ
341 638 381 684 δ’
414 638 536 682 ἱστὸν
573 636 796 695 στήσαντ’,
837 636 923 680 άνά
949 635 1003 679 θ’
1033 636 1149 678 ἱστία
1177 632 1311 677 λευκὰ
1338 633 1582 676 πέτασσαν

269 697 316 742 ἐν
346 694 389 740 δ’
423 695 582 750 ἄνεμος
611 699 776 760 πρῆσεν
804 694 938 765 μέσον
967 694 1129 742 ἱστίον,
1147 688 1289 761 αμφὶ
1315 689 1361 733 δε
1389 693 1509 749 κῦμα

270 755 413 824 στείρῃ
445 751 705 821 πορφύρεον
736 747 889 806 μεγάλ’
926 751 1040 819 ιάχε,
1081 745 1187 803 νηὸς
1217 745 1390 801 ἰούσης·

266 809 294 867 ἡ
314 808 367 880 ,δ’
402 809 525 853 ε’θεεν
553 808 664 853 κατὰ
694 812 835 864 κῦμα,
865 805 1216 874 διαπρήσσουσα
1226 802 1451 846 κέλευθον.

269 864 407 922 αὐτὰρ
436 866 527 910 ἐπεί
558 864 600 923 ῥ’
632 867 779 929 ι’κοντο
811 863 915 920 μετὰ
951 861 1138 919 στρατὸν
1167 858 1306 917 εὐρὺν
1333 858 1529 916 Ἀχαιων,

149 991 229 1048 473.
262 989 496 1036 παιήονα.
534 990 696 1032 παιᾶνα,
731 985 799 1036 qua
823 1001 910 1024 voce

103 1039 215 1085 quivis
239 1040 387 1085 hymnus
406 1037 632 1082 significatur,
657 1044 696 1071 ut
719 1043 839 1071 auctor
859 1043 912 1070 est

106 1087 271 1120 Abresch.
306 1085 350 1120 ad
386 1084 548 1127 Αἐ5οὴ31ἰ
581 1083 666 1117 Cho.
703 1084 780 1118 149.
816 1088 911 1116 recte

104 1132 220 1165 Schol.
254 1133 303 1166 A:

102 1174 235 1223 ύμνον.

149 1222 229 1259 474.
260 1223 367 1257 verbo
401 1221 552 1266 μέλπειν
583 1221 786 1265 conjunctae
819 1224 912 1254 artes

103 1270 252 1305 musicae
287 1271 431 1314 poEseos
469 1274 505 1301 et
545 1267 741 1300 saltationis
780 1267 914 1311 signifi-

104 1322 238 1357 cantur,
264 1315 469 1361 praesertim
489 1313 526 1348 in
544 1313 717 1358 Odyssea.
735 1323 770 1346 v.
784 1313 914 1358 Οό355.

105 1360 155 1406 α’,
180 1364 258 1398 152.
283 1365 349 1394 etc.
374 1362 434 1395 W.

348 1129 414 1166 τὸν
456 1129 515 1166 ἐπὶ
547 1127 744 1165 καταλύσει
777 1130 912 1174 λοιμοῦ

151 1409 233 1444 475.
258 1406 444 1451 κνέφας
467 1404 619 1452 pertinet
644 1403 688 1438 ad
715 1403 848 1448 νέφοςε
880 1415 916 1440 v

108 1466 187 1489 ann.
211 1454 256 1488 ad
287 1454 346 1488 35
378 1474 389 1491 .

153 1501 232 1536 477.
257 1497 329 1557 2593
350 1494 435 1555 ἤτοι
453 1494 476 1543 ἡ
501 1494 567 1531 τὸν
587 1492 733 1539 ὄρθρον
751 1505 917 1551 γεννωσα

109 1545 241 1591 ἡμέρα,
265 1543 288 1590 ἢ
311 1544 334 1590 ἡ
355 1542 430 1580 ὑπὸ
450 1543 520 1578 τοῦ
538 1541 680 1586 ὄρθρου
699 1540 916 1586 γεννωμένη.

111 1594 227 1650 ροδ.
244 1591 472 1650 ροδόχρους,
505 1587 682 1632 διαυγής
700 1587 918 1646 πνρῤώδης

110 1638 180 1686 γὰρ
211 1635 231 1675 6
260 1637 333 1697 ἀήρ
361 1637 506 1695 ὄρθρου
529 1637 668 1689 γίνεται
692 1632 730 1669 ἐν
756 1637 801 1679 τῇ
825 1632 917 1669 ἀνα-

112 1687 214 1742 τολῇ.
255 1683 330 1721 απὸ
360 1683 399 1719 δε
433 1684 503 1718 τοῦ
535 1680 737 1737 σχήματος
750 1682 824 1715 τῶν
852 1683 918 1725 τῆς

111 1730 232 1780 χειρὸς
258 1729 451 1767 δακτύλων
471 1732 668 1773 παρίστησι
697 1725 738 1762 τὸ
770 1728 845 1761 τῶν
875 1726 919 1762 ἀ·-

112 1781 245 1817 κτίνων
264 1779 396 1833 σχῆμα.
422 1775 595 1819 (similiter
618 1775 708 1831 Ap.)
743 1774 826 1807 Sch.

158 1826 239 1861 478.
275 1825 339 1860 ἀν.
373 1822 577 1867 ἀνήγοντο,
610 1819 796 1856 ἐπέπλεον.
840 1820 921 1854 Sch.

111 1872 389 1926 provehebantur
413 1882 453 1903 ex
475 1873 589 1912 portu.
622 1866 666 1900 cf.
692 1866 735 1899 E.

159 1916 241 1954 479.
267 1917 423 1952 similiter
449 1915 578 1959 Odyss.
603 1910 650 1959 β’,
669 1911 751 1952 420,
776 1909 819 1952 0'‚
839 1912 919 1946 292.

115 1964 264 2010 ἴκμενον
290 1960 407 2020 οὖρον
437 1962 652 2004 πλησίστιον
683 1958 768 1991 dicit
792 1958 922 2003 Odyss.

115 2011 158 2052 λ’,
179 2012 213 2046 7·
238 2018 274 2045 et
296 2008 332 2054 μ’
337 2035 347 2051 ,
374 2008 451 2044 149.
484 2011 666 2051 praeterea
690 2016 758 2038 vox
781 2016 848 2038 non
872 2004 923 2037 le-

116 2057 232 2103 gitur3
258 2068 360 2100 quam
383 2053 518 2100 quidem
542 2052 815 2107 interpretantur
841 2061 924 2083 ven-

116 2110 191 2138 tum
215 2104 411 2137 secundum.
459 2099 563 2132 Sch.:
573 2096 673 2153 ἤτοι
693 2094 925 2140 πορευτικὸν,

117 2147 221 2193 παρὰ
246 2148 289 2184 τὸ
319 2146 519 2183 ικνεῖσθαι.
556 2141 580 2187 ἢ
604 2141 741 2188 υγρὸν,
766 2141 840 2177 άπὸ
862 2143 928 2186 τῆς

120 2194 286 2240 ἰκμάδος.
311 2214 357 2219 --
392 2190 490 2238 plior
521 2190 640 2224 harum
665 2189 927 2233 interpretatio-

120 2254 198 2277 num
221 2242 337 2275 verior
361 2239 522 2273 videtur:
547 2247 623 2270 nam
648 2235 819 2269 humidum
843 2245 928 2268 ven-

121 2292 192 2323 tum
227 2286 405 2332 deprecati
438 2287 573 2324 essent,
609 2282 749 2327 opinor,
787 2280 928 2321 Graeci,

120 2346 186 2369 nec
209 2334 360 2390 faustum
385 2327 604 2384 quodpiam,
620 2329 681 2361 sed
706 2333 929 2382 tempestates

122 2384 244 2415 sonant
279 2376 410 2422 ἄνεμοι
439 2372 555 2420 νγοὸν
583 2371 704 2414 ἀέντες
734 2374 809 2418 Οό3
807 2384 861 2406 ’.55
889 2371 929 2414 ε’,

123 2425 203 2461 478.
235 2429 271 2460 et
301 2423 345 2466 τ’,
376 2421 456 2458 440.
511 2420 685 2454 Hesiodus
722 2419 790 2454 Th.
827 2419 927 2454 868³

124 2485 171 2508 εκ
195 2470 247 2508 δε
276 2450 500 2527 Τυφωέος
526 2463 618 2501 ἔστ’
646 2464 835 2509 ἀνέμων
859 2463 930 2508 μέ-

123 2532 208 2559 νος
244 2515 402 2574 ’ὑγρὸν
426 2511 607 2569 ci's'vrwv
639 2513 770 2554 Νόσφι
798 2510 929 2546 Νότου

127 2563 252 2608 Βορέω
280 2578 318 2600 τε
344 2561 407 2597 καὶ
437 2557 614 2604 αργέστεω
640 2558 840 2602 Ζεφύροιο.
883 2558 936 2593 Οἵ

125 2624 165 2668 γε
181 2624 248 2654 μεν
275 2610 314 2647 ἐκ
345 2606 487 2647 θεόφιν
511 2606 635 2650 γενεῇ,
661 2607 839 2662 θνητοῖς
846 2601 932 2648 μέγ’

128 2655 273 2701 ὄνειαρ
312 2655 366 2692 Αἳ
397 2650 440 2689 δ’
473 2649 616 2687 ἄλλαι
647 2650 751 2694 μάψ
782 2652 933 2694 αὖραι

127 2702 444 2740 ἐπιπνείουσι
477 2697 758 2739 θάλασσαν,
799 2696 845 2732 Ᾰι
884 2695 931 2740 δή

128 2763 188 2786 τοι
199 2751 402 2785 πίπτουσαι
421 2743 458 2785 ἐς
475 2742 663 2789 ἠεροειδέα
679 2743 829 2785 πόντον,
848 2745 915 2778 Π
894 2758 934 2786 η-

128 2809 192 2842 μα
214 2795 333 2852 ptf'ya
355 2795 612 2844 θνητοῖσι,
638 2792 794 2836 κακῇσι
781 2788 844 2825 (ῒυ
858 2802 934 2824 ου-

131 2854 206 2879 σιν
230 2840 370 2886 ἀέλλῃ
393 2842 460 2872 etc.
485 2836 690 2880 accipiemus
713 2837 818 2882 igitur
837 2837 935 2880 ἴκμε-

130 2902 198 2926 νον
222 2900 283 2934 pro
308 2887 501 2945 ἱκόμενον,
532 2887 664 2916 mutato
688 2883 814 2928 spiritu
838 2888 876 2916 ut
900 2883 936 2916 in

133 2932 285 2981 ομίχλη,
310 2929 399 2970 ἆλτο
422 2929 532 2982 (359,
558 2928 658 2971 532.)
688 2929 832 2973 aliisque
857 2940 937 2962 ver-

133 2982 198 3019 bis
222 2987 259 3017 et
283 2993 303 3017 ο
329 2980 412 3016 eliso
436 2980 475 3009 ut
497 2973 533 3008 in
556 2975 671 3016 τίπτε,
694 2975 787 3020 quod
808 2978 938 3010 utrum-

957 1001 1024 1034 que
1045 989 1086 1022 fit
1107 985 1286 1028 Ἰωνικῶς,
1310 991 1346 1020 et
1370 998 1487 1030 ουρον
1511 985 1659 1028 ἴκμενον
1674 982 1761 1017 nihil

957 1035 1049 1070 aliud
1084 1046 1160 1068 esse
1185 1034 1388 1086 putabimus
1410 1044 1509 1077 quam
1541 1036 1678 1064 ventum
1703 1040 1760 1062 se-

957 1083 1124 1121 cundum,
1167 1080 1226 1124 qui
1260 1079 1347 1113 flare
1379 1078 1501 1123 incipit
1534 1078 1608 1110 sive
1638 1075 1762 1115 oritur,

953 1129 1050 1183 jussu
1077 1126 1264 1180 Apollinis,
1295 1125 1385 1158 sicut
1417 1125 1599 1158 Minervae
1632 1122 1707 1165 Οά)
1705 1131 1761 1153 ss,

957 1172 1004 1221 β’,
1029 1175 1116 1211 520,
1143 1170 1186 1212 θ’,
1211 1173 1298 1213 292,
1325 1171 1496 1215 Calypsus
1522 1169 1590 1205 Od.
1617 1168 1656 1210 ε’,
1680 1167 1762 1206 268,

959 1199 1079 1253 Circes
1103 1216 1144 1260 λ’,
1169 1220 1225 1259 7.;
1249 1228 1360 1262 neque
1385 1217 1472 1250 enim
1497 1228 1552 1260 ap.
1579 1194 1679 1248 Hori).
1706 1223 1763 1245 so-

959 1267 1013 1300 lus
1037 1242 1225 1299 vento’rum
1250 1275 1311 1297 rex
1344 1262 1565 1306 dominusque
1598 1265 1650 1295 est
1674 1262 1763 1293 Aeo-

960 1312 1033 1352 lus,
1059 1318 1098 1345 ut
1122 1322 1177 1355 ap.
1202 1308 1385 1353 Virgilium
1410 1314 1446 1341 et
1468 1306 1690 1341 recentiores.
1727 1315 1763 1337 v.

960 1358 1031 1400 w,
1058 1358 1113 1398 U,
1146 1360 1183 1389 et
1206 1355 1249 1389 de
1272 1354 1377 1389 Aeolo
1409 1354 1441 1388 J.
1475 1354 1521 1388 H.
1546 1351 1660 1387 Vossii
1683 1352 1762 1385 krit.

961 1403 1020 1439 Bl.
1044 1405 1078 1438 2.
1112 1413 1147 1460 p.
1172 1402 1251 1436 300.

1007 1449 1089 1485 481.
1114 1444 1224 1483 ε’νδ’
1252 1443 1287 1482 ά.
1313 1460 1381 1491 πρ.
1400 1445 1535 1504 tmesis.
1581 1446 1765 1490 πρῆσεν

962 1502 1058 1529 recte
1081 1495 1357 1548 interpretantur
1392 1490 1567 1537 ἐφύσησε.
1602 1492 1682 1525 hinc
1714 1491 1765 1524 al-

962 1546 1040 1574 tero
1075 1541 1149 1574 loco
1184 1538 1344 1584 πρῆθειν
1377 1539 1553 1583 significat
1583 1537 1767 1571 incendere

963 1587 1113 1621 conflato
1138 1586 1238 1630 igne3
1271 1597 1356 1630 quas
1387 1585 1471 1618 duas
1496 1584 1766 1628 significationes

963 1633 1022 1666 uni
1054 1632 1158 1666 verbo
1196 1632 1303 1665 tribui
1336 1632 1466 1665 frustra
1506 1636 1604 1664 vetat
1637 1631 1767 1666 Buttm-

963 1679 1073 1713 Lexiz.
1106 1678 1142 1719 Ι,
1166 1679 1222 1714 27.
1246 1690 1280 1713 V.
1304 1679 1351 1712 H.

1011 1724 1090 1759 482.
1118 1726 1289 1769 στείρῃ.
1323 1725 1369 1769 τῇ
1395 1720 1544 1768 τρόπιδι
1569 1724 1636 1766 τῆς
1662 1722 1767 1764 νεώς,

966 1769 1043 1806 ἐπεὶ
1060 1771 1278 1815 στερεωτέρα
1302 1772 1376 1805 τῶν
1408 1771 1570 1805 σανίδων
1593 1769 1767 1828 ὑπάρχει·

968 1816 1027 1852 ἐπι
1045 1816 1112 1862 γὰρ
1141 1818 1191 1863 τῷ
1221 1816 1315 1863 ξύλω
1341 1816 1461 1861 τούτῳ
1483 1813 1603 1858 ω’σπερ
1627 1815 1684 1851 ἐπὶ
1704 1819 1770 1851 θε-

969 1867 1078 1910 μελίῳ
1095 1877 1167 1899 τινι
1190 1852 1489 1907 ἐποικοδομεῖται
1502 1876 1548 1897 τα
1567 1863 1658 1898 ἄλλα
1680 1861 1771 1906 ξύλα

969 1912 1036 1953 τῆς
1070 1909 1171 1949 νεώς.
1203 1911 1283 1943 Sch.
1339 1922 1482 1952 πορφ.
1522 1908 1646 1953 μέλαν.
1687 1910 1770 1943 Sch.

969 1957 1018 1991 sic
1053 1961 1088 1990 et
1120 1955 1197 1997 alii3
1231 1956 1291 1990 sed
1325 1957 1502 1990 multorum
1521 1957 1670 1990 colorum
1696 1959 1773 1989 erat

969 2014 1093 2037 succus
1111 2003 1325 2046 πορφύρεος
1341 2002 1511 2036 variorum
1533 2008 1772 2042 testaceorum,

970 2049 1013 2082 de
1038 2061 1104 2094 quo
1138 2061 1170 2082 v.
1197 2049 1361 2082 Heerenii
1385 2049 1491 2081 ldeen
1513 2049 1546 2083 2.
1576 2060 1608 2092 p.
1635 2049 1715 2083 598.
1741 2049 1772 2080 1.

971 2096 1046 2136 ed.‚
1081 2106 1140 2128 nos
1172 2095 1217 2128 ad
1242 2094 1400 2138 Aeschjl.
1435 2095 1501 2138 Ag.
1526 2096 1615 2136 865,
1640 2096 1673 2129 6.
1707 2097 1774 2128 etc.

971 2147 1067 2175 recte
1099 2141 1207 2184 igitur
1231 2142 1278 2173 W
1310 2140 1441 2174 varium
1473 2140 1575 2173 maris
1608 2140 1775 2183 fulgorem

972 2186 1156 2230 intelligit,
1192 2187 1312 2227 „nicht
1346 2186 1423 2219 eine
1455 2186 1618 2231 specielle
1649 2186 1774 2226 Farbe,

973 2234 1120 2267 sondern
1146 2233 1210 2265 den
1235 2233 1433 2265 stralenden
1457 2233 1604 2273 Schein,
1635 2244 1690 2265 wo
1713 2243 1777 2275 ge-

974 2279 1088 2336 »fisse
1103 2279 1239 2335 Farbe'n
1263 2279 1299 2311 in
1323 2278 1485 2312 einander
1510 2278 1652 2323 spielen.
1656 2281 1680 2298 “
1724 2277 1776 2311 E:

975 2323 1044 2368 ὅρα
1076 2321 1176 2365 ὅπως
1204 2323 1242 2358 ἐν
1261 2336 1328 2367 μεν
1345 2326 1392 2369 τῇ
1420 2323 1545 2360 στάσει
1568 2326 1638 2359 τοῦ
1669 2323 1778 2358 ἱστοῦ

974 2385 1036 2407 και
1057 2372 1101 2417 τῇ
1124 2369 1312 2405 ἐκπετάσει
1333 2384 1408 2405 των
1431 2371 1557 2406 ιστίων
1580 2371 1659 2406 λεία
1680 2369 1780 2406 ἐστὶν

975 2417 998 2461 ἡ
1025 2419 1162 2461 φράσις
1189 2418 1239 2462 τῷ
1265 2418 1421 2462 ποιητῇ,
1454 2416 1494 2452 ἐν
1523 2416 1565 2452 δε
1592 2420 1670 2456 τοῖς
1696 2416 1780 2460 εξῆς

975 2463 1151 2508 ἐτράχυνε
1169 2464 1247 2524 Ἡτήν
1274 2464 1426 2509 φωνὴν,
1452 2466 1498 2509 τῇ
1529 2477 1567 2499 τε
1595 2461 1779 2506 ὀνοματο-

975 2511 1061 2545 nod·
1061 2525 1083 2557 ᾳ
1115 2512 1184 2544 τοῦ
1218 2511 1323 2554 ἴαχε
1347 2511 1409 2545 καὶ
1436 2513 1486 2557 τῷ
1523 2512 1643 2556 συχνῷ
1669 2509 1780 2552 ῥοίζῳ

976 2559 1044 2592 τοῦ
1071 2572 1091 2600 ρ
1118 2556 1183 2592 τὸν
1211 2555 1347 2600 τραχὺν
1378 2558 1469 2600 ἦχον
1500 2559 1569 2592 τοῦ
1595 2558 1690 2591 πλοῦ
1717 2569 1781 2600 μι-

977 2603 1173 2659 μούμενος.
1209 2603 1290 2636 seh.
1313 2603 1423 2659 Lips..
1442 2601 1686 2659 Ἀριστοτέλης
1707 2615 1781 2659 φη-

979 2653 1055 2692 σὶν,
1091 2664 1140 2689 ως
1167 2649 1369 2690 κινούμενα
1393 2646 1562 2693 ὀνόματα
1593 2649 1728 2694 γράφει
1760 2646 1780 2685 6

978 2711 1017 2732 π.
1046 2698 1137 2740 quod
1162 2697 1205 2729 ab
1230 2695 1306 2729 aliis
1327 2707 1465 2741 quoque
1493 2702 1689 2730 annotatum
1716 2701 1783 2730 est.

979 2757 1013 2778 v.
1040 2744 1085 2778 H.

1026 2789 1293 2868 48ξ.ὴδιαπρ.
1330 2788 1563 2833 διαπερῶσα,
1598 2784 1783 2833 διερχομέ-

981 2849 1002 2871 ν
1094 2847 1111 2869 c

1004 2849 1107 2916 ⁷7484.
1131 2877 1259 2924 μετά.
1288 2879 1338 2913 sic
1355 2878 1511 2936 plerique
1535 2879 1614 2913 libri
1637 2882 1722 2913 vett.
1746 2877 1785 2912 id

984 2927 1143 2961 usitatius
1174 2925 1315 2970 vulgato
1357 2925 1472 2970 κατὰ,
1513 2925 1606 2972 quod
1639 2925 1786 2960 debetur

985 2973 1201 3009 Aristarcho.
1229 2983 1261 3007 ν.
1287 2971 1334 3006 Η.
