1811 3269
125 170 208 210 196

768 168 1158 210 ΟΜΗΡΟΥ

295 277 578 349 μαρνάμενον
606 279 740 333 φίλον
769 277 870 322 υίὸν
896 276 1134 351 Ἀρηϊφίλῳ
1164 275 1388 333 ΓνΙενελαῳ.

298 337 408 387 Ζεὺς
438 336 516 392 μέν
545 351 635 378 που
664 334 763 390 τόγε
794 334 885 379 οἶδε
915 338 988 379 καὶ
1020 335 1238 378 α’θάνατοι
1266 336 1361 378 θεοὶ
1395 331 1532 384 αλλοι,

295 393 521 451 ὁπποτέρῳ
551 391 767 435 θανάτοιο
797 393 918 444 τέλος
947 391 1233 446 πεπρωμένον
1264 391 1419 434 {6tlvf

183 456 266 496 310

375 452 434 492 ’H
455 450 531 518 ῥα,
561 449 635 492 καὶ
666 449 709 500 ἐς
742 451 905 520 δίφρον
935 448 1071 504 ἄρνας
1101 447 1203 491 θέτο
1235 448 1411 498 ἰσόθεος
1442 461 1558 503 φως

298 505 353 549 ἄν
384 504 428 550 δ’
458 503 530 559 ἄρ’
557 504 705 577 ἔβαιν’
738 506 892 557 αὐτὸς,
923 505 1032 549 κατὰ
1064 503 1109 547 δ’
1141 503 1244 559 ἡνία
1274 510 1411 548 τεῖνεν
1443 504 1631 548 ὀπίσσω·

294 563 381 617 πὰρ
414 563 459 606 δέ
491 563 534 605 οἱ
557 561 772 635 Ἀντήνωρ
802 562 1062 632 περικαλλέα
1093 561 1274 631 βήσατο
1291 563 1476 616 δίφρον

299 636 360 663 τω
390 620 470 676 μὲν
499 617 572 674 ἄρ’
604 619 798 676 αψορῥοι
827 620 959 673 προτὶ
975 617 1111 662 Ἴλιον
1140 617 1394 661 απονέοντο

346 704 425 745 post
450 700 574 735 Priami
597 700 783 734 discessum
808 711 902 734 arma
926 699 1067 744 capiunt
1092 698 1270 732 Menelaus
1295 702 1330 731 et
1356 697 1476 740 Paris,
1516 706 1552 732 et.
1586 697 1620 730 in
1645 694 1792 740 spatium

263 747 443 780 certamini
466 747 652 781 dimensum
675 746 879 792 procedunt.

362 812 530 869 Ἐκτωρ
563 816 609 858 δὲ
642 812 866 869 Πριάμοιο
897 812 999 863 πάϊς
1031 813 1105 855 καὶ
1136 814 1230 863 δῖος
1254 811 1493 863 Ὀδυσσεύς

183 874 265 914 315
294 886 441 940 χωρον
470 888 549 926 μεν
578 875 756 925 πρῶτον
786 870 1056 924 διεμέτρεον,
1088 866 1227 922 αὕταρ
1259 870 1404 913 ἔπειτα

299 926 488 983 κλήρους
519 929 565 971 έν
594 927 730 983 κυνέῃ
761 926 968 983 χαλκήρεϊ
996 926 1162 981 βαλλον
1192 925 1374 978 ἑλόντες,

128 1030 191 1070 12,
220 1030 320 1070 151.,
347 1035 532 1064 annotante
558 1029 749 1065 Eichhoff.:
781 1043 848 1064 non
874 1041 937 1074 pu-

125 1087 236 1120 gnam
268 1077 448 1120 adspicere
469 1077 558 1110 hanc
583 1078 706 1118 oculis,
731 1088 799 1109 non
814 1078 938 1120 foede—

126 1133 189 1162 ra,
209 1133 356 1166 possum.

171 1147 252 1204 309
299 1171 405 1204 θαν.
430 1167 581 1208 τέλος.
613 1166 795 1209 θανατος.
838 1180 871 1201 v.
898 1166 937 1210 ε’,

126 1214 183 1248 68.
223 1214 347 1248 collato
379 1215 459 1250 553.
493 1214 643 1259 ejusdem
675 1214 765 1248 libri.
800 1215 854 1252 K,
881 1215 938 1248 W.

126 1258 194 1301 „26
220 1259 322 1301 τέλος
344 1260 447 1302 τινός
471 1261 518 1294 ist
543 1261 605 1294 das
630 1260 725 1302 Ziel,
750 1260 811 1293 der
840 1240 937 1293 'Zeit-

128 1306 248 1349 punkt‚
273 1307 308 1340 111
324 1307 488 1341 welchem
505 1311 615 1340 etwas
630 1286 823 1361 gescliehen
838 1317 940 1339 muss.

126 1351 228 1393 τέλος
248 1351 367 1410 γάμου
388 1353 436 1386 ist
454 1350 533 1396 ὥρα
556 1365 587 1396 γ.
581 1377 603 1393 .,
627 1352 728 1392 τέλος
750 1350 854 1397 ἥβης,
875 1350 941 1397 γή-

127 1410 219 1442 ραος
240 1397 334 1446 ἥβη,
360 1400 512 1445 γῆρας.“
538 1400 572 1432 Ε
593 1398 637 1434 Κ.
690 1399 735 1433 cf.
769 1398 874 1432 Schn
907 1410 941 1432 v.

127 1444 249 1481 τέλλω.

173 1493 255 1527 310.
301 1504 348 1525 τα
375 1487 470 1526 ἐπὶ
457 1488 580 1534 όρκοις
604 1487 879 1535 σφαγιαζόμενα
904 1489 940 1524 οἱ

128 1550 196 1582 μεν
217 1536 384 1595 ἐγχώριοι
397 1538 578 1582 (Trojani)
600 1550 836 1595 κατωρυττον
854 1535 942 1580 κρύ-

129 1597 282 1625 πτοντες
309 1581 382 1620 ὑπὸ
414 1584 500 1628 γῆν,
534 1583 569 1618 οἱ
606 1584 646 1618 δὲ
683 1581 860 1638 ἐπήλυδες
886 1583 941 1627 (εἰ

129 1631 192 1665 καὶ
213 1627 302 1674 “Q
335 1631 406 1664 νῦν
434 1630 545 1665 τοῦτο
568 1631 666 1688 Ησιγᾷ
693 1627 787 1664 κατοὶ
808 1630 939 1685 σχῆμα

132 1675 321 1734 σύνηθες)
354 1674 526 1735 θαλασσῃ
561 1672 818 1732 ἔπέῤῥιπτον
803 1672 826 1720 η“
852 1674 938 1711 ἄλλο

129 1737 166 1759 τι
191 1736 323 1767 ομοιον
347 1721 523 1763 ἐποίουν,
558 1735 606 1763 ως
639 1722 677 1758 ἐκ
702 1724 772 1758 τοῦ
794 1721 939 1766 κάπρου

131 1771 176 1827 δη
163 1771 243 1806 λον
269 1769 389 1810 έσται,
425 1764 469 1803 ὃν
502 1767 559 1803 ἐπὶ
585 1768 681 1828 ὅρκῳ
708 1767 842 1814 σφάξει
865 1782 938 1804 που

130 1814 150 1853 ὁ
185 1814 365 1871 βασιλεύς.
411 1813 480 1858 (τ’,
504 1816 607 1851 266.;
652 1831 701 1870 η,
729 1816 806 1850 καὶ
844 1813 938 1850 aad

129 1861 369 1906 στόμαχον
416 1859 602 1916 κάπρου
645 1861 764 1905 τάμε
809 1860 942 1904 νηλέι·

130 1910 296 1955 χαλκῷ.
368 1904 464 1942 Τὸν
512 1920 596 1951 μεν
637 1907 940 1963 Ταλθύβιος

124 1957 302 2012 πολιῆς
346 1952 465 1995 ἁλὸς
505 1952 551 1995 ἐς
591 1952 710 2010 μέγα
758 1956 940 1997 λαῖτμα

124 1998 242 2045 Ρίψ’
280 1998 593 2055 ἐπιδινήσας,
624 1999 785 2059 βόσιν
797 2000 940 2056 ἰχθύ-

131 2059 204 2083 σιν
236 2048 323 2091 etc.)
366 2044 575 2089 γευσασθαι
609 2046 649 2083 δε
684 2044 808 2082 αὐτῶν
850 2045 941 2088 όλως

132 2091 333 2150 ἀπώμοτον
365 2096 433 2148 ἠν·
466 2091 528 2129 διὸ
563 2094 625 2129 καὶ
661 2094 830 2137 Πρίαμος
853 2096 943 2135 τοὺς

131 2141 206 2176 τῶν
246 2137 382 2185 ὁρκίων
416 2136 531 2184 ἄρνας
566 2142 618 2181 εἰς
652 2142 788 2184 δίφρον
828 2139 941 2181 αὐτὸς

130 2187 287 2232 θέμενος
320 2185 419 2230 (scil.
456 2198 498 2220 ne
533 2187 609 2231 quis
640 2187 773 2220 illorum
805 2199 940 2221 carnem

130 2238 307 2291 gustaret.
336 2244 370 2265 v.
396 2243 474 2266 ann.
500 2232 543 2266 ad
567 2233 664 2287 296.)
700 2230 940 2288 ἀνεχώρησεν,

131 2292 209 2323 αμα
235 2279 326 2323 [και]
351 2276 565 2323 κατορυξων
593 2276 744 2322 αὐτους,
769 2276 819 2319 ὥς
844 2281 941 2325 εἴρη-

131 2340 214 2367 ται,
239 2325 301 2361 καὶ
325 2328 404 2363 τοῖς
427 2327 595 2366 πολίταις
618 2323 658 2360 δε
684 2324 761 2360 ἄνω
788 2326 840 2369 (in
861 2339 942 2360 arce

131 2383 193 2407 seu
226 2373 335 2413 urbe,
368 2382 457 2415 quae
485 2372 520 2404 in
556 2372 737 2417 superiore
764 2373 840 2408 loco
875 2373 943 2406 sita

133 2419 240 2473 erat.)
273 2418 406 2460 δείξων
439 2415 504 2453 διὰ
538 2418 580 2453 τὸ
615 2420 682 2452 τοῦ
709 2418 818 2475 ἔργον
846 2421 944 2454 θαυ-

132 2462 290 2509 μάσιον,
315 2463 374 2498 καὶ
402 2464 464 2499 ι’να
488 2464 548 2499 καὶ
575 2462 671 2499 οὕτω
699 2465 847 2509 γένηται
871 2467 945 2499 ταῖν

132 2510 252 2556 ὅρκων
284 2511 429 2555 ταμίας.
478 2511 522 2544 cf.
556 2511 598 2544 de
632 2512 695 2545 hoc
728 2511 798 2545 ritu
831 2512 944 2545 Feith.

133 2570 168 2604 p.
193 2557 261 2592 535
282 2568 379 2602 seqq.
405 2562 440 2590 et
461 2557 598 2602 K6pkei
622 2558 792 2602 Kriegsw.
818 2559 853 2591 d.
882 2560 942 2592 Gr.

134 2616 170 2649 p.
195 2605 275 2639 251.
295 2614 390 2647 seqq.
425 2603 528 2636 Paus.
548 2605 591 2644 5,
615 2603 694 2644 24,
718 2603 811 2643 441.,
836 2615 943 2638 anno-

133 2654 228 2683 tante
257 2649 416 2682 Feithio:
449 2652 527 2689 τοῖς
558 2662 596 2694 γε
631 2647 882 2707 ἀρχαιοτέροις
908 2649 944 2690 ἐς

133 2694 180 2730 τοὶ
218 2694 334 2738 ἱερεῖα
365 2690 412 2738 ἦν
445 2694 695 2739 καθεστηκὸς,
737 2694 794 2739 ἐφ’
828 2692 854 2742 ᾦ
889 2710 945 2737 τις

134 2738 245 2785 ὅρκον
271 2739 490 2797 humionem,
517 2741 610 2787 μηδε
636 2740 821 2786 ἐδώδιμον
846 2741 942 2778 εἶναι

134 2789 247 2823 τοῦτο
281 2785 334 2822 ἐτι
340 2785 563 2842 ἅνθρωπω.
611 2790 724 2843 δηλοῖ
744 2787 784 2823 δὲ
809 2802 876 2833 ουχ
901 2788 945 2846 ἤ-

134 2845 242 2869 κιστα
264 2833 327 2868 καὶ
340 2830 432 2877 ”.Ομ
447 2845 455 2853 ·
478 2834 543 2870 τὸν
567 2836 659 2879 γοῦν
677 2833 832 2879 κάπρον,
856 2833 945 2871 καθ’

136 2878 227 2916 ὅτου
259 2881 334 2914 τῶν
366 2881 505 2935 τομίων
539 2878 654 2925 Ἆγαμ.
682 2881 892 2926 ἐπώμοσεν,
913 2877 946 2940 ἦ

135 2926 210 2972 μὴν
233 2924 329 2961 εἶναι
353 2924 418 2971 τὴν
433 2928 653 2971 Βρισηΐδα
640 2929 778 2964 εαυτοῦ
802 2930 865 2973 τῆς
884 2927 944 2964 ευ’-

135 2973 203 3019 νῆς
219 2971 433 3030 ἀπείρατον,
447 2974 582 3008 τοῦτον
597 2973 662 3009 τὸν
679 2974 823 3019 κοίπρον
838 2975 946 3019 ἀφιέ-

136 3031 249 3064 μενον
273 3016 350 3055 {md
372 3021 440 3055 τοῦ
459 3019 619 3065 κήρυκος
637 3020 808 3067 ἐποίησεν
824 3021 860 3065 ἐς
871 3021 937 3058 θά-

985 1032 1122 1064 λασσαν
1141 1035 1208 1064 etc.
1237 1050 1282 1055 —
1306 1031 1360 1065 ἰσ.
1387 1027 1497 1074 φώς.
1529 1028 1649 1067 θεῖος.
1673 1024 1792 1069 appel-

985 1077 1067 1110 latio
1092 1076 1282 1132 dignitatis
1322 1088 1355 1110 v.
1379 1087 1456 1110 ann.
1482 1075 1526 1108 ad
1551 1070 1597 1114 α’,
1621 1073 1654 1106 4.

1030 1124 1110 1158 313.
1162 1120 1386 1179 ἅψοῤῥοι.
1412 1122 1464 1162 εἰς
1488 1118 1651 1155 τούπίσω
1677 1113 1793 1161 ὁρμή-

985 1181 1123 1210 σαντες.
1147 1168 1229 1204 Sch.
1263 1168 1303 1203 τό
1333 1167 1408 1212 ἅψ-
1435 1181 1472 1202 π.
1487 1163 1529 1202 ”L
1552 1165 1587 1201 υΞ
1613 1166 1793 1209 περίφρα-

986 1217 1043 1256 σίς
1065 1214 1139 1250 ἐστι
1164 1216 1233 1249 τοῦ
1256 1214 1559 1258 ἐπαλινόστησαν.
1585 1211 1615 1244 Ε

1031 1263 1111 1297 315.
1159 1262 1320 1305 χαῖρον.
1351 1260 1418 1295 τόν
1433 1260 1559 1297 τόπον.
1585 1256 1794 1314 ἀναγκαίως

988 1305 1028 1342 δε
1064 1308 1278 1351 διεμέτρουν
1306 1308 1382 1342 πᾶν
1414 1308 1456 1342 τὸ
1491 1305 1652 1363 χωρίον,
1692 1301 1731 1338 έν
1766 1299 1794 1348 ᾦ

989 1353 1135 1409 ἔμελλον
1159 1352 1452 1412 μονομαχήσειν,
1485 1351 1576 1387 ὥστε
1601 1349 1651 1395 μὴ
1675 1347 1795 1394 μόνον

987 1398 1051 1436 τὸν
1076 1400 1140 1435 διιὲ
1165 1402 1239 1435 τῶν
1263 1399 1386 1437 όπλων
1409 1397 1618 1457 ἡττηθέντα
1651 1398 1794 1451 νενικῆ-

988 1449 1099 1488 σθαι,
1133 1443 1223 1482 αλλὰ
1252 1447 1313 1483 καὶ
1342 1446 1406 1483 τὸν
1431 1443 1660 1482 απολιπόντα
1685 1439 1725 1477 τὸ
1752 1441 1794 1478 οἷ-

986 1493 1203 1552 πορεδειγμέ
1205 1507 1272 1529 νον
1296 1495 1448 1551 χωρίον.
1511 1491 1599 1533 ὅπερ
1634 1492 1796 1535 γίγνεται

986 1540 1048 1574 καὶ
1081 1539 1139 1575 ε’πὶ
1175 1542 1249 1575 τῶν
1283 1539 1469 1585 ἀθλητῶν.
1498 1559 1542 1564 —
1576 1538 1656 1572 Sch-
1695 1537 1793 1582 Virg-

986 1588 1266 1626 Aen-12‚116.:
1291 1599 1446 1631 campum
1466 1587 1513 1619 ud
1532 1591 1703 1619 certamen
1719 1596 1795 1617 ma-

985 1644 1080 1677 gnae
1102 1633 1163 1665 sub
1182 1634 1354 1667 moenibus
1375 1634 1467 1667 urbis
1490 1629 1794 1665 DimensiRutuli-

985 1691 1050 1723 que
1073 1679 1140 1711 viri
1165 1680 1349 1736 Teucrique
1365 1681 1550 1737 parabant.
1574 1679 1632 1711 W.

1032 1725 1112 1760 316.
1161 1723 1207 1759 ἐν
1240 1726 1393 1771 κυνέῃ.
1445 1724 1484 1761 ἐν
1517 1725 1563 1770 τῇ
1595 1736 1675 1767 περι
1679 1734 1793 1767 κεφα-

986 1773 1082 1816 λαίᾳ.
1101 1771 1378 1826 (intelligendum
1389 1772 1545 1815 κόρυθα·
1563 1770 1623 1804 sed
1643 1781 1676 1803 v-
1689 1769 1793 1803 Schn.

988 1829 1022 1850 v.
1056 1816 1207 1861 κυνέη.)
1255 1822 1375 1861 χαλκ.
1415 1820 1534 1864 χαλκῷ
1568 1814 1792 1862 ἡρμοσμένῃ,

985 1865 1111 1908 χαλκη.
1137 1864 1218 1906 (mit
1237 1866 1306 1898 Erz
1329 1867 1410 1899 oder
1424 1868 1559 1908 Kupfer
1576 1863 1794 1916 beschlagen,

987 1919 1024 1943 ut
1058 1909 1152 1952 δόρυ
1177 1913 1352 1955 χαλκῆρες
1375 1911 1412 1953 ε’,
1440 1913 1537 1952 145,
1573 1909 1626 1944 ἰοὶ
1657 1906 1794 1953 χαλκή-

987 1969 1061 1998 Θὲῑς
1087 1956 1214 2001 Od)SS
1245 1971 1291 1999 α,
1317 1961 1395 1994 262.
1422 1960 1508 1992 Ket
1527 1936 1607 2000 JV.)
1634 1955 1714 1989 Sch.

1033 2004 1112 2038 316.
1161 2002 1357 2048 βάλλον.
1397 2005 1447 2039 sic
1471 2006 1535 2047 Ap.
1561 2016 1593 2037 v.
1625 2000 1796 2046 κλήρους,

987 2048 1046 2081 111)ἰ
1070 2050 1260 2093 ponendum
1286 2058 1368 2095 puto
1392 2050 1450 2086 ἐπὶ
1474 2064 1542 2106 μεν
1566 2049 1639 2083 τῶν
1660 2050 1795 2092 βαλλο-

986 2094 1106 2138 μένων
1130 2096 1182 2134 εἰς
1208 2096 1274 2141 τὴν
1299 2096 1434 2142 δοχὴν,
1468 2099 1504 2130 ἰη
1530 2095 1796 2138 receptaculum,

989 2151 1050 2184 pro
1084 2140 1210 2185 λοχήν.
1263 2143 1488 2188 similiterque
1524 2142 1640 2197 Etym.
1653 2166 1663 2182 ,
1694 2140 1742 2173 ibi
1775 2152 1796 2174 a

987 2186 1102 2220 Tollio
1128 2188 1347 2222 emendatus:
1382 2191 1553 2234 σηιιαίνει
1575 2185 1615 2246 6}
1639 2185 1796 2231 ψήφους

986 2231 1103 2276 τινὰς,
1129 2232 1168 2267 ἐν
1192 2233 1251 2275 αἶς
1275 2235 1525 2291 ἐσημειοῦντο,
1547 2234 1607 2269 καὶ
1631 2233 1796 2291 ε’γραφον

987 2292 1034 2313 τα
1058 2278 1225 2323 ὀνόματα
1260 2281 1406 2325 αὐτῶν,
1442 2279 1530 2326 ὅπερ
1567 2280 1630 2315 καὶ
1654 2278 1796 2325 λαχμὸς

988 2324 1148 2369 λέγεται,
1186 2324 1235 2368 [ὃς
1257 2327 1298 2364 τὸ
1317 2328 1501 2382 ε’βαλον
1537 2326 1794 2383 (ἔβαλλον)

990 2371 1211 2430 κλήρους.
1270 2374 1360 2431 quin
1394 2376 1470 2421 ipse
1503 2376 1600 2409 Hom.
1625 2371 1673 2418 η’,
1699 2374 1795 2410 175.=

992 2414 1041 2458 ὡς
1074 2417 1220 2464 ἔφαθ’·
1257 2422 1293 2455 οἱ
1325 2419 1365 2456 δὲ
1397 2423 1534 2467 κλῆρον
1566 2419 1796 2477 ἐσημήναντο

991 2477 1156 2508 εκαστοι,
1188 2465 1260 2501 Ἐν
1295 2465 1335 2501 δ’
1369 2467 1542 2513 ἔβαλον
1573 2466 1715 2511 κυνέη
1739 2463 1796 2500 Ἀ-

990 2512 1217 2569 ηαμέμιονος
1244 2511 1448 2556 Ἀτρείδαο,
1484 2520 1520 2549 et
1548 2512 1673 2547 ibidem
1693 2481 1802 2548 187.

992 2572 1033 2598 ος
1065 2571 1130 2602 μιν
1154 2559 1371 2618 ἐπιγράψας
1402 2560 1545 2619 κυνέῃ
1571 2558 1685 2615 βάλε
1710 2559 1811 2614 φαί-

991 2607 1099 2649 διμος
1123 2605 1229 2647 Αἴας,
1256 2611 1291 2639 et
1315 2604 1370 2650 ψ’,
1394 2599 1493 2643 352·
1528 2605 1574 2642 ἐν
1606 2602 1654 2640 δε
1685 2591 1811 2651 κλή-ξ

990 2665 1101 2696 ρους
1125 2651 1376 2698 ἐβαλοντο.
1425 2652 1573 2687 obtinuit
1595 2656 1710 2686 tamen
1735 2660 1811 2700 pro

990 2699 1136 2743 genuino
1164 2699 1319 2732 mendum
1341 2697 1498 2740 πάλλον,
1524 2697 1614 2745 quod
1631 2709 1705 2731 cum
1727 2694 1811 2731 dis-

990 2744 1167 2789 plicuisset
1186 2745 1370 2790 Ksppenio
1383 2745 1585 2790 Vossioque‚
1606 2744 1697 2777 sicut
1717 2735 1811 2777 olim

989 2792 1122 2832 Hess0‚
1147 2790 1233 2824 male
1257 2792 1431 2825 defensum
1453 2797 1505 2825 est
1523 2802 1543 2825 a
1561 2790 1646 2824 viris
1666 2758 1811 2830 doctis-l

990 2837 1104 2878 simis,
1130 2848 1204 2870 cum
1228 2842 1264 2870 et
1287 2837 1438 2892 ineptum
1462 2837 1528 2879 sit,
1560 2841 1597 2871 et
1619 2831 1811 2870 ταυτολό-ὲ

990 2896 1076 2928 γον,
1102 2882 1322 2936 minimeque,
1346 2888 1384 2917 ut
1409 2884 1459 2917 ita
1481 2883 1613 2923 dicam,
1637 2880 1795 2916 Homeri-

990 2941 1074 2963 cum.
1123 2928 1274 2973 ineptum
1299 2934 1364 2971 est,
1389 2931 1471 2975 quia
1496 2940 1579 2962 unus
1605 2928 1735 2962 sufficit
1751 2925 1796 2960 ad

989 2975 1201 3020 aequandum
1244 2981 1375 3018 sortes,
1419 2976 1509 3010 sicut
1547 2985 1669 3008 revera
1710 2981 1796 3006 unus

989 3027 1114 3066 aequat
1133 3021 1264 3055 Hector
1282 3020 1488 3063 324.,1111115
1509 3017 1680 3064 Nestorn‘
1683 3045 1693 3062 ,
1705 3020 1782 3055 181.
1772 3042 1807 3093 ·,i
