1811 3269
82 146 167 188 102

718 150 1127 192 OMHPOT

221 259 350 310 *τῆλε
381 256 453 300 διὰ
484 256 745 313 προμάχων,
779 258 856 303 ὅθι
882 261 925 303 οἱ
955 262 1212 304 καταείσατο
1241 262 1380 333 γαίης·

251 311 385 368 τόφρ’
406 313 576 368 ”Εκτωρ
609 315 832 369 ἄμπνυτο,
863 317 938 360 καὶ
966 316 1026 369 ἂψ
1059 318 1101 368 59
1133 319 1297 372 δίφρον
1325 317 1520 372 ὀρούσας

138 375 220 416 860
252 369 417 421 ἐξέλασ’
449 371 493 422 59
522 372 724 427 πληθύν,
754 373 828 416 καὶ
862 373 1048 417 ἀλεύατο
1078 378 1190 442 κῆρα
1219 375 1442 430 μέλαιναν.

254 428 384 478 δουρὶ
416 427 456 469 6'
490 428 712 501 ἓπαίσσων
736 430 939 500 προσέφη
970 431 1180 485 κρατερὸς
1210 431 1459 515 Διομήδης·

332 482 424 535 ..Ἐξ
458 487 515 526 αὐ
545 489 630 527 νῦν
662 486 820 542 ἔφυγες
848 488 1070 537 θάνατον,
1101 486 1239 530 κύον]
1267 491 1294 545 ἡ
1326 489 1369 532 τέ
1399 507 1467 532 τοι
1498 489 1596 545 α’γχι

250 534 361 601 ἦλθε
393 541 555 584 κακόν·
586 546 672 585 νῦν
703 544 805 586 αῠτέ
835 543 878 587 σ’
912 544 1099 596 ἐρύσατο
1133 547 1299 599 Φοῖβος
1326 543 1561 601 Ἀπόλλων,

252 614 285 656 ω
320 596 486 650 μέλλεις
518 597 721 654 εὔχεσθαι
752 600 831 644 ἰών
861 600 902 651 ἐς
933 603 1102 644 δοῦπον
1132 600 1341 644 ἀκόντων.

139 656 223 698 365
254 656 279 707 η’
310 654 410 723 θήν
431 653 472 697 σ’
507 655 674 730 ἐξανύω
704 673 751 713 γε
781 658 855 701 καὶ
885 657 1074 711 ὕστερον
1104 656 1408 713 αντιβολήσας,

252 712 293 754 εἴ
318 708 410 755 πού
440 728 505 762 τις
535 713 609 756 καὶ
639 715 785 770 ἔμοιγε
815 718 934 757 θεώι
964 714 1257 769 ἐπιτάρροθός
1288 716 1426 758 ἐστιν

250 771 335 811 νῦν
366 770 422 811 αὐ
452 768 558 821 τοὺς
587 768 749 822 ἄλλους
779 771 1042 827 ἐπιείσομαι,
1073 771 1127 815 ὅν
1158 788 1204 815 κε
1232 774 1391 828 κιχείω.
1397 775 1424 796 “

303 848 362 882 sed
389 848 597 893 Diomedes,
624 862 644 884 a
670 850 798 884 Paride
823 851 1043 893 v,uineratus
1070 851 1138 885 cito
1164 852 1208 885 ad
1235 863 1342 886 naves
1366 852 1564 896 revehitur,
1599 851 1670 887 solo
1700 863 1755 886 re·

220 893 303 928 licto
329 895 477 940 Ulysse,
504 896 561 940 qui
586 896 710 930 vulnus
736 902 912 931 curantem
938 903 1152 943 protexerat,

325 958 401 1031 Ys,
432 963 505 1005 καὶ
540 965 785 1020 Παιονίδην
816 964 1111 1034 δουρικλυτὸν
1125 965 1393 1037 έξεναριζεν.

250 1017 390 1072 αὐτὰρ
419 1017 720 1075 Ἀλέξανδρος,
747 1019 922 1077 Ελένης
951 1022 1080 1073 πόσις
1110 1020 1345 1078 ἠϋκόμοιο,

139 1078 223 1118 370
259 1078 446 1145 Τυδείδη
478 1077 548 1120 ε’πὶ
578 1077 683 1130 τόξα
713 1080 946 1132 τιταίνετο,
975 1079 1151 1151 ποιμένι
1181 1083 1314 1134 λαῶν,

220 1133 385 1203 *στήλῃ
417 1134 668 1188 κεκλιμένος
699 1134 988 1192 ανδροκμήτῳ
1021 1136 1088 1179 ἐπὶ
1117 1136 1269 1194 τύμβῳ

242 1176 371 1233 ’Ίλου
391 1193 704 1260 Δαρδανίδαο,
736 1196 932 1235 παλαιοῦ
960 1182 1298 1261 δημογέροντος.

250 1245 349 1302 ἤτοι
381 1245 405 1291 ὁ
436 1264 516 1302 μεν
544 1248 731 1317 θώρηκα
759 1247 1064 1323 Ἀγαστρόφου
1097 1251 1333 1320 ἰφθίμοιο

257 1302 401 1346 αι’νυτ’
434 1303 521 1348 α’πό
552 1305 770 1361 στήθεσφι
799 1308 1066 1359 παναίολον,
1098 1305 1262 1351 ασπίδα
1291 1304 1333 1349 τ’
1369 1303 1516 1361 ὤμων,

141 1363 224 1405 375
253 1361 328 1404 καὶ
357 1360 537 1415 κόρυθα
566 1362 777 1420 βριαρήν·
811 1361 836 1408 ὁ
873 1363 920 1407 δὲ
949 1363 1081 1418 τόξου
1110 1368 1255 1421 πῆχυν
1287 1361 1481 1416 ἄνέλκεν,

82 1471 256 1519 ἐρωὴν,
272 1475 409 1518 jactum
430 1475 566 1509 hastae.
601 1476 758 1520 perrexit
785 1476 828 1511 ad
848 1476 901 1512 lo-

82 1531 178 1562 cum,
209 1532 289 1574 quo
308 1521 440 1555 hastam
475 1522 692 1566 conjecerat,
725 1529 900 1579 receptum

83 1578 170 1608 eam,
193 1565 373 1624 μετῴχετο
397 1566 440 1602 τὰ
467 1567 560 1611 δόρυ
579 1567 621 1604 τὸ
642 1569 900 1615 παλλόμενον.)

83 1614 196 1658 δηλοῖ
217 1617 279 1649 καὶ
303 1613 372 1659 τὴν
395 1610 646 1660 ὑποχώρησιν.
671 1616 754 1650 Sch.

129 1661 219 1701 358,
256 1661 289 1695 9.
343 1663 664 1697 καταείσατο.
709 1662 820 1697 sensit
852 1663 900 1704 H,

83 1707 280 1760 ponendum
312 1718 389 1741 esse
422 1710 647 1744 κατεείσατο.
691 1720 726 1742 v.
751 1720 830 1743 ann.
856 1709 902 1742 ad

84 1751 129 1793 δ’,
157 1754 235 1789 138.
259 1753 361 1786 simili
385 1755 507 1788 menda
531 1753 717 1790 ἀνάεδνον
735 1766 797 1810 pro
816 1752 900 1789 οἰνέ-

85 1799 196 1835 εδνον
221 1799 386 1844 scriptum
411 1805 465 1833 est
490 1799 525 1839 ι’,
553 1800 631 1842 146,
656 1801 736 1841 288,
756 1798 800 1842 ν’,
819 1802 898 1837 366.

84 1846 189 1879 Sch..
214 1845 436 1902 κατηνέχθη.
472 1847 541 1890 (sic
565 1848 646 1881 item
669 1846 806 1880 Suidas.
854 1848 900 1880 cf.

83 1891 230 1925 inferius
251 1893 349 1936 367.)
398 1891 638 1935 ἄμπνυτο.
672 1894 723 1937 (v.
752 1904 830 1926 ann.
856 1893 900 1927 ad

84 1936 126 1980 ε’,
150 1938 247 1982 697.)
280 1937 612 1995 οἷνεσωφρονίσθη.
639 1936 841 1993 α’νεκτήθη.

132 1986 255 2020 362-
267 1986 346 2020 367.
397 1984 531 2021 κύον.
556 1984 625 2029 (θ’,
644 1986 726 2027 4Ξ3,
751 1998 799 2026 υ,
818 1984 900 2027 449,

86 2028 139 2076 φ’,
164 2032 252 2072 481,
276 2029 320 2088 χ’,
345 2030 431 2072 345,
457 2031 505 2074 α’,
533 2034 598 2069 159
620 2033 706 2076 etc.)
745 2030 900 2067 αναιδέ-

85 2088 205 2113 στατε.
250 2072 308 2123 (ῳ
345 2076 534 2121 μέλλεις
565 2077 818 2134 εὔχεσθαι
873 2079 901 2124 ᾠ

87 2121 196 2168 ενξῃ,
221 2125 276 2158 cui
298 2125 512 2168 precaberis,
545 2124 619 2160 sive
640 2126 780 2170 precari
803 2126 900 2158 soles.

86 2182 122 2204 v.
146 2170 177 2203 Κ
211 2175 270 2211 et,
308 2182 409 2216 quem
445 2171 620 2212 laudavit,
667 2171 820 2205 Fischer.
857 2171 901 2204 ad

87 2196 338 2271 Aeschineinp
343 2217 463 2258 .140.‚
487 2218 568 2251 item
589 2216 637 2259 α’,
655 2217 736 2258 564,
757 2216 800 2259 ν,
819 2219 901 2258 226,

87 2229 397 2306 ξᾏ125,ο’,Ρ46.
445 2243 568 2297 V..oss
603 2265 671 2298 den
705 2265 752 2297 du
775 2265 902 2308 gewiss

86 2309 257 2352 anflehst,
293 2311 329 2343 in
356 2310 422 2343 das
445 2311 701 2355 speergerassel
726 2311 806 2344 dich
829 2322 903 2343 wa-

86 2355 214 2400 gend.)
263 2350 287 2399 ἦ
309 2354 408 2400 θήν
432 2367 453 2390 σ
494 2355 551 2399 ἐξ.
584 2356 684 2391 πάνυ
710 2355 756 2401 δή
781 2368 819 2392 σε
841 2355 902 2391 ἐπὶ

88 2401 192 2442 τέλος
215 2399 314 2444 ἄξω,
340 2400 524 2447 φονεύσω.
567 2403 756 2461 (praesens
788 2414 823 2448 p.
847 2404 903 2436 fu-

88 2452 179 2481 turo.
213 2450 279 2492 Ap.
305 2454 341 2482 et
365 2449 539 2492 Hesycha
575 2447 732 2492 ἐξαιύω.
768 2447 901 2492 ἐξανύ-

89 2505 153 2529 σω.
187 2495 627 2538 conficio,co⁷1ficiam.—
651 2495 817 2541 ἀντιβ.,
843 2508 903 2529 oc-

89 2551 241 2575 currens
274 2541 358 2586 Apa
383 2539 634 2599 ἀντιβολῆσαι.
664 2543 904 2585 συναντῆσαι,

90 2590 294 2630 συντυχεῖν.
334 2587 397 2622 καὶ
430 2586 526 2622 ἐστιν
551 2586 633 2622 οἷον
658 2586 905 2644 οἷντιμολῆσαι

90 2637 156 2667 etc.
196 2633 241 2667 cf.
262 2633 367 2668 Schn.
385 2634 419 2669 h.
439 2646 470 2667 v.
485 2632 903 2679 -ἐπιτοὶῤῥοθσς.

90 2676 130 2719 ε’,
155 2680 255 2723 808)
305 2678 596 2722 ἐπιείσομαι.
637 2681 684 2725 (a
708 2683 816 2715 verbo
843 2681 906 2717 ἐπ-

90 2724 196 2759 ιέναι.
238 2726 284 2760 cf.
316 2726 424 2770 358.)
458 2724 710 2771 ἐπελεύσομαι
742 2729 825 2762 sch.
859 2747 904 2753 —

89 2784 238 2853 κι3χ68.α
240 2770 412 2860 ’,ἒῖξῖνῖ
419 2774 527 2860 ρίὸζὸε
540 2778 613 2861 ἷξε
629 2820 826 2864 spoliabat3
870 2819 905 2853 in

91 2875 133 2896 eo
164 2866 260 2904 erat,
297 2869 335 2898 ut
362 2864 556 2918 spoliaret,
594 2877 668 2899 cum
705 2866 906 2900 vulneratus

91 2912 146 2943 est
164 2921 182 2943 a
197 2908 335 2943 Paride.
360 2909 411 2944 ita
429 2911 492 2952 W3
519 2916 554 2944 et
572 2912 684 2945 voluit.
701 2912 767 2945 hoc
788 2912 906 2945 Schol-

94 2957 134 2996 Α,
160 2956 314 3000 quamvis
333 2956 365 2990 in
383 2956 540 2991 lemmate
557 2957 686 2991 habeat
702 2957 908 3003 ἐξενάριξεν

92 2980 239 3036 ιιιιοῐοτε
265 3002 466 3037 Zenodom·
489 3002 658 3049 siquidem
682 3004 773 3039 hunc
789 3016 904 3050 repre

946 1476 1068 1512 hendit
1092 1477 1184 1524 quod
1208 1479 1259 1513 ita
1282 1477 1484 1523 scripserit,
1509 1475 1605 1510 velut
1623 1487 1660 1509 re
1681 1487 1761 1521 per-

947 1530 1037 1559 acta.

993 1571 1073 1606 370.
1123 1569 1160 1605 οἱ
1199 1568 1456 1616 ἀκριβέστερον
1493 1563 1763 1619 ἀναγινώσκον-

947 1629 1028 1658 τες,
1067 1622 1104 1650 ut
1139 1616 1189 1651 ait
1222 1617 1339 1651 Schol.
1376 1619 1426 1657 A,
1457 1611 1682 1648 scribebant
1691 1613 1763 1656 ἔπι,

949 1663 1039 1708 quod
1067 1665 1113 1695 W
1137 1664 1282 1707 recepit.
1329 1662 1390 1695 sed
1416 1666 1533 1702 recte,
1558 1660 1702 1706 opinor,
1730 1661 1763 1694 H

947 1708 1113 1753 intelligit
1146 1708 1389 1743 ἐπιτιταίνετο
1431 1708 1613 1752 Τυδειδῃ,
1650 1718 1764 1740 casum

947 1761 1106 1799 quartum
1132 1756 1324 1800 requirens,
1350 1754 1380 1788 si
1400 1752 1462 1788 ἔπι
1477 1754 1665 1794 scribatur,
1690 1756 1764 1788 Τυ-

948 1802 1076 1843 δείδην
1103 1800 1172 1836 ἔπι.

993 1848 1084 1888 371,
1109 1848 1143 1882 2.
1191 1845 1410 1881 scribendum
1441 1845 1594 1879 fortasse
1629 1849 1683 1879 est
1705 1857 1765 1880 κε·-

948 1892 1142 1936 κλεμένος,
1171 1905 1190 1927 a
1213 1892 1317 1933 κλέω,
1343 1893 1462 1927 κλείω.
1495 1903 1529 1926 v.
1555 1902 1633 1925 ann.
1656 1891 1699 1925 ad
1724 1889 1765 1934 ε’,

946 1941 1028 1975 356.
1065 1940 1169 1973 Sch..
1195 1939 1340 1985 στηλῃ
1366 1941 1479 1973 κεκλ
1515 1951 1585 1982 την
1609 1936 1670 1972 ἐπὶ
1695 1940 1766 1974 τοῦ

946 1998 1074 2030 ταφου
1093 1984 1228 2043 στήλην
1243 1972 1539 2031 προβεβλημένος
1554 1983 1636 2020 ἀντὶ
1656 1981 1765 2021 α’σπί-

949 2033 1038 2073 δος,

948 2125 1059 2160 simile
1083 2127 1205 2160 vocab.
1229 2125 1464 2180 θεόδμητος,
1490 2137 1513 2158 a
1542 2126 1609 2158 diis
1631 2131 1764 2160 exstru-

948 2177 1034 2215 ctus,
1063 2173 1342 2207 commemoravit
1365 2173 1471 2207 Schn.
1497 2183 1529 2204 v.
1551 2170 1765 2231 ἀνδρόκμη-

947 2232 1022 2258 τος,
1047 2219 1136 2263 quod
1162 2219 1212 2252 ini
1236 2218 1332 2252 velut
1347 2217 1543 2265 opponitur.
1566 2237 1612 2242 —
1626 2218 1763 2254 ”.Ιλου

951 2267 1030 2300 166.
1067 2264 1190 2309 „Virg¹
1218 2266 1301 2298 Aen.
1332 2264 1617 2307 11‚849.:suit
1642 2267 1764 2311 ingens

948 2315 1065 2344 monte
1091 2311 1150 2343 sub
1184 2312 1256 2344 alto
1286 2311 1395 2356 Regis
1426 2312 1596 2344 Dercenni
1626 2317 1764 2346 terreno

950 2369 990 2391 ex
1030 2367 1166 2401 aggere
1211 2358 1345 2391 bustum
1384 2358 1530 2401 Antiqui
1567 2358 1765 2402 Laurentis,

949 2414 1128 2447 opacaque
1152 2404 1229 2437 ilice
1259 2409 1408 2437 tectum:
1438 2404 1507 2436 Hic
1534 2403 1602 2437 dea
1629 2416 1665 2438 se
1691 2406 1765 2449 pri-

949 2461 1043 2484 mum
1070 2450 1194 2493 rapido
1225 2450 1458 2493 pulcherrima
1485 2450 1563 2482 nisu
1587 2451 1704 2492 Sistit,
1731 2456 1765 2486 et

951 2499 1120 2529 Aruntem
1138 2497 1268 2530 tumulo
1289 2496 1486 2540 speculatur
1507 2497 1550 2529 ab
1573 2498 1677 2531 alto“
1697 2502 1764 2532 etc.

953 2542 1078 2576 Eichh.

997 2587 1119 2622 374-
1130 2588 1210 2622 382.
1237 2587 1426 2622 αἴν.υτο
1447 2584 1641 2633 ἀφῃρεῖτο,
1656 2587 1765 2632 ἐλάμ

952 2635 1052 2679 βανε.
1085 2632 1370 2688 (στήθεσφι.
1412 2634 1571 2678 στήθεος
1595 2635 1651 2668 vel
1675 2647 1764 2679 στη-

951 2680 1076 2723 θέων,
1115 2686 1154 2714 ut
1187 2678 1364 2724 ὀστεόφιν
1398 2691 1431 2725 p.
1464 2680 1602 2716 ὀστέων
1625 2682 1693 2715 Od.
1719 2681 1764 2725 ξ’,

954 2726 1034 2762 134.
1063 2746 1104 2750 -
1140 2728 1429 2761 παναίολον.
1465 2728 1573 2771 236.)
1621 2729 1762 2770 βρια-

954 2771 1052 2827 ρήν.
1078 2771 1146 2815 (π’,
1171 2773 1261 2814 413,
1286 2775 1365 2814 579,
1391 2771 1432 2814 σ’,
1458 2773 1528 2809 610
1551 2774 1638 2818 etc.)
1663 2775 1763 2820 ἰσχν-

952 2786 1034 2861 ράν.
1082 2819 1230 2862 τόξου
1263 2820 1429 2863 πῆχυν.
1471 2819 1514 2855 τό
1539 2820 1668 2863 τόξον,
1698 2834 1762 2856 πε-

953 2869 1213 2910 ριφραστικιός.
1248 2866 1290 2901 τὸ
1315 2865 1407 2923 γὰρ
1405 2864 1492 2902 ολον
1506 2864 1616 2909 τόξον
1636 2866 1673 2902 ἐκ
1691 2866 1762 2903 δύο

952 2911 1121 2955 κεράτων
1147 2912 1348 2956 σύγκειται,
1377 2926 1430 2947 ων
1450 2911 1623 2960 ἑκάτερον
1646 2917 1764 2973 πῆχυς

953 2961 1128 2995 καλεῖται.
1175 2961 1431 3003 μετεχειρίζετο
1457 2959 1547 3001 οὐν,
1581 2960 1691 3005 φησι,
1721 2959 1763 2996 τὸ

953 3003 1075 3049 τόξον.
1114 3006 1199 3051 (ap.
1232 3005 1332 3041 Hom.
1363 3007 1483 3052 πῆχυς
1517 2985 1658 3042 videtur
1688 3018 1765 3042 esse
