1811 3269
67 146 153 188 122

700 149 1110 195 ΟΜΗΡΟΥ

320 260 533 303 Βοιωτῶν
560 259 641 316 μὲν
670 260 903 316 Πηνέλεως
929 262 1005 306 καὶ
1036 262 1196 319 Λήϊτος
1225 259 1375 321 ἦρχον,

123 316 206 357 495
234 311 510 369 Ἀρκεσίλαός
538 332 583 360 τε
615 317 897 386 Προθοήνωρ
929 336 974 364 τε
1004 322 1197 372 Κλονίος
1224 337 1290 365 τε·

238 372 287 414 οἴ
311 371 360 415 θ’
390 370 540 442 Ὑρίην
571 373 778 428 ἐνέμοντο
808 376 882 419 καὶ
912 375 1084 420 Αὐλίδα
1111 378 1393 450 πετρηεσσαν,

234 428 428 483 Σχοῖνόν
456 446 521 480 τε,
550 429 738 475 Σκῶλόν
766 448 832 480 τε,
865 433 1150 489 πολύκνημόν
1179 433 1218 478 τ’
1247 434 1471 488 Ἐτεωνὸν,

237 486 452 539 Θέσπιαν,
484 487 655 543 Γραῖάν
682 505 750 543 τε,
780 490 856 534 καὶ
886 490 1133 547 ευρύχορον
1159 492 1458 550 Μυκαλησόν·

62 589 185 630 putant
209 586 260 631 (E
287 592 323 621 et
343 587 460 623 Schol.
482 588 549 635 Lip
552 601 579 624 s.
598 589 642 624 ad
660 590 741 634 488,
766 592 874 633 Amst.

60 636 99 665 et
121 633 211 677 Reg.
239 633 282 666 ad
305 632 388 675 494,
415 602 874 688 Tzetszntehom.192);

59 679 122 722 qui
153 690 311 713 numerus
346 680 467 715 nimius
493 694 684 728 parumque
708 684 876 718 verisimi-

58 723 102 758 lis
135 725 273 759 videtur
308 726 448 761 Wolfio.
499 735 655 771 certant,
689 735 723 764 et
759 731 875 763 adhuc

57 771 120 804 sub
137 772 258 814 judice
284 773 327 806 lis
351 779 413 807 est.
438 794 485 799 —
511 776 555 808 ad
575 776 764 811 orationem
782 776 874 821 quod

57 817 206 859 attinet,
240 818 365 853 meruit
398 823 505 865 poeta
543 821 682 864 laudes,
723 834 808 867 quas
842 822 874 856 ei

57 863 219 898 tribuunt
243 865 439 900 Demetrius
465 868 508 901 de
541 874 659 903 enunt.
686 880 792 914 segm.
813 868 871 904 54.

56 914 94 943 et
116 909 261 956 Dionys.
278 912 360 946 Hal.
387 912 429 946 de
447 914 626 959 composit.
647 917 679 957 ἓ.
697 918 765 955 16.,
791 926 874 958 pro-

56 959 180 1001 pterea
215 958 306 1002 quod
341 957 443 992 etiam
476 960 643 994 hocloco
669 960 872 999 difficillimo

55 1003 230 1037 commode
258 1004 480 1046 collocando,
515 1006 692 1052 multaque
716 1013 752 1041 et
775 1007 874 1041 varia

54 1048 320 1093 interponendo,
347 1051 472 1096 partim
498 1064 540 1085 ex
559 1053 779 1107 antiquitate,
793 1065 876 1099 par-

55 1094 117 1128 tim
143 1097 186 1129 de
211 1097 279 1130 situ
304 1097 476 1139 locorum,
501 1104 554 1132 tot
579 1100 712 1133 nomina
736 1100 772 1132 in
796 1111 876 1133 car-

55 1151 132 1174 men
163 1144 395 1186 concluserit,
435 1149 470 1178 et
506 1145 639 1190 copiam
683 1146 874 1180 naturalem

55 1188 377 1242 proprietatemque
394 1190 507 1224 felicis
525 1191 690 1226 sermonis
709 1204 783 1227 cum
802 1193 874 1227 ele-

55 1234 176 1277 gantia
199 1236 435 1280 conjunxerit.

102 1289 183 1328 494.
233 1293 376 1327 fuerunt
400 1293 436 1328 hi
452 1294 661 1330 Boeotorum
681 1295 786 1330 duces
800 1296 872 1330 ori-

56 1337 140 1371 undi
164 1350 279 1373 omnes
303 1351 324 1373 a
349 1340 500 1381 Boeoto,
533 1341 691 1387 Neptuni
724 1343 795 1376 filio
829 1353 872 1376 ex

55 1384 151 1417 Arne
173 1385 340 1426 Aeolide3
375 1386 431 1419 vel
456 1387 572 1430 Itoni,
608 1387 870 1433 Amphictyonis

55 1429 130 1464 filii.
167 1443 201 1465 v.
227 1432 262 1465 H
298 1431 341 1465 ad
374 1432 535 1477 Apollod.
563 1445 598 1479 p.
623 1435 704 1469 224.
719 1459 729 1476 ,
755 1434 813 1476 qui
837 1434 871 1467 H

54 1478 248 1518 annotavit,
259 1479 504 1523 propemodum
529 1491 644 1514 omnes
662 1481 785 1515 heroas
796 1481 871 1514 Ho-

53 1534 137 1556 mer.
163 1534 271 1568 genus
304 1524 433 1559 ducere
467 1526 511 1560 ab
537 1526 657 1562 Aeolo.
710 1527 757 1561 cf.
792 1537 869 1560 ann.

54 1570 100 1603 ad
123 1570 204 1605 507.

99 1616 181 1652 496.

52 1661 221 1696 Boeotiae
246 1663 339 1697 haud
372 1664 476 1708 longe
502 1675 521 1697 a
546 1664 714 1708 Tanagra
738 1669 775 1697 et
799 1665 869 1697 Au-

51 1707 124 1742 lide
147 1710 272 1751 situm,
296 1709 332 1743 in
359 1721 426 1754 quo
455 1709 583 1764 oppido
605 1710 770 1755 HyrieuS,
793 1710 868 1744 Ne-

51 1755 151 1800 ptuni
175 1767 218 1789 ex
243 1735 398 1799 Alcyone
424 1755 494 1798 fil.,
520 1755 683 1790 Orionem
708 1758 869 1801 genuisse

51 1801 192 1836 dicitur.
227 1814 260 1836 v.
284 1802 327 1844 E,
352 1803 471 1836 strab.
495 1804 529 1838 9.
559 1815 594 1848 Ρ.
618 1805 745 1838 5773.
773 1808 808 1835 et
832 1814 866 1846 p.

51 1849 121 1883 620
147 1850 210 1891 Α.,
247 1848 404 1893 Apollod.
432 1851 502 1899 10
534 1852 576 1890 1,
609 1851 668 1890 3.,
701 1849 867 1882 Parthen.

51 1894 154 1929 Erot.
181 1907 211 1929 c.
235 1896 314 1936 20.,
339 1895 429 1930 Plin.
454 1875 502 1936 4,
523 1897 580 1936 7.,
606 1896 646 1928 C.
666 1896 710 1930 Ο
725 1894 864 1928 Miiller.

54 1941 176 1975 Gesch.
203 1942 325 1975 hellen.
354 1941 508 1975 Sta'mme
535 1944 566 1982 1,
591 1954 624 1986 p.
646 1943 703 1975 99.
729 1941 868 1974 fuerunt

50 1987 154 2032 plura
180 1988 279 2032 hujus
304 1987 447 2021 nominis
473 1967 620 2033 oppi’da:
645 1999 678 2020 v.
700 1986 742 2020 E.
766 1987 866 2020 etiam

51 2034 268 2078 Zacynthum
304 2034 369 2067 ins.
410 2034 595 2079 aliquando
638 2034 774 2077 Hyrien
799 2045 867 2077 ap-

52 2080 213 2126 pellatam
238 2080 347 2114 fuisse
372 2086 497 2114 auctor
521 2085 575 2113 est
599 2080 865 2120 Plin.4‚12.·,

52 2127 149 2172 cujus
186 2128 239 2160 rei
273 2126 425 2160 meminit
458 2126 584 2160 Cellar.
612 2129 645 2161 1
679 2126 866 2170 p-1242„

53 2174 176 2232 oppidi
200 2174 343 2229 Hyries
363 2174 570 2206 Boeotorum
606 2184 672 2206 non
706 2172 868 2206 meminit.

52 2239 98 2246 ·—
137 2219 197 2255 ἐν.
242 2233 339 2266 κατς
334 2218 447 2254 ’κονν.
473 2219 555 2253 Sch.
592 2237 637 2245 —-
673 2217 717 2251 de
742 2218 870 2251 Aulide

53 2278 87 2302 v.
112 2267 194 2302 303.

100 2312 179 2367 497.
218 2313 269 2346 E:
299 2314 514 2368 Σχοῖνος
539 2307 561 2355 ἢ
587 2307 662 2345 οἷπό
681 2323 781 2351 τινος
801 2322 869 2353 ομ-

227 1614 401 1662 Τρίην.
427 1629 508 1661 οΡΡ.
500 1617 592 1651 'dum
614 1620 729 1658 tetus,
754 1617 789 1651 in
810 1629 871 1651 ora

54 2358 207 2403 ωνύμου
235 2358 394 2416 ἀνδρὸς,
429 2354 454 2402 ἢ
488 2357 562 2392 ἀπὸ
589 2358 756 2412 σχοίνων
773 2370 868 2401 φυο-

53 2406 174 2451 μένων
195 2404 357 2446 αὐτόθι,
378 2403 483 2439 καθα
517 2418 576 2438 και
613 2409 652 2438 εν
677 2405 721 2449 τῇ
747 2399 866 2447 Ἀρκα-

54 2454 140 2510 δικῇ
175 2453 423 2498 Σχοινονντι,
459 2449 523 2485 διοὶ
557 2449 599 2485 τὸ
632 2449 765 2507 ἑλῶδες
797 2450 865 2484 τοῦ

52 2499 184 2535 τόπου.
243 2499 383 2544 λέγεται
410 2495 451 2532 δὲ
482 2495 556 2531 ἀπὸ
584 2496 772 2552 Σχοινέως
795 2510 865 2553 την

52 2548 180 2604 κλῆσιν
205 2550 304 2589 σχεῖν
328 2545 397 2579 τοῦ
421 2543 563 2586 πατρὸς
585 2540 808 2588 Ἀταλάντης.
843 2541 863 2578 ὁ

53 2592 94 2628 δὲ
123 2592 306 2639 Στράβων
331 2593 393 2636 (9
419 2601 454 2635 p
481 2592 570 2630 626,
595 2590 656 2622 Β.-
647 2614 657 2631 ,
696 2591 759 2624 sed
792 2601 865 2623 me—

53 2641 195 2674 moriter
213 2641 297 2673 haec
314 2639 378 2681 Ε.)
405 2638 518 2692 φησί·
545 2639 754 2680 Σχοῖνος
778 2634 864 2680 χιό-

53 2700 108 2729 ρα
138 2683 359 2741 Θηβαϊκὴ
384 2682 433 2718 ἐν
461 2679 556 2730 ὁδῷ
582 2683 635 2728 τῇ
670 2682 748 2718 ἐπὶ
770 2682 864 2717 Αν-

52 2731 248 2788 θηδόνα
281 2731 517 2774 διέχουσα
556 2731 725 2775 Θηβῶν
750 2728 864 2765 ὅσον

53 2777 359 2837 πεντήκοντα
384 2775 573 2812 στάδια.
611 2776 684 2820 ῥεῖ
708 2775 755 2811 δὲ
780 2789 862 2811 πο-

53 2825 208 2872 ταμὸς
232 2823 298 2861 δι’
324 2820 479 2867 αντῆς
504 2825 756 2867 Σχοινοῦς
779 2836 863 2857 κα-

55 2873 306 2918 λούμενος.
341 2889 387 2895 -
423 2870 549 2903 Strabo
574 2869 640 2904 ib.·
665 2871 864 2909 Σκῶλος

56 2920 97 2957 δ’
123 2920 198 2956 ἐστὶ
221 2919 327 2964 κώμη
355 2917 420 2960 τῆς
443 2917 699 2958 Παρασωπίας
717 2913 792 2951 ὑπὸ
813 2916 864 2963 τῷ

58 2968 291 3010 Κιθαιρῶνι,
317 2964 536 3017 δυσοίκητος
561 2961 674 3004 τόπος
697 2964 759 2999 καὶ
778 2976 864 3007 τρα-

56 3029 142 3061 xvc,
186 3011 257 3058 ἀφ’
301 3012 346 3048 οὑ
386 3009 449 3045 καὶ
491 3005 515 3054 ἡ
548 3011 750 3055 παροιμία·
795 3010 864 3051 εἰς

922 593 1120 628 Σκῶλον
1152 593 1260 639 μήτ’
1293 593 1446 638 αὕτὸς
1471 596 1600 641 ἴμεν,
1624 594 1732 653 μήτ’

923 637 1042 684 ἄλλῳ
1077 638 1289 676 ἕπεσθαι.
1337 642 1398 677 καὶ
1422 642 1489 678 τὸν
1513 642 1668 678 Πενθέα
1692 642 1733 678 δε

922 686 1075 722 ἐνθένδε
1093 701 1199 722 κατα
1191 687 1347 732 ,·ο’μενον
1361 690 1645 746 διασπασθῆναί
1658 702 1731 734 φα·-

922 745 992 768 σιν.
1016 752 1062 757 -
1096 732 1115 768 ὀ
1141 715 1370 775 Ἐτεωνὸς
1395 733 1435 770 δὲ
1459 735 1562 779 Σκοὶρ
1543 750 1619 781 ρφη
1647 749 1732 780 μετ-

922 777 1143 825 ωνομοὲσθη.
1181 781 1245 825 (cf.
1269 781 1370 825 532)
1404 782 1466 817 καὶ
1493 780 1588 838 αὕτη
1608 780 1648 817 δε
1665 784 1733 838 τῆς

915 829 1188 883 Παρασωπίας.
1252 826 1271 863 ὁ
1316 841 1384 872 γαρ
1417 825 1574 887 Ἀσωπός
1608 829 1670 864 καὶ
1709 825 1730 863 ὃ

915 869 1083 918 Ἰσμηνὸς
1098 871 1162 909 διὰ
1181 876 1252 908 τοῦ
1273 875 1406 910 πεδίου
1425 874 1551 920 ρέρυσι
1568 877 1637 910 τοῦ
1641 873 1731 932 πρὸ

919 921 994 954 τῶν
1008 922 1155 977 Θηβῶν.
1159 921 1308 957 —Schs
1326 924 1425 956 πολ.
1447 921 1608 963 πολλονς
1629 919 1732 966 ε’χου-

920 977 990 1002 σαν
1013 966 1190 1012 κιημούς.
1237 968 1373 1011 κνημοὶ
1408 966 1449 1003 δὲ
1473 969 1733 1025 μεταφορικῶς

921 1012 995 1049 οῗπό
1022 1017 1097 1049 τῶν
1123 1013 1376 1070 ανθρωπίνων
1398 1015 1567 1060 κνημιόν·
1603 1014 1641 1050 λε’
1642 1028 1730 1060 Jov-

920 1074 982 1095 ται
1006 1059 1046 1096 δὲ
1073 1061 1112 1096 αἱ
1137 1062 1210 1096 τῶν
1237 1058 1335 1103 ὀρῶν
1359 1061 1559 1118 προβάσεις
1575 1067 1642 1095 etc.
1679 1061 1730 1095 Ε·

920 1110 1004 1142 πολ
1014 1107 1239 1162 ν’κνημον
1265 1105 1306 1143 δὲ
1329 1107 1472 1154 ταύτην
1493 1109 1587 1163 λέγει
1614 1104 1663 1147 ὥς
1687 1105 1731 1142 ό-

921 1152 1069 1200 ρεινήν·
1103 1154 1237 1199 κνημοὶ
1268 1153 1338 1200 γάρ
1372 1155 1419 1190 τὰ
1454 1168 1556 1190 κατω
1589 1155 1658 1189 τοῦ
1691 1151 1731 1189 ὄ-

919 1214 1008 1246 ρους
1027 1202 1124 1245 (821.
1127 1202 1156 1245 ).

964 1248 1045 1282 498.
1095 1247 1173 1281 edd.
1185 1272 1194 1289 ,
1233 1246 1269 1279 in
1309 1246 1435 1291 quibus
1466 1245 1624 1290 Heynei·
1660 1243 1730 1280 Θέ-

919 1305 1069 1335 σπειαν,
1093 1299 1133 1327 ut
1157 1293 1284 1326 Strabo
1310 1305 1343 1337 Ρ.
1369 1294 1469 1333 627.,
1495 1293 1599 1326 Paus.
1619 1293 1652 1330 9
1672 1292 1729 1326 20.

919 1346 954 1373 et
978 1340 1102 1385 Steph.
1126 1341 1212 1384 1332.
1253 1339 1316 1372 sed
1350 1343 1448 1372 recte
1483 1339 1570 1372 Ven.
1604 1337 1732 1382 aliique

917 1386 1044 1419 MSS:
1085 1386 1250 1421 Θεσπίαν
1283 1384 1396 1418 media
1425 1384 1606 1438 producta.
1650 1385 1729 1437 MS.

915 1432 1142 1488 Sangerman.
1177 1431 1222 1465 ad
1258 1429 1305 1471 α’,
1340 1431 1439 1465 357.;
1473 1429 1658 1466 πότνια.
1684 1449 1729 1456 -

915 1475 1147 1535 Ηρωὸιανός
1181 1476 1219 1511 ἐν
1254 1479 1300 1523 τῇ
1327 1473 1510 1533 Ομηρικῇ
1535 1478 1729 1532 προσωδιᾳ

917 1525 1010 1582 λέγει
1045 1523 1095 1566 ὡς
1131 1524 1273 1559 Θέσπια
1307 1522 1372 1558 δια
1398 1526 1468 1558 τοῦ
1495 1538 1508 1558 ι
1532 1522 1728 1568 γράφεται,

917 1569 1044 1616 ἐπειδὴ
1071 1569 1223 1614 εὕρηται
1249 1570 1516 1627 συνεσταλμέιη
1544 1569 1565 1614 ἡ
1582 1584 1625 1604 πι
1643 1572 1729 1605 συλ-

916 1617 1031 1664 λαβη·
1072 1617 1199 1662 [οἷον]
1239 1614 1288 1657 ῶς
1319 1617 1382 1651 καὶ
1413 1617 1515 1660 παροὶ
1540 1618 1726 1671 Κορίννῃ·

920 1665 1110 1701 Θέσπια
1134 1663 1510 1707 καλλιγένεθλε,
1536 1662 1727 1707 φιλόξε-

915 1724 985 1753 νε,
1019 1712 1369 1754 μουσοφίλητε.
1408 1710 1453 1744 cs.
1489 1712 1558 1746 518
1583 1715 1619 1744 et
1644 1721 1725 1745 ann.

915 1759 959 1792 ad
985 1756 1032 1799 α’,
1060 1760 1135 1793 193.
1163 1758 1285 1800 Steph.
1309 1757 1408 1800 Byz„
1434 1762 1616 1801 postquam
1634 1768 1726 1790 com-

913 1805 1027 1838 munia
1047 1805 1183 1838 nomina
1201 1802 1384 1838 Θέσπειαν
1401 1808 1437 1835 et
1456 1802 1618 1843 Θεσπιὰς
1634 1814 1728 1836 com-

913 1852 1135 1884 memoravit:
1179 1851 1364 1894 γράφεται
1402 1850 1464 1890 δὲ,
1499 1849 1629 1894 inquit,
1663 1848 1727 1884 καὶ

915 1895 979 1931 διὰ
1005 1898 1074 1930 τοῦ
1100 1909 1134 1936 ι,
1168 1897 1229 1931 καὶ
1264 1894 1494 1930 συστέλλεται
1520 1895 1625 1941 παρὰ
1650 1897 1726 1931 Κο-

915 1944 1021 1987 ρίννῃ
1047 1949 1137 1976 etc.-
1162 1953 1237 1975 nam
1264 1943 1313 1975 sic
1337 1941 1556 1976 scribendum
1576 1947 1642 1983 est,
1667 1953 1726 1976 ex-

915 1989 1049 2034 punctis
1070 1989 1187 2022 verbis
1215 2002 1276 2024 και
1302 1987 1511 2030 ἐκτείνεται,
1537 2000 1625 2041 quae
1647 1993 1727 2042 post

913 2036 984 2070 τοῦ
1009 2049 1023 2070 ι
1046 2036 1230 2078 leguntur,
1265 2046 1391 2068 merum
1424 2034 1482 2067 illa
1508 2033 1659 2078 σφάλμα
1683 2034 1726 2068 Ιί-

914 2082 1036 2116 brarii.
1061 2100 1107 2105 —-
1128 2081 1330 2114 nobilitatae
1349 2081 1383 2114 'l
1387 2081 1528 2125 hespiae
1546 2081 1724 2114 Musarum

914 2128 1008 2162 cultu
1035 2127 1174 2171 antiquo
1198 2132 1234 2160 et
1259 2126 1433 2171 Cupidine
1458 2126 1655 2170 Praxitelis,
1681 2127 1725 2160 de

917 2186 983 2219 quo
1009 2174 1126 2206 Strab.
1145 2180 1178 2215 9,
1201 2175 1230 2207 1.
1260 2184 1293 2217 p.
1319 2174 1385 2207 627
1411 2173 1464 2214 C.‚
1491 2173 1593 2206 Paus.
1612 2176 1645 2215 9,
1666 2172 1724 2207 26.

915 2223 972 2255 27.
1002 2220 1129 2252 Strabo
1153 2219 1174 2252 l.
1191 2230 1241 2252 c.:
1271 2218 1348 2253 ἔστι
1371 2216 1411 2252 δὲ
1435 2215 1542 2259 πόλις
1565 2217 1659 2263 πρὸς
1672 2221 1724 2264 τῷ

911 2264 1099 2304 Ἑλικῶνι,
1124 2264 1325 2308 νοτιωτέρα
1349 2264 1491 2306 αὐτοῦ,
1517 2265 1725 2310 ἐπικειμένη

915 2313 956 2348 δὲ
992 2313 1044 2357 τῷ
1068 2312 1256 2355 Κρισσοιίῳ
1286 2310 1412 2356 κόλπῳ
1446 2311 1510 2346 καὶ
1541 2310 1636 2357 αὐτὴ
1661 2313 1724 2348 καὶ

915 2358 934 2396 ὁ
955 2357 1120 2394 Ἑλικών.
1169 2357 1330 2393 ἐπίνειον
1354 2358 1389 2393 δ’
1419 2357 1561 2400 ἔχουσιν
1587 2359 1627 2394 αὶ
1656 2361 1724 2395 Θε-

914 2406 1018 2442 σπιαὶ
1045 2404 1254 2448 Κρέουσαν
1280 2402 1324 2448 ἣν
1349 2404 1409 2439 καὶ
1426 2407 1634 2447 Κρεουσιάν
1657 2419 1724 2442 κα-

913 2455 1052 2489 λοῦσιν.
1092 2451 1136 2484 de
1162 2451 1365 2484 fortitudine
1390 2452 1656 2496 Thespiensium
1685 2452 1722 2486 in

912 2500 1036 2545 pugnis
1063 2510 1116 2542 ap.
1141 2497 1396 2542 Thermopylas
1420 2504 1455 2531 et
1481 2498 1722 2533 PlataeasHe-

911 2547 986 2580 rod.
1012 2544 1214 2579 memorauit
1238 2545 1272 2584 7,
1297 2545 1376 2583 202,
1401 2545 1482 2578 222.
1518 2545 1564 2577 cf.
1593 2544 1720 2578 Cellar.

913 2596 944 2628 1.
971 2605 1003 2637 p.
1032 2590 1152 2630 1147„
1179 2591 1348 2624 Mannert.
1375 2591 1408 2624 8.
1436 2601 1471 2634 Ρ.
1492 2591 1559 2625 229
1575 2609 1620 2614 -
1639 2591 1720 2626 231.

911 2659 955 2664 -
995 2640 1056 2681 Γρ
1070 2650 1114 2671 αι
1131 2649 1203 2676 αν
1230 2635 1418 2679 antiquitus
1443 2636 1640 2679 Tanagram
1666 2635 1721 2669 di-

912 2690 1013 2726 ctam,
1039 2697 1058 2718 a
1084 2682 1288 2717 Poemandri
1311 2682 1498 2716 conditoris
1518 2693 1625 2715 uxore
1644 2682 1720 2716 Ta-

911 2743 1033 2775 nagra,
1056 2729 1154 2764 Aeoli
1178 2728 1272 2770 filia,
1297 2740 1385 2772 quae
1409 2728 1452 2761 ad
1476 2739 1637 2762 summam
1661 2739 1719 2762 se-

909 2784 1080 2811 nectutem
1106 2774 1252 2815 vixexit,
1287 2780 1323 2807 et
1346 2774 1475 2819 ipsam,
1507 2774 1641 2819 pariter
1665 2777 1720 2808 at-

911 2836 978 2869 que
1013 2823 1122 2863 illam,
1170 2823 1314 2863 Γραῖαν
1347 2820 1555 2865 appellatam
1595 2820 1717 2861 fuisse,

908 2871 971 2904 sed
996 2876 1116 2915 postea
1139 2873 1239 2901 vetus
1264 2878 1382 2900 nomen
1406 2866 1602 2911 recepisse,
1635 2877 1717 2900 nar-

908 2923 967 2950 rat
1006 2916 1111 2949 Paus.
1145 2915 1189 2955 9,
1223 2915 1280 2948 20.
1325 2913 1530 2947 Aristoteles
1562 2913 1716 2957 Oropum

910 2963 988 2996 olim
1012 2962 1063 2996 ita
1087 2959 1212 2994 dictam
1238 2970 1314 2993 esse
1337 2959 1493 2994 tradidit.
1535 2958 1661 2992 Strabo
1680 2959 1716 3000 9,

909 3010 942 3045 2.
969 3020 1005 3054 Ρ.
1031 3009 1130 3044 618.:
1155 3005 1217 3042 καὶ
1241 3003 1264 3052 ἡ
1286 3007 1409 3050 Γραῖα
1433 3003 1476 3041 δ’
1499 3003 1576 3041 ἐστὶ
1600 3002 1716 3045 τόπος
