1811 3269
615 138 1052 180 ΙΛΙΑΔΟΣ
1119 142 1168 179 A.

1666 145 1724 186 37

120 255 198 296 120
228 221 421 294 λεύσσετε
449 248 533 319 γάρ
563 250 663 302 τόγε
694 246 876 298 πάντες,
910 246 936 291 ὅ
966 264 1042 303 μοι
1069 248 1201 304 γέρας
1230 248 1397 303 ἔρχεται
1428 252 1548 322 ἄλλῃ.
1556 259 1581 279 “

310 306 400 348 Τόν
431 303 474 348 δ’
482 303 702 361 ’ἠμείβετ’
733 304 878 348 ἔπειτα
907 304 1133 374 ποδάρκης
1163 306 1258 356 δῖος
1283 305 1517 362 Ἀχιλλεύς·

226 359 443 431 ,,Ἀτρείδη
474 362 671 413 κύδιστε,
704 359 1077 431 φιλοκτεανώτατε
1103 360 1296 414 πάντων,

224 422 318 468 πῶς
346 418 429 474 γάρ
461 435 531 461 τοι
561 417 756 462 δώσουσι
784 417 916 487 γέρας
946 418 1197 475 μεγάθυμοι
1234 418 1413 488 Ἀχαιοί·

228 472 329 518 ουδ’
360 475 421 518 ε’τι
451 490 540 518 που
562 477 718 537 ἴδμεν
726 473 889 530 ξυνήια
899 476 1088 542 κείμενα
1119 475 1285 519 πολλά·

116 537 196 578 125
227 529 336 574 ἀλλὰ
365 530 419 574 τα
448 531 526 602 μὲν
552 525 742 575 πολίων
752 530 1077 587 ἐξεπράθομεν,
1116 531 1168 575 τὰ
1199 532 1416 584 δέδασται,

223 587 360 640 λαους
387 585 432 632 δ’
467 585 550 632 οὐκ
580 588 748 633 ἐπέοικε
778 590 1020 645 παλίλλογα
1060 589 1185 632 ταῦτ’
1216 589 1471 646 ἐπαγείρειν.

54 702 182 747 legitur
207 701 400 746 aliquoties.
434 703 478 737 cf.
510 702 587 747 124,
611 705 801 746 131,137,
827 708 862 738 et

53 748 98 783 de
132 749 226 782 hiatu
254 748 329 783 114.

101 797 178 831 120.
218 794 459 830 λεύσσετε.
497 791 652 850 ὁρᾶτε,
700 796 859 842 βλέπετε.

54 841 137 876 Sch.
157 853 224 874 vox
250 843 396 885 poetica.
421 860 467 865 —-
493 853 512 873 ο
539 854 572 887 p.
599 855 679 882 οτι,
705 843 796 887 quod
817 854 860 876 ex

52 886 111 921 illo
131 888 366 945 compositum
374 892 438 920 est.
473 887 530 920 W.
556 889 601 921 cf.
622 889 692 921 Th.
720 891 754 931 5.
777 889 858 929 338,

53 936 86 968 1.
111 934 145 967 b.
171 939 237 969 etc.
265 953 311 958 —
347 932 533 978 ἔρχεται
568 931 695 979 ἄλλῃ.
742 932 859 978 οἷπέρ-

51 993 153 1025 χεται
180 978 351 1024 ἀλλαχοῦ.
375 980 455 1013 Sch.
496 980 547 1012 sic
567 983 738 1025 φροῦδον
764 985 860 1016 εἰναι

38 1038 111 1068 ἱεει]
137 1027 279 1072 βαίνειν
297 1027 417 1060 dicunt
434 1025 555 1079 Ειιιῐρ.
576 1035 611 1062 et
636 1031 762 1073 poetae
783 1039 859 1062 sce-

50 1073 138 1114 uici,
163 1078 200 1107 ut
216 1074 274 1107 W.
298 1073 488 1106 annotavit.

98 1131 175 1164 121.
211 1130 315 1164 ποδ.
348 1127 433 1173 ἤτοι
461 1127 480 1164 ὁ
511 1133 590 1170 τοῖς
620 1130 706 1166 ποσὶ
734 1144 856 1175 ταχυς,

51 1173 75 1220 ἢ
100 1172 118 1209 ὁ
138 1175 308 1219 ἐπαρκεῖν
324 1181 405 1232 τοῖς
419 1177 505 1211 ποσὶ
528 1177 735 1220 δυνάμενος
756 1179 856 1222 ἰσχυ-

50 1221 127 1266 ρός.
174 1223 256 1257 Sch.
283 1224 449 1257 curiosius
478 1223 562 1257 haec
594 1224 775 1268 distinguit
802 1224 854 1258 E:

52 1268 99 1304 οὐ
124 1268 192 1314 γὰρ
220 1271 293 1309 πᾶς
317 1269 490 1315 ποδώκης
516 1268 588 1313 ἤδη
623 1271 684 1305 καὶ
714 1269 856 1326 ποδάρ-

50 1330 129 1360 κ’,ης
156 1317 190 1350 εἰ
205 1312 255 1359 μή
275 1316 337 1350 καὶ
355 1322 434 1356 τοῖς
454 1317 562 1351 ποσὶν
583 1315 750 1361 ἐπαρκῶν
765 1315 856 1351 άντ-

51 1362 122 1407 έχει
147 1363 208 1396 καὶ
241 1361 323 1397 θέει
359 1361 543 1406 ακάματα.
586 1367 676 1417 Apa
713 1361 853 1407 ποδάρ·

49 1422 137 1454 κης,
165 1405 183 1442 ὁ
203 1411 279 1448 τοῖς
297 1411 406 1446 ποσὶν
429 1407 706 1453 ἐπαρκοι’μενος
733 1409 854 1445 {avus

47 1468 107 1496 τε,
140 1454 203 1490 καὶ
221 1459 299 1493 τοῖς
326 1455 530 1500 συμμάχοις
559 1455 625 1491 ἐπι
618 1456 728 1499 ρκῶν
748 1469 848 1490 τουτ-

46 1501 121 1539 έστι
148 1503 315 1547 βοηθῶν.
375 1503 495 1536 Helius
529 1503 687 1536 Eobanus
720 1503 853 1536 Hessos

47 1548 204 1593 (Homeri
226 1547 352 1582 iliados
377 1548 456 1582 libri
484 1548 631 1582 XXIIII.
663 1560 774 1593 nuper
801 1548 850 1581 la·

44 1595 118 1628 tino
138 1594 287 1628 carmine
305 1594 558 1638 elegantissime
582 1594 720 1635 redditi,
746 1594 851 1627 Basil.

47 1641 290 1684 1549.);1ιυι·ο
309 1641 451 1674 animo
475 1641 760 1684 pedibusque
781 1652 851 1673 va—

46 1686 144 1721 lens
175 1688 351 1730 respondit
369 1688 539 1726 Achillcs;
563 1687 771 1720 subridicule
792 1686 850 1720 ille

42 1733 189 1778 quidem,
213 1733 271 1778 qui
293 1734 492 1778 praesertim
516 1744 588 1766 cum
608 1733 692 1766 alias
709 1738 776 1766 tum
792 1733 848 1767 84.

42 1780 131 1814 bene
159 1779 353 1813 reddiderit
373 1779 577 1813 Homerica:
602 1791 699 1823 quem
729 1785 849 1813 contra

42 1825 240 1872 pedibus
281 1827 407 1860 celer
444 1827 529 1859 haec
558 1827 732 1870 respondit
763 1826 847 1860 Ach.

40 1878 137 1907 recte
164 1872 398 1917 grammatici,
436 1872 526 1917 quod
555 1873 598 1905 ad
640 1872 848 1906 notationem

41 1918 138 1953 verbi
158 1919 301 1959 attinet3
330 1925 478 1952 ceterum
501 1922 760 1952 consentaneum
781 1926 847 1962 est,

39 1963 83 2000 τό
103 1962 293 2008 ποδάρκης
311 1965 392 1998 nihil
406 1965 498 1997 aliud
519 1965 605 2018 sign.
599 1965 716 1998 .ficare
735 1976 846 2010 quam,

39 2011 130 2064 quod
151 2011 237 2045 alias
255 2010 394 2054 legitur,
418 2009 538 2050 πόδας
558 2007 666 2050 ωκύς.
702 2012 847 2045 maxime

40 2058 126 2092 enim
153 2061 224 2091 tum
257 2068 343 2100 opus
370 2057 437 2090 suit
462 2058 649 2091 nocito-aeta
674 2057 708 2090 in
742 2058 844 2098 bello,

39 2110 186 2144 venatu,
220 2103 329 2144 ludis;
361 2103 554 2148 ducisque'
547 2103 700 2148 inprimis
731 2102 842 2137 inter-

39 2155 115 2184 erat
133 2149 329 2194 expeditum
350 2161 444 2190 esse,
471 2161 544 2183 cum
565 2150 709 2183 nondum
729 2153 844 2183 essent

39 2197 193 2243 equites,
239 2195 295 2239 qui
330 2207 393 2241 per
424 2196 563 2229 ordines
599 2196 740 2230 militum
774 2196 841 2229 dis-

37 2243 321 2286 currerentjussa
340 2242 572 2287 perferentes.
599 2243 743 2288 ipsaque
759 2243 842 2276 tuba

38 2288 98 2322 vix
125 2290 160 2321 in
189 2299 285 2322 usum
305 2288 477 2322 venisset:
510 2301 543 2321 v.
571 2289 684 2322 Feith.
715 2300 746 2333 p
771 2289 840 2324 508

36 2346 154 2379 sequ„
186 2335 311 2379 Kopke
342 2336 426 2368 iiber
454 2336 486 2368 d.
514 2335 756 2380 Kriegsuesen
780 2335 842 2368 der

41 2382 101 2415 Gr.
127 2392 161 2426 p.
180 2382 281 2422 209„
314 2381 456 2414 Porson.
485 2381 527 2414 ad
554 2382 677 2426 Eurip.
710 2381 839 2414 Phoen.

38 2427 139 2462 1392.
187 2438 254 2471 qua
295 2427 396 2461 laude
439 2439 522 2472 prae
564 2428 690 2462 ceteris
722 2427 841 2461 floruit

36 2473 208 2513 Achilles,
242 2476 279 2506 ut
311 2485 410 2518 quem
445 2473 579 2507 unicum
613 2478 715 2518 poeta
742 2479 842 2507 ornet

35 2520 102 2554 hoc
121 2498 288 2575 epitlieto
323 2520 452 2563 Od)ss.
474 2518 644 2562 63147„
671 2524 839 2554 annotan-

37 2569 73 2599 te
88 2565 152 2601 K.:
177 2563 224 2600 οὕ
250 2577 316 2606 μεν
337 2580 405 2623 γαρ
427 2567 550 2608 μεῖζον
574 2566 677 2608 κλέος
695 2563 838 2607 ἀνέρος,

35 2609 137 2656 ὄφρα
156 2624 218 2647 κεν
240 2610 342 2671 ἦσαν,
358 2609 440 2648 'UH
426 2611 448 2648 0¹
467 2627 503 2646 τι
522 2625 627 2648 ποσσ
634 2627 654 2648 ν
681 2626 718 2647 τε
745 2611 840 2654 ῥέξει

34 2659 97 2695 καὶ
127 2659 247 2705 χερσὶν
278 2658 391 2705 εῇσιν.
427 2660 626 2717 Tyrtaeus
652 2661 705 2695 3.:
742 2657 838 2694 Οὕτ’

37 2718 84 2740 αν
119 2707 349 2762 μνησαίμην,
397 2701 480 2741 οντ’
515 2704 554 2740 ἐν
574 2704 680 2761 ,λόγῳ
718 2703 839 2746 ανδρα

33 2754 228 2796 τιθείμην,
268 2750 364 2788 Οὔτε
400 2752 529 2787 ποδων
562 2749 716 2794 ἀρετῆς,
753 2750 839 2809 25²⁵

31 2797 348 2855 παλαισμοσύνης,
369 2818 414 2823 -
442 2795 536 2837 Οὐδ’
560 2800 596 2833 εἰ
618 2800 743 2834 πᾶσαν
763 2796 840 2843 ἔχοι

35 2844 148 2887 δόξαν
165 2843 259 2890 πλὴν
272 2844 459 2888 θούριδος
476 2845 601 2890 ἀλκῆς.
614 2865 658 2870 --
679 2846 794 2886 δῖος.
805 2847 838 2880 7.

82 2903 162 2938 122.
194 2901 293 2938 uis.
328 2901 558 2947 ἐνδοξότατε.
590 2902 673 2936 sch.
718 2902 838 2947 appel-

35 2948 118 2983 latio
148 2948 349 2994 dignitatis,
393 2962 461 3004 qua
501 2948 560 2985 alii
599 2949 684 2983 alios
714 2952 838 2983 ornant

34 2994 118 3030 deos
156 2996 320 3041 majorum
355 2995 510 3042 gentium
526 3019 536 3037 ‚
585 2995 686 3029 Hom.
724 2999 835 3030 autem

908 702 1043 737 nonnisi
1070 703 1209 745 Jovem,
1232 703 1450 744 Minervam,
1477 708 1512 737 et
1541 715 1583 736 ex
1611 703 1717 738 homi—

908 749 1008 783 nibus
1044 752 1350 805 agamemnonem,
1385 749 1463 785 ἐπει
1498 745 1642 784 ουποθ’
1675 747 1718 786 ὁ-

907 798 1018 841 μυίης
1046 795 1180 847 ἔμμορε
1210 797 1317 840 τιμῆς
1337 798 1582 840 Σκηπτοῦχος
1608 797 1717 842 βασι-

907 842 1011 885 λεῦς,
1041 846 1109 888 ῴτε
1134 841 1226 882 Ζευς
1258 844 1373 883 κῦδος
1405 842 1560 883 ἔδωκεν,
1593 849 1635 876 ut
1668 844 1718 877 ait

906 891 987 924 278.
1032 891 1077 922 cf.
1110 889 1156 929 6,
1189 890 1291 930 515.;
1332 901 1421 934 quae
1447 890 1522 923 loca
1549 868 1718 923 indicavit

906 936 950 969 Κ
972 955 1013 959 -
1032 938 1229 992 φιλοκτ.
1254 932 1616 992 φιλοχρηματιότατε.
1639 934 1714 971 κτέ

907 994 979 1015 ανα
1006 980 1046 1017 δὲ
1075 981 1122 1017 τοὶ
1151 980 1332 1027 χρήματα.
1374 996 1452 1017 των
1485 979 1586 1025 ἅπαξ
1616 982 1714 1027 εἰρη-

904 1028 1036 1072 μένων.
1079 1030 1144 1073 Ap.

956 1076 1020 1110 123
1058 1081 1098 1108 ut
1123 1072 1251 1108 Graeci
1274 1087 1384 1118 γαρ
1411 1074 1463 1107 ita
1483 1073 1599 1108 Latini
1620 1085 1714 1116 nam,

904 1125 1077 1154 nostrates
1094 1127 1205 1154 autem
1233 1120 1323 1154 donn
1344 1120 1399 1154 vel
1418 1121 1504 1154 doch
1528 1120 1714 1165 particulas

903 1179 1072 1225 usurpare
1103 1167 1238 1208 solent,
1273 1179 1347 1200 cum
1383 1173 1555 1211 quaerunt
1583 1166 1714 1211 aliquid

903 1212 1124 1258 ε’μφατικῶς.
1171 1215 1231 1247 W.
1266 1220 1301 1247 et
1335 1214 1379 1247 U.
1415 1233 1460 1238 —
1494 1212 1713 1258 μεγάθυ-

901 1273 994 1305 μοι.
1017 1257 1282 1305 μεγαλόψυχοι,
1302 1263 1478 1304 γενναῖοι.
1499 1260 1581 1294 Sch.
1614 1259 1711 1304 Virg.

902 1310 985 1341 Aen.
1012 1310 1054 1348 6,
1081 1308 1179 1342 649st
1211 1308 1433 1351 magnanimi
1464 1307 1594 1340 heroes.

949 1363 1025 1398 124.
1059 1361 1166 1398 ουδ’
1201 1361 1276 1398 ε’τι
1307 1376 1412 1401 που.
1453 1359 1541 1398 ουδ’
1574 1361 1627 1398 ε’τι
1657 1362 1710 1398 Cl.

900 1408 935 1442 in
961 1421 1038 1442 ann.
1086 1422 1161 1445 που
1189 1409 1305 1443 Schol.
1338 1411 1365 1443 A
1391 1410 1556 1443 Venetus.
1578 1405 1712 1465 ου’τως

899 1469 979 1495 και,
1006 1456 1137 1500 inquit,
1163 1453 1186 1502 ἦ
1217 1455 1451 1500 Σωσιγένους
1480 1470 1542 1491 και
1568 1452 1590 1500 ἡ
1619 1454 1710 1502 Ἀρι-

900 1502 1044 1544 στοφοὲι
1050 1515 1136 1543 ου,ς
1179 1503 1260 1537 Sch.
1312 1506 1424 1536 autern
1471 1503 1499 1535 B
1534 1501 1632 1546 Lips
1675 1505 1711 1536 et

899 1548 1010 1581 Vatic.
1033 1549 1075 1581 de
1098 1548 1249 1581 omnibus
1269 1548 1523 1592 exemplaribus
1545 1548 1707 1582 affirmat.

899 1605 984 1638 quos
1005 1600 1163 1627 auctores
1183 1600 1319 1628 secutus
1339 1596 1384 1627 w
1409 1594 1520 1628 edidit
1545 1591 1633 1628 οὐδ’
1655 1594 1709 1630 ἔτι

896 1653 993 1677 που,
1021 1652 1082 1674 nec
1109 1640 1193 1674 ferri
1217 1644 1337 1688 potest
1365 1640 1505 1684 vulgata
1535 1641 1707 1697 scriptura

897 1684 988 1721 ου’δέ
1017 1689 1052 1721 τί
1079 1700 1148 1723 πω.
1182 1689 1227 1715 -0
1259 1685 1451 1745 ξυνήια.
1486 1686 1595 1722 κοινοὶ
1619 1686 1706 1732 χρή-

895 1746 995 1778 ματα
1032 1734 1113 1767 Sch.
1161 1746 1270 1768 κοινα
1297 1746 1357 1768 και
1393 1731 1596 1778 ἀδιαίρετα.
1634 1735 1707 1767 He-

896 1781 992 1824 s>ch.
1026 1780 1114 1813 idem
1135 1777 1223 1822 ξυν
1206 1793 1246 1820 ος
1274 1784 1310 1813 et
1330 1777 1475 1821 ξύνειος
1502 1780 1576 1814 sive
1593 1779 1705 1824 ξυνή-

897 1831 962 1866 ϊος.
989 1837 1021 1859 v.
1045 1827 1077 1859 F
1099 1832 1134 1859 et
1152 1826 1218 1862 Th.
1240 1838 1271 1871 p.
1291 1827 1368 1861 272.
1398 1826 1615 1860 multiformis
1639 1826 1706 1860 lin-

894 1884 963 1918 gua
980 1873 1213 1909 Graecorum,
1240 1872 1442 1917 praesertim
1461 1873 1519 1906 illo
1539 1878 1704 1917 tempore.

893 1925 1078 1974 praeterea
1111 1923 1230 1952 notatu
1270 1918 1407 1963 dignum
1442 1925 1514 1960 est,
1556 1918 1704 1975 produci

892 1964 933 2000 τὸ
961 1978 983 1999 υ
1017 1965 1050 1998 in
1078 1964 1251 2007 ξυνήιος,
1285 1965 1413 2009 corripi
1439 1970 1551 1999 autem
1576 1965 1611 1999 in
1636 1965 1705 2009 ξύν

893 2011 1149 2056 praepositione
1183 2017 1264 2045 ante
1299 2013 1469 2050 vocalem3
1515 2013 1613 2056 cujus
1651 2012 1703 2046 rei

893 2069 958 2092 non
991 2057 1072 2091 alibi
1109 2068 1246 2090 causam
1276 2057 1505 2101 quaesiverim
1533 2070 1632 2103 quam
1667 2058 1702 2093 in

892 2109 1014 2138 natura
1033 2115 1155 2136 versus
1176 2103 1316 2144 heroici,
1341 2115 1438 2148 quem
1462 2104 1563 2137 aliter
1580 2106 1700 2139 vocab.

890 2150 973 2184 illud
993 2161 1058 2183 non
1085 2150 1251 2183 intrabat.
1276 2150 1557 2194 quemadmodum
1577 2150 1702 2186 deinde

890 2202 925 2231 et
950 2195 1060 2238 ξυνὸς
1081 2197 1197 2241 priore
1224 2196 1326 2240 longa
1348 2196 1628 2241 pronuntiarunt.

938 2254 1015 2288 125.
1061 2253 1122 2285 sed
1168 2255 1243 2288 alia
1281 2264 1321 2286 cx
1357 2254 1497 2287 urbibus
1533 2254 1701 2297 praedati

888 2301 1144 2333 consumse‘muS.
1171 2300 1257 2334 dicit
1275 2298 1430 2344 inprimis
1450 2300 1587 2334 victum.
1613 2299 1698 2343 ἐξε-

887 2345 1149 2388 πράθομεν
1185 2347 1229 2380 ab
1262 2344 1444 2390 ἐκπέρθω.
1499 2347 1604 2379 Sch.:
1643 2345 1698 2390 ἐξ-

888 2390 1165 2435 επορθιξσαμεν.
1200 2391 1356 2426 similiter
1381 2393 1517 2437 Τροίης
1544 2391 1696 2438 ἐξήρατ’

887 2439 1017 2483 Odyss.
1040 2438 1078 2478 ε’,
1100 2440 1157 2475 39.
1189 2438 1325 2484 aliaque
1354 2438 1447 2473 dicta
1484 2445 1582 2482 sunt,
1609 2451 1697 2484 quae

887 2485 1033 2530 protulit
1068 2485 1111 2519 U.
1159 2505 1204 2510 —
1249 2485 1304 2519 τοὶ
1340 2484 1433 2520 δέδ.
1473 2486 1546 2518 alia
1583 2486 1697 2520 divisa

886 2537 987 2573 sunt,
1013 2531 1165 2576 captivi,
1190 2542 1306 2574 arma,
1333 2537 1471 2574 vestes,
1498 2536 1614 2575 artes,
1638 2544 1696 2566 res

886 2577 1070 2623 pretiosae.

933 2625 1010 2658 126.
1042 2621 1215 2664 λαους,
1248 2623 1386 2657 milites.
1423 2643 1466 2647 -
1505 2621 1593 2658 οὐκ
1627 2620 1692 2658 ἐπ.

886 2666 932 2704 οὗ
978 2668 1166 2714 προσῆκόν
1198 2668 1284 2705 ἐστι.
1323 2689 1369 2693 -
1413 2671 1691 2724 παλίλλογα.

884 2718 1159 2752 παλισύλλεκτα.
1204 2712 1288 2751 ἀντὶ
1321 2716 1410 2755 τοῦ,
1453 2712 1500 2752 ου’
1545 2714 1694 2751 δίκαιόν

885 2760 983 2798 ἔστιν
1023 2764 1077 2804 εἰς
1114 2761 1157 2798 τὸ
1189 2760 1283 2798 αὐτὸ
1327 2761 1439 2797 πάλιν
1473 2765 1693 2820 συναγαγεῖν

883 2809 974 2851 τοὺς
988 2807 1169 2853 Έλληνας
1198 2807 1245 2843 τὰ
1272 2805 1371 2852 απαξ
1397 2807 1622 2864 φθασαντα
1624 2821 1692 2843 αυ-

882 2859 962 2896 τοῖς
986 2857 1275 2912 διαμερισθῆναι
1292 2855 1472 2900 χρήματα.
1490 2856 1570 2889 Sch.
1602 2867 1691 2900 οπερ

882 2950 906 2984 7
884 2901 1076 3006 Ὓμῧῧέῗ
1089 2899 1690 2991 zoitgpldazgtassioofffvrytdgwlypgi

882 2996 1020 3041 κλῆρον
1037 2993 1098 3030 ἐπὶ
1117 2995 1290 3042 μερισμῷ.
1326 2995 1382 3029 Ex
1402 2994 1446 3030 Ε.
