1811 3269
0 2973 1 3007 ι

0 3009 72 3059 ι3

0 3066 2 3124 l

0 3161 2 3190 ι

616 163 1044 205 ΙΛΙΑΔΟΣ
1097 167 1149 206 Δ.

1634 169 1719 210 225

224 273 277 317 ὅν
305 289 368 324 τις
397 270 625 323 ὀιστεύσας
654 271 838 341 ἔβαλεν,
862 271 1001 324 τόξων
1031 269 1080 318 εὖ
1111 274 1250 326 εἰδώς,

227 329 389 400 Τρώων
402 326 448 401 ἦ
475 329 672 381 Λυκίων,
704 333 765 372 τῶ
794 328 873 386 μὲν

903 330 1048 382 κλέος,
1080 330 1189 404 ἄμμι
1219 330 1264 374 δὲ
1296 330 1503 382 πένθος.“

288 385 369 435 Ὡς
399 384 530 440 ε”φατ
532 417 544 436 ,
576 384 679 429 οὐδ’
709 384 794 439 ἄρα
825 387 870 429 οἱ
900 385 1037 441 κήρυξ
1071 386 1288 458 ἀπίθησεν
1318 387 1530 442 οἷκούσας,

220 445 276 497 βῆ
306 439 351 485 δ’
384 441 496 484 ἰέναι
524 441 636 485 κατά
666 443 777 486 λαόν
801 440 997 512 Ἀχαιῶν
1013 444 1362 515 χαλκοχιτώνων,

107 505 191 545 200
219 499 477 542 παπταίνων
504 497 636 569 ἥρωα
661 498 893 556 Μαχάονα.

218 554 414 599 ἑσταότ’·

952 497 1031 542 τὸν
1062 499 1104 543 δ’
1137 501 1318 570 ἐνόησεν

445 552 560 626 ἄμφι
590 555 636 599 δέ
666 574 741 611 μιν
769 556 977 610 κρατεραὶ
1008 557 1145 611 στίχες
1175 557 1426 602 οἷσπιστάων

190 615 364 661 *λαῶν,
396 612 444 655 οἵ
471 614 515 655 οἱ
544 611 702 657 ἕποντο
723 616 900 686 Τρίκης
930 613 972 664 ἐξ
1003 613 1274 668 ἱπποβότοιο

217 667 355 739 ἀγχοῦ
386 665 429 712 δ’
462 667 690 739 ἱστάμενος
720 670 823 714 ἔπεα
852 668 1088 722 πτερόεντα
1116 669 1372 741 προσηύδα·

299 723 465 778 ,ξ”,Ορσ
492 723 807 798 Ἀσκληπιάδη]
837 727 980 770 καλέει
1009 727 1169 780 κρείων
1192 725 1487 784 Ἀγαμέμνων,

103 783 187 826 205
216 780 336 851 ὄφρα
365 783 439 852 ἴδη
469 783 703 828 Μενέλαον
727 783 886 840 άρηϊον
917 781 1078 842 0592va
1083 782 1277 839 Ἀχαιῶν,

217 837 271 881 ὅν
300 855 365 890 τις
398 825 626 891 ὀιστεύσας
655 841 830 897 ἔβαλεν.
861 839 1001 892 τόξων
1031 843 1079 884 εὐ
1095 840 1246 909 ηείδιὸς,

223 894 390 965 Τρώων
417 893 460 966 ἢ
476 897 675 948 Λυκίων,
705 915 765 966 τῳ
794 898 875 953 μὲν

904 897 1053 968 κλέος,
1085 896 1203 967 ἄμμι
1227 897 1273 940 δὲ
1303 895 1510 947 πένθος.“

283 950 366 1002 “Ὼ.ς
396 951 538 1025 φάτο,
567 957 628 1009 τῷ
660 953 705 997 δ’
738 953 823 1009 ἄρα
851 953 1003 1024 θυμὸν
1032 953 1097 997 ε’νὶ
1127 953 1382 1025 στήθεσσιν
1395 952 1564 1008 ὄρινεν·

215 1008 300 1063 βὰν
330 1005 373 1053 δ’
404 1008 518 1053 ἰέναι
546 998 654 1054 καθ’
684 1009 840 1067 ὅμιλον
875 1009 961 1055 οἶνοι
990 1010 1178 1066 στρατὸν
1209 1009 1346 1065 εὐρὺν
1371 1007 1567 1066 Ἀχαιῶν.

93 1117 262 1157 197.τὸ
292 1125 401 1159 Λυκ.
432 1120 508 1159 οἶπὸ
542 1122 680 1170 μέρους
714 1123 859 1167 πάντας

46 1166 158 1222 δηλοῖ
195 1179 286 1207 τους
328 1166 550 1211 ἐπικούρους
584 1172 659 1206 τῶν
703 1170 856 1232 Τρώων..

45 1209 146 1255 ἄξιοι
166 1210 207 1248 δὲ
230 1213 340 1259 λόγου
364 1215 401 1250 οὶ
423 1214 558 1252 Λύκιοι
579 1213 630 1256 (ὃς
648 1219 777 1254 πολλοὶ
795 1220 858 1254 καὶ

47 1260 192 1316 ζαχρη
205 1272 220 1295 ε
233 1263 274 1301 ῖς
297 1260 335 1296 ἐν
354 1261 500 1307 πολέμῳ
520 1261 632 1304 ὄντες.
657 1264 763 1299 καθά
781 1278 856 1300 που

47 1302 164 1345 miz-69
187 1305 264 1364 ἐρεῖ
289 1304 308 1341 ὁ
339 1321 377 1342 π.
403 1308 468 1352 (μ,
493 1310 584 1351 347,
609 1310 710 1354 360.)
746 1313 858 1346 Λυκί-

48 1364 115 1393 ους
139 1349 180 1387 δὲ
206 1351 250 1388 οὗ
269 1366 358 1393 τους
379 1353 454 1391 ὑπὸ
476 1357 528 1398 τῷ
551 1356 738 1412 Πανδάρῳ
765 1358 857 1402 λέγει

47 1395 68 1433 ὁ
91 1399 285 1444 βασιλευς,
317 1400 356 1436 οἳ
375 1402 437 1436 καὶ
462 1402 590 1445 αυτοὶ,
617 1400 666 1443 ὦς
688 1406 857 1449 προείρη

46 1457 132 1484 ται,
164 1448 285 1488 Τρῶες
303 1441 418 1490 ἦσαν,
443 1445 535 1483 οἷλλοὶ
555 1462 642 1488 τους
662 1448 700 1485 ἐκ
720 1453 783 1495 τῆς
795 1464 858 1494 με-

46 1492 161 1536 γάλης
185 1494 340 1534 Λυκίας,
367 1495 472 1554 οἵπερ
488 1490 590 1552 ἦσαν
606 1493 681 1531 ὑπὸ
698 1498 748 1531 τῶ
760 1500 857 1541 Σαρ-

45 1537 198 1595 πήδονι.
231 1536 329 1574 ου’τω
351 1538 391 1574 δε
409 1541 470 1576 καὶ
485 1539 634 1597 Ἀργεῖοι
649 1544 708 1577 καὶ
725 1532 858 1588 ‘Azonai

45 1581 121 1621 οἷπὸ
138 1584 273 1628 με’ρους
289 1584 423 1627 πάντες
441 1585 495 1622 οὶ
496 1585 668 1631 ’.Ελληνες
696 1590 740 1625 Ε.
785 1591 857 1637 τῷ.

47 1626 88 1677 ᾧ.
123 1633 196 1673 ‚.‚cf
222 1632 317 1676 Virg
343 1636 428 1667 Aen.
457 1635 521 1675 12,
545 1635 624 1669 321
629 1638 653 1655 “
680 1636 799 1670 Eichh.

92 1679 172 1713 199.
220 1679 276 1724 βῆ
299 1675 340 1713 δ’
366 1679 513 1715 ἰέναι.
539 1691 571 1713 v.
594 1693 671 1718 ann.
691 1682 734 1715 ad
753 1684 835 1719 209.

91 1725 172 1759 200.
219 1737 356 1760 παπτ.
407 1726 657 1772 περιβλέπων,
689 1727 858 1774 ἐρευνῶν.

45 1768 104 1807 ἐν.
130 1768 334 1807 ἐθεάσατο.
361 1769 469 1807 εἶδεν.
496 1773 578 1807 Sch.

90 1818 170 1851 202.
223 1818 306 1854 Ven.
332 1819 431 1852 Harl.
460 1820 546 1853 Vrat
590 1832 621 1855 a.
686 1821 856 1865 Τρίκκης

44 1869 84 1897 ut
108 1861 153 1908 β’,
178 1864 258 1899 729.
269 1889 278 1905 ,
314 1875 378 1897 nec
407 1865 510 1899 aliter
543 1865 684 1909 Livius,
718 1869 858 1910 Strabo,

44 1909 199 1950 Plinius,
223 1909 444 1955 Epitomator
463 1911 633 1956 Stephani
657 1917 692 1946 et
710 1914 860 1958 scripto-

44 1965 114 1990 res.
149 1966 244 2013 ergo
259 1967 435 2000 ponamus,
460 1957 561 2014 quod
578 1965 674 2015 cai-ef.
695 1959 859 1995 offensio-

45 2013 113 2042 n‚e
138 2003 167 2034 λ.
180 2026 190 2042 ,
216 1999 254 2036 οι“
287 2004 443 2046 Τρίκκης
476 2003 512 2038 οἱ
540 2002 668 2039 ἕποντ’
697 2003 736 2048 ἐξ
763 2006 858 2048 inm,

45 2047 104 2082 vel
129 2045 262 2083 ἕποντ’
285 2047 323 2083 ἐκ
349 2052 505 2094 Τρίκκης
524 2049 607 2084 ἱππ.
627 2058 758 2087 mutata
782 2065 859 2087 esse

45 2092 183 2128 videtur
215 2105 332 2128 manus
360 2099 486 2140 poetae
516 2097 559 2130 ab
586 2108 647 2138 eo,
682 2099 741 2142 qui
767 2099 859 2133 forte

44 2139 208 2184 scriptum
237 2141 428 2185 reperisset
455 2141 491 2175 in
520 2142 618 2176 libris
643 2145 796 2188 Τρίκης,
823 2152 859 2179 et

44 2186 195 2240 priorem
209 2186 310 2230 hujus
330 2188 488 2221 vocabuli
520 2199 583 2233 pro
614 2189 712 2223 brevi
741 2192 857 2225 habu-

43 2231 139 2267 isset.
186 2231 346 2277 imperite
364 2234 477 2268 editor
497 2234 663 2269 cantabr.
686 2241 722 2270 et
737 2237 855 2272 Bam.-

45 2275 136 2314 ἕπον
166 2279 323 2321 Τρίκκης
345 2280 396 2323 (v.
420 2292 496 2316 ann.
518 2281 561 2315 ad
580 2278 622 2323 λ,
646 2283 768 2327 483),
792 2295 857 2318 nec

45 2328 140 2359 recte
165 2324 220 2358 Η·
254 2326 374 2370 „Prior
409 2327 444 2360 in
491 2328 606 2372 Τρίκη
640 2333 766 2363 natura
799 2330 856 2374 (2)

44 2370 162 2405 brevis
186 2381 263 2404 esse
292 2372 447 2416 putanda
480 2378 555 2415 est,
589 2374 655 2408 etsi
684 2375 857 2410 solennius

44 2428 167 2451 nomen
188 2428 268 2473 esse
291 2419 408 2464 coepit
430 2420 566 2461 Tricca,
590 2422 762 2466 Τρίκκη“
789 2427 856 2457 etc.

46 2461 147 2496 Sch..
173 2461 247 2497 οἷπό
272 2465 439 2522 Τρίκκης,
462 2463 603 2507 πόλεως
617 2468 830 2509 Θεσσαλίας.

90 2507 170 2544 204.
218 2508 239 2544 6
250 2522 366 2553 ρσεο.
403 2510 545 2556 (ὄρσο.)
565 2513 795 2558 διεγείρου,’
774 2515 856 2550 ανί-

47 2565 171 2590 στασο.
195 2555 276 2590 Sch.
303 2568 336 2591 V.
362 2557 488 2594 Matth.
511 2561 544 2601 §.
569 2558 649 2595 244.

90 2602 172 2637 208.
209 2602 470 2647 θνμόν-”
449 2618 594 2649 ορινε.
618 2607 857 2650 animumejus

47 2632 235 2690 οοπιιηουίτ,
256 2649 288 2684 ιι.
300 2662 329 2684 e.
350 2650 628 2686 misericordiam.
654 2653 739 2686 alias
762 2653 857 2687 aliud

47 2691 262 2735 significatur
279 2695 373 2731 hisce
393 2697 529 2732 verbis·
556 2710 587 2731 v.
606 2696 653 2743 β’,
677 2698 757 2741 142,
777 2701 857 2742 395,

51 2737 180 2782 Odyss.
198 2738 241 2784 ρ’,
267 2742 333 2777 150
351 2747 416 2778 etc.

93 2784 172 2818 209·
218 2784 320 2841 βάν.
378 2787 487 2835 ἔβαν,
521 2788 668 2835 ε’βησαν.
714 2792 856 2825 verbum

48 2828 215 2873 βαίνειν,
248 2832 311 2866 nisi
345 2846 417 2869 cum
444 2836 592 2871 activum
618 2841 692 2881 est,
717 2837 857 2882 proprie

46 2857 224 2919 significa’t
245 2877 374 2914 initium
399 2882 502 2916 eundi
528 2883 662 2925 facere,
698 2889 737 2917 ut
771 2895 857 2928 pro-

0 2922 154 2965 1ὶοίεοὶ
176 2934 232 2968 ap.
256 2924 408 2963 Latinos.
433 2929 581 2963 Plautus
600 2929 675 2963 Aul.
690 2931 722 2972 1,
733 2931 769 2970 2,
787 2930 856 2964 4οΑ

47 2979 160 3011 πιιπο,
183 2981 248 3014 quo
272 2974 449 3015 profectus
474 2986 573 3018 sum,
595 2976 674 3016 ibo,·
707 2980 743 3010 et
767 2975 855 3010 Rud.

72 3038 94 3056 ,
117 3017 161 3058 6,
186 3018 241 3052 9.:
266 3027 343 3052 cum
368 3020 416 3054 ad
434 3032 489 3055 me
506 3001 682 3066 pr6fectus
703 3022 773 3064 ire,
798 3022 856 3056 ubi

97 3071 240 3108 ΗοιιΒιι..
267 3073 294 3107 1.

904 1124 973 1159 vid.
990 1125 1122 1160 Acidal.
1157 1124 1259 1170 plane
1286 1123 1336 1158 ita
1355 1122 1480 1158 dictum
1502 1128 1556 1159 est
1573 1124 1646 1172 βάν
1665 1125 1720 1162 ἰέ·

903 1185 986 1213 ναι,
1009 1172 1333 1228 profectisuntire.
1369 1171 1413 1204 cf.
1443 1172 1521 1206 199.
1543 1190 1582 1196 —
1607 1170 1718 1208 καθ’

905 1215 974 1260 όμ.
1001 1219 1034 1251 ιι.
1059 1230 1090 1252 e.
1117 1215 1238 1261 ὁμοῦ,
1262 1217 1387 1258 simul,
1414 1229 1496 1251 una.
1544 1229 1620 1252 nam
1653 1231 1720 1253 vox

903 1263 1051 1308 ομιλος,
1077 1263 1264 1318 composita
1287 1263 1347 1297 illa
1373 1274 1415 1296 ex
1441 1260 1537 1306 ὁμοῦ
1567 1269 1604 1298 et
1630 1264 1720 1307 ἶλος,

903 1312 982 1351 vel,
1026 1310 1119 1355 quod
1152 1309 1338 1348 usitatum,
1380 1309 1463 1353 ἰλη,
1505 1315 1540 1344 et
1574 1320 1721 1356 cognata

903 1358 1010 1390 verba
1049 1356 1108 1399 (v.
1145 1358 1208 1400 Ap.
1245 1367 1276 1391 v.
1308 1353 1436 1395 ὅιιιλος
1460 1362 1496 1390 et
1520 1356 1718 1392 Buttmann.

904 1402 1080 1436 Lexil.11.
1106 1401 1268 1446 p.158.‚)
1287 1403 1486 1435 societatem
1507 1402 1720 1447 significant,

904 1460 996 1494 quae
1020 1459 1094 1481 cum
1116 1448 1262 1492 plurium
1283 1453 1345 1481 aut
1359 1448 1541 1482 multorum
1561 1454 1627 1490 est,
1645 1456 1720 1484 tur-

904 1495 949 1527 ba
973 1501 1119 1528 vocatur
1153 1494 1209 1527 vel
1242 1499 1406 1535 caterva,
1439 1495 1720 1538 quemadmodum

903 1540 1030 1574 dicitur
1054 1537 1183 1583 ὅμιλος
1206 1540 1390 1581 Δαναῶν,
1415 1538 1543 1583 ὅμιλος
1569 1541 1719 1585 Τρώων,

907 1591 942 1620 et
967 1585 1086 1620 eodem
1111 1597 1213 1619 sensu
1230 1584 1369 1628 ὅμιλος,
1394 1585 1580 1621 intellectis
1600 1589 1720 1624 iisdem

906 1632 962 1666 vel
986 1631 1151 1666 similibus
1175 1632 1359 1676 genitivis,
1393 1632 1455 1665 sed
1489 1633 1557 1667 duo
1567 1645 1720 1689 quoque

906 1678 1069 1712 dicuntur
1094 1678 1147 1712 ire
1171 1679 1228 1712 vei
1250 1678 1369 1712 facere
1393 1677 1524 1722 aliquid
1549 1675 1624 1715 α’νοὶ
1646 1682 1721 1717 sive

905 1738 999 1760 κατα
1036 1721 1186 1767 όμιλον,
1221 1725 1275 1758 vel
1310 1722 1514 1768 ὁμιλαδὸν,
1557 1738 1631 1760 cum
1666 1730 1719 1762 vel

905 1771 1050 1816 gradum
1076 1771 1257 1804 conferunt
1289 1770 1457 1816 simulque
1493 1773 1720 1815 proficiscun-

905 1823 983 1858 tur,
1010 1817 1064 1850 vel
1084 1817 1202 1851 eodem
1225 1822 1379 1862 tempore
1404 1816 1498 1850 aliud
1522 1818 1602 1860 hic,
1628 1820 1719 1855 aliud

905 1863 986 1904 ille,
1017 1862 1160 1897 faciunt.
1220 1863 1294 1907 ejus
1327 1874 1428 1903 usus,
1467 1863 1571 1909 vulgo
1596 1865 1720 1910 ignoti,

905 1921 1033 1954 operae
1071 1909 1219 1953 pretium
1261 1914 1314 1942 est
1354 1909 1510 1954 proferre
1551 1913 1718 1958 exempla,

906 1955 1058 2011 quibus
1069 1955 1211 1989 tollatur
1248 1954 1432 1990 dubitatio.
1491 1956 1582 1991 infra
1615 1959 1719 1994 4882

905 2004 1010 2036 τοῖον
1035 1997 1100 2059 ἄρ’
1123 1998 1342 2044 Ἀνθεμίδην
1355 2002 1572 2044 Σιμοείσιον
1595 2002 1720 2047 ἐξενά-

907 2049 1006 2091 ριξεν
1032 2047 1121 2087 Αἰάς
1153 2045 1344 2092 διογενής·
1381 2061 1450 2083 του
1490 2045 1530 2083 δ’
1547 2047 1720 2106 ’Ἄντιφος

906 2092 1145 2148 αἰολοθώρηξ
1170 2095 1383 2138 Πριαμίδης
1405 2093 1520 2130 καθ’
1545 2093 1720 2139 όμιλον

906 2139 1098 2177 ἀκόντισεν
1123 2138 1201 2182 ὀξέι·
1224 2142 1343 2183 δουρί.
1392 2141 1622 2195 interpretes:
1655 2157 1720 2189 per

904 2188 1063 2228 turbam,
1101 2187 1147 2220 im
1181 2187 1336 2220 Gewu'lzl.
1394 2186 1460 2221 imo
1494 2189 1596 2223 simul
1630 2192 1717 2235 Ajax

904 2212 1068 2278 spoliavi’t
1091 2232 1326 2274 Anthemiden‚
1356 2233 1594 2291 Antiphusque
1619 2237 1719 2272 hasta

900 2279 1074 2324 jaculatus
1107 2283 1160 2312 est
1196 2279 1230 2313 in
1261 2280 1413 2323 Ajacem.
1464 2279 1502 2322 ε’,
1533 2282 1635 2317 527*
1668 2297 1719 2324 ως

904 2326 1051 2361 Δαναοὶ
1087 2326 1218 2383 Τρῶας
1259 2326 1371 2369 μένον
1391 2325 1589 2381 ε’μπεδον,
1625 2329 1714 2365 ουδ’

903 2371 1103 2431 ἐφέβοντο·
1146 2369 1326 2417 Ἀτρείδης
1361 2369 1400 2408 δ’
1436 2371 1510 2409 ἀν’
1545 2371 1717 2417 ὅμιλον

904 2417 1060 2463 ἐφοίτα,
1096 2418 1212 2454 πολλοὶ
1245 2416 1424 2460 κελεύων,
1461 2432 1530 2453 una
1552 2421 1616 2455 ivit
1640 2435 1716 2457 cum

904 2465 1068 2499 exercitu
1095 2465 1161 2509 (cf.
1174 2467 1284 2501 223-
1291 2467 1372 2501 231.
1392 2469 1427 2499 et
1444 2465 1606 2510 445.)λ’,
1624 2471 1716 2505 257.-

902 2506 987 2557 ἦτοι
1013 2508 1032 2547 6
1055 2509 1300 2569 Ἰφιδάμαντα
1327 2513 1550 2569 κασίγνητον
1581 2515 1663 2573 noemi
1677 2513 1716 2551 6-

902 2571 1048 2601 πατρον
1060 2554 1168 2594 ρἘλκε
1191 2558 1310 2600 ποδὸς
1333 2558 1505 2615 μεμαώς,
1530 2560 1590 2596 και
1612 2559 1715 2598 ἄυτει

903 2602 1047 2645 πάντας
1079 2618 1139 2649 αρι
1137 2606 1273 2647 ’·στους
1313 2605 1389 2641 Τόν
1424 2602 1464 2640 δ’
1490 2605 1633 2642 ἕλκοντ’
1660 2623 1717 2643 αν

904 2649 1081 2707 όμιλον
1103 2652 1255 2708 (simul
1290 2664 1331 2686 ac
1363 2653 1504 2686 fratrem
1546 2654 1716 2689 abstraxit

904 2698 1019 2742 Coon)
1041 2694 1113 2732 ὑπ’
1137 2695 1295 2739 ἀσπίδος
1317 2695 1574 2756 ὀμφαλοέσσης
1595 2698 1715 2745 Οὕτη-

903 2755 942 2779 σε
966 2745 1086 2789 ξυστῷ
1108 2744 1301 2790 χαλκήρεϊ,
1327 2747 1414 2780 λῦσε
1439 2744 1480 2780 δε
1503 2749 1602 2791 γυῖα.
1645 2747 1715 2780 ibi-

903 2791 980 2824 dem
1012 2780 1092 2826 314.
1119 2791 1186 2836 Uly
1181 2803 1264 2825 sses
1308 2791 1505 2826 Diomedem
1550 2793 1714 2835 advocat,

904 2838 1072 2881 amboque
1097 2837 1353 2882 Thymbraeum
1386 2843 1421 2872 et
1454 2838 1637 2872 Molionem
1661 2838 1714 2871 in-

902 2882 1088 2916 terficiunt.
1143 2884 1227 2940 jam
1249 2884 1298 2918 sic
1330 2884 1446 2929 pergit
1479 2885 1579 2918 Hom.
1613 2885 1713 2919 323..

902 2928 993 2970 τούς
1014 2941 1081 2973 μεν
1107 2927 1227 2965 ἔπειτ’
1251 2930 1404 2971 εἴασαν,
1440 2928 1517 2964 ἐπεὶ
1549 2929 1714 2973 πολέμου

903 2971 1143 3012 ἀπέπαυσαν·
1174 2975 1235 3011 Τω
1263 2974 1302 3012 δ’
1333 2975 1391 3011 ἂν
1414 2974 1585 3016 ὅμιλον
1610 2975 1712 3011 ἰόν-

903 3034 950 3058 τε
973 3023 1193 3067 κυδοίμεον,
1230 3024 1263 3058 ιι.
1290 3035 1320 3058 e.
1345 3023 1447 3057 simul
1471 3027 1611 3067 euntes,
1642 3034 1711 3059 non

1332 3072 1388 3112 15
