1811 3269
721 738 776 786 A

306 744 341 787 Ῑ
433 743 485 786 sl
590 741 623 785 I

876 738 1225 785 ΔΟΣ
1348 744 1400 786 Z.

128 941 483 978 ΕΚΤΟΡΟΣ
542 941 665 974 ΚΑΙ
716 940 1238 974 ΑΝΔΡΟΜΑΧΗΣ
1293 940 1582 978 ΟΜΙΛΙΑ.

239 1134 468 1179 Trojanorum
492 1132 568 1167 acie
592 1132 629 1167 in
654 1134 769 1178 fugam
796 1133 984 1168 inclinante
1007 1133 1162 1167 Helenus
1190 1136 1291 1168 vates
1313 1133 1475 1168 hortatur
1491 1133 1696 1176 Hectorem,

159 1184 200 1216 ut
224 1180 494 1215 obsecrationem
520 1179 732 1213 Minervae
724 1191 758 1212 ιιι
783 1191 864 1214 arce
889 1180 1079 1214 habendam
1104 1179 1245 1214 indicat.

202 1245 386 1314 Τρώων
417 1257 461 1302 δ’
498 1257 641 1314 οἰώθη
671 1259 744 1302 καὶ
769 1256 951 1315 Ἀχαιῶν
980 1259 1177 1315 φύλοπις
1208 1257 1334 1316 αἰνή·

191 1316 329 1360 πολλὰ
360 1315 405 1360 δ’
437 1315 511 1370 ἄρ’
544 1316 655 1359 ε’νθα
683 1317 757 1360 καὶ
790 1316 887 1360 ἔνθ’
919 1319 1050 1360 ἴθυσε
1080 1317 1195 1374 μάχη
1225 1318 1411 1369 πεδίοιο,

191 1373 390 1444 άλλὴλων
420 1372 697 1427 ἰθυνομένων
725 1373 944 1429 χαλκήρεα
975 1376 1131 1428 δοῦρα,

191 1429 409 1488 μεσσηγυς
438 1429 684 1484 Σιμόεντος
714 1431 777 1473 ἰδὲ
808 1430 1008 1479 Ξάνθοιο
1041 1431 1203 1484 ῥοάων.

135 1491 161 1534 5
276 1490 388 1537 Αἴας
419 1487 465 1530 δὲ
495 1491 668 1540 πρῶτος
704 1486 1007 1543 Τελαμώνιος,
1039 1488 1166 1558 ε’ρκος
1190 1486 1390 1558 Ἀχαιων,

196 1543 362 1598 Τρώων
394 1544 493 1613 ῥῆξε
525 1543 750 1613 φάλαγγα,
782 1544 906 1599 φόως
936 1544 979 1588 δ’
1010 1544 1233 1598 ἑτάροισιν
1262 1544 1434 1600 ε’θηκεν,

190 1601 334 1656 α’νδρα
368 1599 540 1671 βαλων,
574 1598 621 1651 ὃς
653 1599 832 1654 άριστος
860 1601 925 1644 ἐνὶ
938 1600 1176 1672 Θρῄκεσσι
1205 1600 1396 1652 τέτυκτο,

189 1657 293 1702 υιόν
319 1655 596 1711 Ἐϋσσωρου,
627 1654 862 1712 Ἀκάμαντ’
894 1657 979 1715 ἧῦν
1008 1674 1053 1702 τε
1083 1658 1222 1714 μέγαν
1251 1674 1309 1701 τε.

188 1715 268 1759 τόν
297 1713 341 1770 ρ’
374 1714 500 1770 ε’βαλε
529 1718 702 1769 πρῶτος
731 1714 928 1770 κόρυθος
958 1715 1108 1787 φάλον
1136 1715 1437 1770 ἱπποδασείης,

107 1780 160 1820 10
189 1772 237 1816 ἐν
268 1771 313 1816 δε
341 1771 522 1827 μετώπῳ
552 1773 679 1838 πῆξε,
711 1771 869 1827 πέρησε
901 1772 948 1815 δ’
960 1771 1054 1842 ἀέρ’
1086 1771 1241 1816 ὀστέον
1273 1773 1374 1816 εἴσω

190 1829 321 1900 αἰχμὴ
352 1831 548 1899 χαλκείη·
580 1827 660 1872 τὸν
691 1829 737 1872 δὲ
768 1829 925 1880 σκότος
956 1829 1057 1873 ὄσσε
1088 1829 1302 1882 κάλυψεν.

258 1885 446 1936 ’Ἄξυλον
477 1884 519 1928 δ’
554 1883 628 1939 ἄρ’
661 1885 821 1941 ε’πεφνε
852 1886 966 1942 βοήν
996 1885 1166 1942 ἀγαθὸς
1198 1885 1431 1944 Διομήδης

194 1943 522 1998 Τευθρανίδην,
554 1940 604 1994 ὃς
634 1942 778 1986 ε’ναιεν
809 1943 1038 2000 ἐϋκτιμένῃ
1071 1943 1117 1988 ἒν
1140 1943 1333 2001 Ἀρίσβῃ,

63 2057 323 2094 Annotationes.
348 2056 453 2090 Liber
462 2056 721 2101 pulcherrimus,
731 2068 831 2102 quem

17 2106 47 2141 si
71 2105 178 2140 solum
205 2103 374 2138 edidisset
398 2103 589 2145 Homerus,
619 2107 732 2137 tamen
757 2104 831 2148 ejus

17 2163 139 2188 nomen
179 2161 350 2194 nunquam
385 2155 477 2183 esset
509 2149 741 2183 interiturum.
789 2169 829 2174 —

17 2200 119 2235 Vers.
148 2198 179 2238 1,
203 2197 237 2231 2.
277 2194 444 2240 οἰώθη.
469 2194 645 2240 ἐμονώθη
670 2196 735 2240 τῆς
756 2197 831 2231 τῶν

17 2245 119 2282 θεῶν
144 2244 370 2288 συμμαχίας,
401 2243 512 2287 χωρὶς
544 2244 646 2278 θεῶν
676 2241 830 2286 ἐγένετο.

19 2289 166 2335 (ἔνθα
188 2289 269 2324 καὶ
295 2288 417 2324 ἔνθα
441 2290 657 2332 πεδίοιο,
693 2290 755 2323 hoc
775 2291 831 2324 vel

18 2338 167 2372 illo'loco
190 2337 314 2379 campi.
349 2335 400 2369 ita
425 2336 469 2371 K.
505 2336 567 2370 sed
588 2340 705 2381 potest
726 2336 830 2370 etiam

18 2395 82 2429 per
101 2395 138 2418 se
153 2382 302 2427 intelligi
318 2382 464 2418 πεδίοιο
483 2382 688 2426 genit.100i‚
713 2393 830 2426 quem-

19 2430 198 2469 admodum
224 2427 462 2474 διαπρήσσειν
486 2430 635 2464 πεδίοιο
670 2432 706 2462 et
737 2428 831 2461 simi-

19 2474 67 2510 lia
91 2476 265 2510 dicuntur.
285 2495 330 2500 -—
355 2476 441 2510 ιθυ
455 2486 512 2510 σε
537 2474 707 2533 ὅρμησεν,
727 2473 830 2517 ἐμαί-ν

18 2535 114 2563 νετο,
140 2527 179 2556 ut
203 2519 248 2563 δ’,
273 2522 372 2557 507.=
399 2521 542 2557 ἰθυσαν
565 2520 605 2557 δὲ
627 2519 723 2557 πολυ
740 2534 830 2579 προ-

18 2568 132 2613 τέρω,
155 2567 205 2611 π’,
230 2547 332 2603 582:
369 2568 500 2604 ἴθυσεν
528 2567 569 2603 δὲ
594 2567 659 2603 διὰ
683 2566 829 2611 προμά-

19 2628 116 2660 χων,
140 2615 232 2659 quod
257 2613 342 2648 alias
367 2615 454 2648 dicit
474 2613 586 2650 θύειν
604 2615 660 2649 vel
677 2613 828 2649 θύνειν.·

20 2673 54 2698 v,
78 2661 181 2695 Schu.
208 2673 241 2694 v.
266 2659 372 2703 θύω,
398 2662 432 2697 3.
469 2660 514 2703 δ’,
540 2663 596 2696 87.
622 2661 665 2694 de
689 2660 828 2696 Diome-

22 2707 86 2741 de·
111 2708 207 2742 θῦνε
228 2704 300 2761 γὰρ
324 2705 519 2751 άμπεδίον.
562 2707 662 2752 Virg.
684 2709 769 2741 Aen.
792 2708 829 2749 5,

22 2754 122 2788 252:
145 2753 324 2798 saevitque
339 2766 464 2793 canum
485 2756 637 2789 latratus
658 2754 694 2786 ἱη
712 2765 828 2789 auras.

22 2810 113 2857 quae
148 2798 222 2832 loca
253 2800 398 2844 protulit
429 2801 473 2839 K,
511 2811 695 2847 perperam
726 2800 829 2834 sch..

20 2842 85 2881 ἐπ’
109 2841 260 2884 εὐθείας
282 2844 432 2902 ἐφέρετο
457 2851 524 2881 etc.

66 2892 109 2946 3,
134 2888 168 2926 4.
217 2893 341 2934 zoelu-
363 2891 407 2937 γ’,
425 2894 507 2929 316.
534 2913 568 2918 -
601 2889 829 2931 Ξάνθοιο.

23 2937 82 2982 qui
106 2936 233 2972 fluvius
256 2937 348 2972 alias
362 2943 506 2974 vocatur
531 2939 757 2974 Scamander.
782 2936 830 2980 vs,

21 2983 99 3019 73.=
124 2981 219 3020 άντα
245 2980 287 3017 δ’
311 2981 376 3027 ἄρ’
397 2981 618 3042 Ηφαίστοιο
636 2984 748 3030 μέγας
760 2998 830 3023 πο-

21 3029 142 3077 ταμός
159 3027 421 3076 βαθυδίνης,“
422 3034 477 3069 Ον
500 3033 662 3072 Ξάνθον
676 3032 831 3071 κάλεον-π

877 2068 912 2092 σι
947 2056 1052 2099 θεοι,
1087 2054 1220 2100 ἄνδρες
1250 2054 1292 2092 δε
1324 2054 1589 2123 Σκάμανδρον.
1645 2060 1692 2094 cf.

877 2115 956 2138 ann.
981 2104 1024 2138 ad
1049 2103 1096 2150 β’,
1121 2105 1200 2141 877.

923 2174 945 2209 5
966 2193 1007 2197 -
1027 2175 1059 2208 8.
1107 2174 1309 2217 πρῶτος.
1352 2171 1483 2228 primus
1519 2176 1599 2217 post
1623 2172 1695 2207 dis-

879 2231 1011 2255 cessum
1037 2220 1190 2254 deorum.
1215 2220 1261 2254 K.
1299 2218 1441 2262 ερκος
1465 2215 1538 2263 Ἆχ.
1562 2231 1594 2252 v.
1614 2231 1693 2254 ann.

878 2267 922 2301 ad
947 2266 992 2308 α’,
1017 2265 1120 2308 284.,
1146 2278 1244 2311 quam
1270 2277 1347 2300 cum
1372 2265 1558 2299 scriberem
1585 2277 1695 2300 anno·-

876 2313 1066 2353 tationem,
1090 2313 1194 2358 hujus
1218 2311 1286 2346 loci
1311 2323 1377 2346 non
1401 2310 1630 2346 memineram.
1647 2331 1694 2337 —

878 2359 979 2395 Sch.:
1015 2357 1154 2404 φόως.
1203 2371 1304 2403 φως,
1341 2357 1462 2403 χαράν
1496 2356 1567 2402 (θ’,
1592 2357 1693 2403 741),

877 2407 1062 2451 σωτηρίαν
1086 2405 1157 2451 (π’
1181 2407 1247 2445 95,
1273 2403 1324 2450 φ’,
1355 2405 1468 2448 538..)
1517 2409 1599 2439 nota
1621 2416 1695 2438 me-

876 2453 1048 2497 taphora,
1088 2465 1152 2488 nec
1186 2451 1330 2497 propria
1365 2450 1527 2485 Graecis.
1570 2462 1604 2486 v.
1638 2450 1693 2485 in-

876 2502 991 2543 terpp.
1024 2498 1198 2533 contrario
1214 2509 1317 2532 sensu
1343 2510 1453 2542 αχεος
1476 2495 1612 2542 νεφέλη
1629 2496 1693 2540 με’-

875 2547 985 2580 λαινα
1009 2544 1137 2579 dicitur
1164 2544 1208 2590 ρ,
1232 2547 1313 2580 591.
1340 2549 1376 2578 et
1403 2544 1564 2589 saepius,
1597 2547 1636 2578 ut
1658 2545 1691 2578 Κ

875 2603 954 2625 ιιιιιι
990 2611 1032 2616 -
1068 2593 1297 2626 Acamantem
1327 2591 1422 2624 illum
1450 2590 1560 2632 dicit,
1592 2590 1692 2636 cujus

875 2638 973 2672 Mars
996 2637 1146 2684 speciem
1170 2638 1334 2672 induerat
1357 2635 1416 2680 (ε’,
1439 2615 1560 2680 462ιῖ)
1579 2637 1691 2670 Euso-

874 2685 907 2718 ri
929 2685 993 2718 hoc
1017 2690 1145 2718 tantum
1170 2685 1247 2719 loco
1283 2684 1379 2717 facta
1403 2683 1530 2717 mentio
1556 2688 1609 2717 est
1633 2694 1689 2728 ap.

874 2731 976 2766 Hom.
1011 2731 1100 2764 alius
1132 2735 1186 2764 est
1215 2731 1396 2771 Eusorus,
1431 2729 1550 2772 Cyzici
1576 2735 1689 2773 pater,

873 2777 971 2821 regis
994 2777 1189 2817 Dolionum,
1215 2777 1259 2810 de
1279 2787 1349 2831 quo
1367 2775 1530 2820 Hyginus
1547 2776 1617 2808 fab.
1632 2776 1688 2809 16.Ι

875 2828 912 2857 et
934 2823 1124 2868 scriptores
1146 2822 1478 2867 Argonauficoeum,
1501 2821 1537 2861 in
1560 2820 1643 2867 quib
1646 2831 1689 2854 us

873 2869 1030 2915 Apollon.
1055 2869 1168 2905 Rhod.
1193 2871 1234 2910 1,
1259 2868 1341 2904 949.

910 2927 954 2970 ,9.
1001 2925 1159 2972 κόρ.,φ.
1187 2926 1290 2963 ἱππ.
1328 2940 1375 2972 γ,
1398 2925 1489 2966 362,
1513 2923 1596 2959 369.

923 2986 989 3026 12,
1012 2986 1046 3023 3.
1070 2976 1294 3028 ”Ἀξῦιον.
1326 2994 1362 3017 v.
1384 2981 1528 3020 amad
1548 2978 1688 3023 022193.

875 3041 920 3057 —'
940 3029 1132 3083 Ἀρίσβῃ.
1167 3029 1213 3076 β’,
1237 3031 1317 3068 836.
