1811 3269
1 143 6 214 ,f
618 169 1150 212 ιΛΙΑΛοΣΕ.
1638 170 1719 211 291

0 285 4 355 j
109 288 192 331 735
221 285 444 332 ποικίλον,
476 280 530 324 ὅν
559 277 603 335 ῥ’
622 277 749 347 ,αὐτή
779 275 995 347 ατοιήσατο
1023 273 1243 346 καὶΙκάμε
1270 278 1441 331 χερσίν·

0 359 2 362 ·
223 341 248 397 ἡ
280 342 327 383 δὲ
355 336 502 395 χιτῶν’
533 336 697 379 ἐνδυσα
725 340 836 384 Διος
863 337 1205 389 νεφεληγερεταο

219 396 415 451 τεύχεσιν
444 394 487 444 ἐς
515 392 710 447 πόλεμον
737 388 993 445 θωρήσσετο
1026 388 1311 443 δακρυόεντα.

219 451 334 508 α’μφὶ
364 451 412 496 δ’
441 448 516 506 ἄρ’
548 448 738 505 ὤμοισιν
766 445 912 518 βάλετ’
946 446 1092 500 αἰγίδα
1125 441 1482 497 θυσσανόεσσαν,

432 506 453 521 <x

218 511 311 552 δειν
329 508 391 555 “ν,
424 523 482 564 ην
509 507 609 563 πέρι
639 507 719 560 μὲν
747 520 889 560 παντη
919 501 1066 558 φόβος
1099 500 1412 557 ἐστεφάνωται,
1440 527 1446 533 -

106 568 189 611 740
219 564 268 608 ἐν
296 567 322 608 δ
370 565 484 618 ἔρις,
518 564 567 608 ἐν
598 562 644 606 δ’
673 560 818 618 ἀλκὴἸ
838 560 886 604 ἐν
916 559 964 603 δὲ
992 556 1213 613 κρυόεσσα
1243 558 1368 614 ἰωκὴ,

221 621 270 665 ἐν
299 622 346 665 δέ
375 637 421 665 τε
450 621 639 676 Γοργείη
667 617 837 676 κεφαλὴ
869 618 1034 660 δεινοῖο
1063 614 1268 668 πελώρου

218 679 340 734 δεινή
368 694 413 721 τε
444 676 637 733 σμερδνή
665 692 733 729 τε,
761 674 873 726 Διὸς
899 673 1028 728 τέρας
1063 671 1298 726 αἰγιόχοιο·
1351 724 1361 739 Ι

217 736 346 791 κρατὶ
375 733 420 779 δ’
451 734 523 779 ἐπ’
554 732 818 790 ἀμφίφαλον
846 730 1008 786 κυνέην
1034 727 1138 772 θέτο
1168 730 1518 782 τετραφαληρον,

47 869 115 903 huc
139 874 276 915 spectat
299 871 414 915 glossa
436 868 623 917 κατέβαλε.
646 869 711 914 Η.)
742 889 779 895 -
817 869 858 905 ἓ-

47 914 177 950 ἇνόν.
219 918 340 952 vocab.
366 914 473 957 ἑανὸς
502 917 614 951 media
646 917 749 961 longa
782 927 859 950 esse

46 962 271 1006 adjectivum,
304 963 403 997 brevi
435 964 707 1004 substantivum,
742 968 858 997 osten-

44 1008 97 1041 dit
120 1008 411 1051 ButthaexilJ,
429 1011 487 1045 66.
507 1009 551 1043 de
577 1009 792 1043 substantivo
819 1020 856 1044 v.

46 1065 123 1088 ann.
149 1055 192 1088 ad
216 1053 261 1099 γ’,
286 1056 388 1097 385.,
423 1055 515 1100 quod
548 1055 685 1100 quidem
718 1055 773 1088 vir
798 1055 857 1089 ille

47 1100 170 1133 doctus
204 1099 341 1134 derivat
373 1101 416 1135 ab
452 1100 519 1141 ἔω,
555 1105 596 1135 ut
628 1100 811 1145 στέφανον
836 1113 856 1135 a

44 1145 187 1190 στέφω,
223 1147 387 1191 malitque
421 1147 540 1181 eodem
573 1152 716 1181 accentu
749 1146 853 1180 scribi

45 1191 176 1228 ἕανονε
201 1193 404 1236 adjectivum
430 1198 565 1234 autem,
600 1194 699 1238 cujus
721 1192 854 1226 incerta

38 1244 100 1273 rest
122 1239 269 1280 notatio,
290 1250 346 1273 res
371 1239 486 1273 molles
507 1239 722 1284 ductilesque
744 1239 854 1284 signi-

44 1285 151 1319 ficare
176 1289 294 1330 putat,
329 1286 380 1319 ita
404 1290 442 1319 ut
465 1297 532 1319 non
558 1287 664 1320 solum
688 1286 796 1320 lintea
819 1290 855 1319 et

43 1332 123 1366 vela
146 1336 206 1365 aut
229 1331 434 1365 vestimenta
458 1338 555 1366 recte
580 1331 740 1366 dicantur
764 1329 855 1366 ἓανὰ

43 1375 83 1419 ε’,
107 1376 197 1420 734,
222 1375 275 1419 θ’,
298 1377 390 1418 385,
416 1375 458 1419 σ’,
482 1379 575 1419 352,
599 1377 653 1420 ψ’,
677 1377 767 1421 254,
793 1377 854 1411 sed

44 1423 146 1458 etiam
171 1429 327 1457 stannum
351 1421 393 1465 σ’,
419 1426 517 1460 613.:
542 1425 646 1467 τεῦξε
664 1422 704 1459 δέ
718 1423 754 1458 οὶ
767 1437 856 1469 κνη-

41 1471 155 1514 μῖδας
179 1469 295 1505 ἑανοῦ
319 1469 562 1513 κασσιτέροιο.
610 1471 645 1504 in
675 1476 856 1504 transcur-

41 1527 86 1551 su
108 1516 277 1561 corrigam
311 1516 508 1561 Sapphonis
537 1517 595 1550 illa
631 1528 687 1561 ap.
714 1517 856 1561 Grego-

41 1562 127 1596 rium
152 1563 205 1606 (v.
231 1563 336 1596 Schn.
365 1574 398 1596 v.
423 1562 533 1603 ἑανὸς
558 1567 593 1596 et
618 1562 747 1596 Buttm.
772 1562 794 1596 l.
823 1575 853 1596 c.

41 1608 90 1650 ΙΙ,
115 1620 148 1653 p.
178 1610 251 1653 13.)
285 1608 433 1652 ἱματίου
458 1608 572 1644 ιεὲανοῦ
595 1607 855 1651 μαλακωτέρας

38 1654 145 1700 idque
170 1655 352 1697 facillime,
378 1655 559 1690 scribendo
585 1654 736 1699 ἱματίου
757 1654 798 1689 δ’
825 1654 854 1690 ἓ.

39 1714 100 1747 μ.,
140 1713 208 1746 quo
250 1701 452 1736 manifestus
495 1701 694 1736 restituitur
734 1712 854 1736 versus

40 1747 269 1783 dochmiacus.
323 1753 477 1781 ceterum
508 1747 647 1781 Schol.=
683 1746 852 1783 ἐανόν.

39 1793 193 1840 ἰσχυρὸν
225 1793 298 1838 (Hz
324 1792 502 1838 ἰσχνόν),
535 1790 559 1839 ἢ
583 1793 781 1839 τρυφερόν.
806 1812 852 1818 --

39 1839 222 1885 πατρὸς
255 1837 328 1876 ἐπ’
364 1838 513 1876 οὔδει.
557 1841 593 1874 in
624 1842 715 1883 solo,
749 1843 783 1875 h.
819 1853 850 1876 e.

40 1887 163 1928 domo,
197 1887 310 1930 patris
333 1887 450 1929 Jovis,
485 1886 543 1921 ubi
577 1898 670 1921 arma
695 1888 770 1932 ejus
795 1898 852 1921 as-

39 1938 248 1974 servantur,
280 1933 374 1966 etin
409 1945 479 1978 qua
508 1933 644 1967 habitat
680 1934 746 1968 dea
776 1934 850 1967 vir-

41 1991 98 2024 go.
163 1979 209 2013 cf.
244 1977 298 2020 θ’,
330 1980 398 2015 375
431 1985 497 2013 etc.
557 1978 702 2024 fingitur
739 1983 852 2013 autem

40 2026 109 2060 sita
132 2025 215 2059 urbs
247 2025 385 2059 deorum
418 2024 453 2059 in
486 2025 676 2059 verticibus
710 2026 851 2070 Olympi

41 2071 186 2113 montis,
219 2082 304 2116 quos
337 2071 486 2106 vertices
510 2082 596 2105 unus
620 2071 852 2116 supereminet

38 2129 155 2152 omnes
187 2116 394 2159 altissimus,
432 2129 496 2151 nec
527 2117 571 2151 ad
606 2118 726 2154 urbem
759 2117 850 2153 illam

1 2169 4 2171 ’
39 2163 236 2209 pertinens,
279 2163 314 2197 in
349 2175 414 2209 quo
447 2163 570 2198 sedens
608 2175 850 2210 nonnunquam

38 2209 175 2255 Jupiter
199 2209 328 2244 coelum
353 2215 554 2256 terramque
586 2211 849 2255 contemplatur,

38 2256 134 2293 velut
170 2255 260 2289 infra
292 2258 370 2292 753.
395 2261 431 2290 et
456 2256 502 2300 α’,
527 2255 630 2297 498.;
662 2267 764 2302 quem
788 2257 850 2291 Jo-

37 2313 113 2336 vem
139 2313 213 2336 cum
237 2302 335 2337 adire
359 2302 478 2337 volunt
505 2302 555 2336 dii
585 2302 773 2344 melotes,
794 2302 850 2337 vel

37 2348 82 2382 ad
116 2352 245 2382 terram
277 2347 506 2390 descendere,
544 2348 676 2393 apertis
709 2349 849 2383 nubium

36 2394 157 2439 portiS‚
183 2406 267 2439 quas
290 2399 434 2429 servant
450 2395 579 2436 Horae,
604 2407 646 2429 ex
666 2396 752 2429 urbe
769 2405 849 2440 pro-

35 2439 248 2520 ficixicmtur.
307 2443 353 2476 cf.
389 2442 457 2477 749
479 2461 524 2467 —
542 2440 643 2484 754„
684 2442 848 2477 Volcker.

36 2495 70 2532 pt
117 2490 152 2522 0.

42 2550 44 2554 ’
82 2554 298 2592 736-740,
340 2569 420 2601 χιτ.
446 2555 555 2590 intell.
580 2553 746 2601 χάλκεον,
770 2552 848 2589 tho-

36 2612 178 2644 racem,
207 2603 274 2636 den
300 2602 527 2637 Panzerroclc.
572 2615 606 2637 v·
630 2601 673 2647 γ’,
698 2603 778 2638 359.
800 2620 846 2626 -

38 2648 117 2691 αἰχ
130 2649 174 2684 ίδ
184 2661 230 2690 α,
253 2648 423 2694 clypeum.
457 2646 502 2694 β’,
529 2647 610 2685 447.
637 2649 681 2683 cf.
701 2646 748 2690 α’,
765 2648 847 2683 202.

37 2711 83 2740 -7
103 2696 133 2729 θ
147 2707 169 2730 υ
181 2707 200 2730 a
210 2706 240 2729 σ.
264 2695 452 2740 κροσσοῦς
465 2694 622 2740 ἔχουσαν
642 2694 847 2738 πανταχοῦ.

39 2738 137 2785 8⁰¹¹*
160 2741 204 2775 cf.
229 2739 274 2788 β’,
298 2741 379 2778 448.
413 2762 459 2767 ——-
493 2739 656 2789 φόβος.
683 2740 727 2783 o',
751 2742 846 2783 308„

38 2786 222 2822 annotante
253 2787 307 2822 K:
348 2787 407 2833 ἔχε
442 2785 493 2837 δ’,
517 2788 691 2834 (Apollo)
716 2788 846 2832 αἰγίδα

36 2832 177 2887 θοῦριν
190 2858 201 2874 ,
225 2838 259 2888 q
270 2846 286 2868 ε
296 2847 308 2868 ι
319 2846 340 2868 ν
352 2834 374 2881 ἡ
387 2848 409 2869 ν
419 2861 430 2880 ,
455 2833 731 2879 ἀμφιδάσειαν,
764 2831 844 2878 άρι-

35 2877 154 2921 πρεπέ
171 2903 182 2920 ,
223 2876 280 2923 ἢν
315 2878 405 2924 ἄρα
439 2881 612 2927 χαλκεῦ
629 2895 646 2922 ς
670 2880 845 2925 ’Ἡφαι-

36 2934 148 2965 στος
186 2925 275 2960 Διῒ
309 2927 426 2963 δῶκε
467 2927 749 2972 φορήμεναι
799 2925 845 2966 ἐς

37 2968 191 3017 φόβον
221 2968 422 3017 ἀνδρῶν.
442 2996 444 2998 »
466 2975 638 3010 Hesiodus
675 2975 772 3009 Seut.
795 2973 841 3007 H.

905 867 1007 904 236.=
1045 864 1105 900 ἐπὶ
1137 865 1316 900 δεινοῖσιν
1347 858 1388 897 δὲ
1419 861 1600 916 καρήνοις
1622 865 1717 909 Γορ-

903 914 1017 958 γείοις
1050 911 1216 948 ἐδονεῖτο
1240 909 1353 954 μέγας
1377 909 1508 953 φοβος.
1555 910 1716 955 Aeschyl.

906 961 1019 995 Theb.
1044 960 1146 996 352:
1186 954 1257 992 ὑπ’
1291 954 1450 995 ἀσπίδος
1480 953 1522 990 δὲ
1546 957 1597 1001 τῷ
1620 959 1717 991 Χαλ-

903 1005 1056 1053 κήλατοι
1078 1002 1255 1047 κλάζουσι
1277 1001 1448 1042 κώδωνες
1482 1000 1625 1048 φόβον,
1659 1003 1717 1038 ubi

904 1065 937 1087 v.
964 1063 1041 1087 ann.
1068 1057 1103 1086 et
1128 1051 1173 1084 cf.
1198 1048 1344 1084 Diodori
1367 1047 1489 1090 locum,
1505 1060 1604 1093 quem
1630 1049 1717 1083 cita-

904 1098 956 1132 vit
990 1099 1096 1132 Schn.
1126 1108 1161 1131 v·
1185 1095 1370 1135 θύσανος.
1403 1114 1445 1119 -
1486 1096 1570 1140 Apa
1601 1107 1718 1138 κρυ-

903 1145 1059 1180 όεσσα.
1090 1142 1250 1188 φρικτή·
1283 1140 1398 1187 κρύος
1429 1140 1501 1186 γάρ
1535 1137 1577 1176 τὸ
1603 1139 1716 1187 ῥῖγος.

901 1210 944 1216 -
971 1189 1105 1235 ἰωκή.
1139 1191 1220 1226 521.

946 1258 1027 1296 741.
1076 1258 1174 1303 Virg.
1207 1259 1292 1293 Aen.
1317 1258 1360 1299 8,
1392 1253 1494 1292 4322
1538 1255 1718 1300 ipsamque

900 1305 938 1339 in
963 1311 1101 1349 pectore
1131 1305 1234 1338 divae
1259 1304 1447 1349 Gorgona,
1481 1302 1616 1336 desecto
1634 1314 1716 1338 ver-

901 1357 1029 1386 tentem
1053 1351 1186 1385 lumina
1206 1351 1303 1385 collo.

947 1420 1027 1456 742.
1075 1415 1296 1464 σμερδνή.
1330 1416 1619 1462 καταπληκτικὴ,
1644 1430 1716 1461 φο-

902 1466 1003 1512 βερά.
1025 1466 1106 1501 Sch.
1132 1464 1175 1507 o',
1198 1467 1287 1505 687,
1312 1465 1390 1500 732.
1416 1464 1580 1508 frequens
1595 1464 1715 1498 eodem

901 1525 1001 1546 sensu
1028 1518 1081 1546 est
1106 1511 1336 1556 σμερδαλέος.
1354 1530 1399 1535 -
1424 1509 1541 1551 Διὸς
1563 1508 1714 1554 τέρας,

900 1560 996 1593 Jovis
1013 1564 1233 1603 portentum,
1267 1558 1300 1593 h.
1328 1569 1357 1591 e.
1382 1556 1553 1597 divinum,
1586 1557 1716 1590 divini-

901 1610 958 1639 tus
981 1605 1185 1645 immissum,
1221 1609 1261 1638 ut
1291 1601 1423 1644 omnia,
1458 1614 1546 1647 quae
1580 1602 1714 1637 modum

902 1652 1072 1685 excedunt
1096 1657 1133 1685 et
1160 1656 1306 1685 naturae
1329 1655 1410 1682 sunt
1434 1648 1620 1682 contraria.

945 1719 1026 1756 743.
1079 1717 1190 1764 ἀμφ.
1215 1731 1249 1753 v.
1268 1728 1346 1752 ann.
1365 1717 1407 1750 ad
1425 1714 1468 1761 γ’,
1482 1718 1561 1752 362.
1583 1716 1712 1752 Buttm.

900 1766 1008 1800 Lexil.
1030 1766 1075 1800 II.
1103 1778 1137 1812 p.
1158 1765 1258 1802 242:
1283 1763 1431 1808 ,,φάλος
1446 1775 1522 1797 war
1539 1762 1614 1796 eine
1632 1763 1713 1798 har-

898 1818 935 1847 te
960 1813 1225 1853 Erhabenheit,
1265 1822 1307 1843 an
1334 1809 1714 1856 welcherSchwerter

899 1859 1112 1893 zerbracben
1138 1857 1201 1903 (γ’,
1227 1858 1319 1900 363,
1344 1855 1394 1899 π’,
1419 1857 1528 1900 338),
1560 1855 1631 1890 und
1656 1856 1714 1890 die

898 1905 1008 1939 selbst
1032 1905 1109 1939 eine
1132 1906 1203 1938 Axt
1226 1915 1303 1937 vom
1333 1901 1550 1946 Eindringen
1584 1901 1714 1937 abhielt

900 1949 961 1994 (v',
987 1951 1097 1995 614);
1124 1952 1188 1984 auf
1211 1950 1274 1984 der
1304 1948 1400 1982 Stirn
1422 1949 1506 1982 aber
1531 1948 1615 1982 sehn
1648 1948 1713 1983 wir

898 1997 949 2031 sie
977 1998 1040 2031 der
1072 1996 1216 2030 Gewalt
1244 1996 1306 2029 des
1332 1994 1537 2039 geworfnen
1560 1994 1712 2039 Speeres

897 2043 994 2077 nicht
1011 2042 1224 2077 widerstehn
1250 2039 1314 2085 (δ’,
1337 2042 1425 2082 459,
1448 2037 1490 2083 ξ,
1514 2039 1565 2083 9.)
1605 2040 1712 2074 Diese

897 2088 1138 2123 Erhabenheit
1172 2089 1256 2133 geht
1290 2098 1368 2121 vom
1411 2086 1621 2120 Helmbusch
1656 2085 1711 2120 bis

898 2147 983 2168 vorn
1007 2135 1095 2169 nach
1121 2135 1182 2168 der
1206 2133 1322 2174 Stirn3
1354 2143 1492 2166 woraus
1522 2131 1596 2166 sich
1619 2143 1710 2175 ganz

897 2182 1069 2215 natflrlich
1094 2180 1255 2225 ergiebt,
1291 2179 1371 2212 dass
1396 2189 1497 2212 wenn
1523 2178 1585 2212 der
1609 2177 1709 2212 Helm

896 2225 922 2263 οἱ
933 2239 997 2273 μφ
1010 2228 1062 2273 ίφ
1074 2241 1098 2262 α
1109 2229 1128 2262 λ
1141 2240 1159 2262 ο
1172 2241 1189 2268 ς
1222 2230 1374 2271 genannt
1397 2224 1486 2258 wird
1499 2249 1509 2265 ‚
1543 2223 1606 2258 der
1630 2222 1707 2268 φά-

895 2277 960 2315 λος
984 2275 1129 2315 ebenso‚
1153 2273 1223 2307 wie
1247 2271 1333 2306 nach
1366 2282 1477 2312 vern,
1511 2270 1597 2304 auch
1630 2282 1708 2304 vom

895 2321 1108 2355 Helmbusch
1131 2320 1216 2354 nach
1241 2318 1360 2352 hinten
1382 2317 1457 2351 sich
1479 2316 1710 2351 erstreckte.⁴‘

896 2387 940 2392 —
965 2368 1070 2401 Sch.:
1094 2378 1214 2410 τετρ.
1240 2364 1418 2409 τέσσαρας
1437 2362 1581 2407 φάλους
1603 2362 1708 2407 ἔχου-

895 2425 974 2448 σαν.
1008 2413 1059 2447 sic
1084 2413 1187 2447 etiam
1204 2413 1269 2456 Ap.
1291 2423 1322 2446 ν.
1342 2407 1463 2455 φαλός
1483 2416 1519 2443 et
1538 2408 1707 2454 alin-qua*

895 2460 924 2493 si
949 2459 1038 2493 idem
1062 2459 1110 2493 sit
1135 2457 1255 2502 φάλος
1276 2463 1312 2491 et
1337 2456 1512 2502 φάλαρον
1545 2466 1607 2489 seu
1632 2454 1706 2500 φά-

893 2508 1027 2551 ληρονε
1062 2517 1139 2539 nam
1173 2504 1341 2549 φάληρον
1366 2515 1430 2549 pro
1455 2500 1629 2547 φάλαρον
1651 2502 1706 2536 di-

894 2558 986 2587 ctum
1021 2563 1098 2586 esse
1130 2552 1269 2586 videtur
1301 2549 1425 2585 ionice.
1484 2548 1613 2582 rectius
1642 2559 1706 2582 au-

893 2603 983 2640 tem,
1017 2599 1223 2633 Buttmanno
1245 2595 1383 2641 judice,
1416 2594 1533 2629 schol.
1558 2596 1606 2629 A:
1631 2593 1704 2639 φά-

893 2647 987 2689 λαρα
1011 2645 1047 2680 οἱ
1072 2643 1111 2680 εἶν
1134 2648 1218 2685 ταῖς
1249 2643 1505 2686 παραγναθίσι
1537 2640 1604 2683 (ίπ
1637 2641 1704 2674 den

893 2692 1165 2726 Baclcenthez'len
1184 2692 1243 2724 des
1261 2688 1425 2733 Helmes)
1458 2688 1580 2734 κρίκοι
1610 2686 1705 2729 (an-

891 2739 968 2772 nuli
994 2750 1055 2772 seu
1077 2738 1256 2781 fibulae),
1294 2732 1346 2770 δι’
1374 2729 1428 2769 ὧν
1451 2734 1492 2769 αὶ
1514 2744 1703 2777 παραγνα-

890 2785 997 2825 θίδες
1025 2781 1375 2828 καταλαμβάνονται
1397 2781 1465 2826 τῆς
1499 2791 1702 2823 περικεφα-

890 2833 999 2871 λείας.
1034 2829 1085 2873 π’,
1112 2832 1211 2866 106.:
1245 2826 1419 2872 δεινὴν
1441 2824 1488 2862 δὲ
1512 2825 1595 2869 περὶ
1619 2834 1703 2868 ’¹00³-

889 2876 1045 2923 τάφοισι
1083 2874 1260 2922 φαεινὴ
1286 2873 1447 2920 Πήληξ
1469 2870 1702 2918 βαλλομέ-

889 2934 946 2970 νη
967 2921 1178 2968 καναχὴν
1203 2921 1294 2967 ἔχε·
1319 2918 1524 2967 βάλλετο
1544 2915 1584 2952 δ’
1602 2916 1703 2954 αἰεὶ

889 2967 1122 3017 Καπφάλαρ’
1149 2967 1396 3013 εὐποίητα.
1433 2965 1490 3000 ibi·
1508 2963 1626 3000 Schol.
1649 2965 1701 2998 Β,

1319 3012 1423 3056 19*
