1811 3269
86 175 169 215 13⁰

720 172 1125 214 ΟΜΗΡΟΥ

255 283 414 336 θρέψε,
449 282 554 333 Διὸς
578 281 776 356 θυγάτῃρ
810 282 921 339 (τέκε
951 283 997 327 δὲ
1028 284 1233 336 ζείδωρος
1250 280 1483 338 ”Αρουρα),

256 340 383 385 ud66’
415 340 462 384 ἐν
489 339 677 409 Ἀθήνης
708 344 821 384 εἷσεν
851 340 908 396 ἑῷ
939 340 1002 383 ἐνὶ
1033 342 1154 383 πίονι
1184 344 1277 409 νηῷ

144 403 226 444 550
258 397 445 469 (ἐνθάδε
466 413 540 451 μιν
570 396 774 450 ταύροισι
803 399 873 441 καὶ
906 397 1094 452 ἀρνειοῖς
1125 396 1322 440 ἱλάονται

256 460 433 527 κοῦροι
435 453 707 524 Ἀθηναίων,
737 454 1110 509 περιτελλομένων
1139 454 1387 508 ἐνιαυτῶν),

254 517 343 556 τῶν
375 508 484 580 αυθ,’
515 510 753 576 ἡγεμόνευ’
782 512 880 562 υἱός
912 515 1110 563 Πετεῶο,
1143 510 1407 561 Μενεσθεύς.

254 573 316 629 τῷ
351 566 391 612 δ’
426 565 552 611 οὔπω
583 585 647 619 τις
677 574 832 624 ομοῖος
859 566 1110 623 ἐπιχθόνιος
1139 566 1274 622 γένετ’
1310 567 1421 623 ἀνὴρ

255 615 473 681 κοσμῆσαι
504 627 666 677 ι’ππους
695 642 740 669 τε
770 626 842 669 καὶ
873 625 1031 679 ἀνέρας
1062 624 1348 675 ἀσπιδιώτας·

143 687 225 729 555
257 683 439 736 Νέστωρ
471 687 564 734 οίος
595 683 750 737 ε’ριζεν,
782 682 805 726 ὁ
836 699 921 738 γαρ
953 681 1295 751 προγενέστερος
1325 676 1413 736 ἦεν.

255 744 316 799 τῷ
348 737 394 782 δ’
430 738 525 812 ἅμα
549 740 821 795 πεντήκοντα
851 739 1051 795 μέλαιναι
1079 743 1182 794 νῆες
1212 739 1383 781 ε’.ποντο

337 797 447 847 Αἴας
480 795 525 841 δ’
554 797 602 840 ἐκ
631 801 886 868 Σαλαμῖνος
917 796 1021 852 α’γεν
1051 797 1318 840 δυοκαίδεκα
1348 799 1469 850 νῆας.

222 856 398 910 [στῆσε
430 851 474 896 δ’
488 851 650 924 α’γων,
678 851 739 896 t'v’
770 853 1018 915 Ἀθηναίων
1048 855 1223 896 ἵσταντο
1255 850 1505 921 φάλαγγες]

337 913 393 954 Οἱ
424 909 468 954 6'
488 908 650 967 ”Λργος
678 908 720 954 τ’
753 915 895 967 εἰχον,

81 1036 138 1070 26.
175 1034 263 1069 idem
290 1037 390 1070 Paus.
419 1038 459 1077 1,
483 1035 529 1079 5,
553 1037 606 1071 2.
630 1032 825 1096 Ἐρεχθεύς
853 1035 891 1072 τὲ

81 1080 180 1117 ἐστιν
206 1080 245 1116 ἐν
270 1087 350 1123 τοῖς
368 1080 585 1138 ἐπωνύμοις
618 1081 774 1140 (ἥρωσιν
797 1083 891 1119 ἐπω-

80 1129 226 1184 νύμοις,
251 1128 307 1180 ἀφ
354 1129 406 1163 ὠν
428 1126 640 1172 Ἀθηναίοις
663 1130 820 1174 ὕστερον
844 1128 890 1165 τά

81 1171 248 1219 ὀνόματα
282 1175 388 1219 ἔσχον
418 1176 458 1210 αὶ
493 1177 624 1231 φυλαί,
666 1177 712 1211 ib.
743 1178 816 1220 1.),
854 1189 893 1216 ος

81 1220 247 1266 ἐνίκησεν
286 1221 532 1263 Ἐλευσινίους
565 1221 691 1281 μάχῃ,
733 1225 795 1257 καὶ
827 1222 894 1259 τὸν

81 1267 288 1324 ἡγούμενον
326 1265 536 1305 ἀπέκτεινεν
565 1268 790 1315 Ἰμμάραδον
828 1267 894 1304 τὸν

83 1312 298 1358 Εὐμόλπου.

126 1360 206 1396 548.
254 1361 499 1405 ζείδωρος
541 1358 564 1406 ἡ
596 1359 638 1396 τὸ
663 1363 729 1407 ζῇν
755 1362 896 1416 δωρου-

81 1406 173 1451 μένη
198 1407 256 1452 γῆ.
287 1409 353 1462 Ap.
387 1408 438 1441 sic
469 1407 571 1442 etiam
603 1408 779 1453 Hesy.ch·
769 1433 779 1450 ,
815 1409 897 1443 item

83 1455 218 1499 Etqu
240 1453 298 1498 qui
323 1460 437 1488 tamen
462 1460 497 1487 et
521 1454 664 1488 alteram
689 1455 897 1489 notationem

83 1512 104 1534 a
127 1501 205 1546 ζειᾷ
230 1501 373 1545 profert.
424 1500 466 1534 ad
485 1501 651 1534 Venerem
673 1501 736 1534 hoc
761 1501 896 1546 epithe-

82 1551 145 1581 ton
167 1546 344 1580 transtulit
368 1546 594 1591 Empedocles
618 1558 674 1592 ap.
692 1547 896 1582 Plut.Erot.

84 1604 119 1638 p.
138 1593 229 1635 756,
254 1593 294 1627 Ε.
329 1593 383 1625 Ex
408 1593 455 1627 H.

129 1638 210 1674 549.
259 1639 492 1672 Erechtheum
504 1637 647 1671 Athenis
671 1637 706 1671 in
732 1637 817 1672 aede
835 1648 898 1671 sua

83 1685 270 1719 collocasse
301 1684 428 1718 (licitur
463 1684 643 1725 Minerva,
680 1685 712 1717 h.
747 1697 777 1718 e.
812 1683 898 1717 effe-

85 1732 194 1773 cisse,
219 1737 256 1765 nt
280 1732 352 1775 ejus
377 1731 590 1765 simulacrum
609 1730 643 1764 in
659 1731 785 1764 sacello
806 1741 897 1775 quo-

84 1778 160 1812 dam
186 1779 258 1821 ejus
281 1777 399 1821 templi
414 1777 647 1811 dedicaretur.
674 1776 798 1810 deinde
815 1787 897 1821 pro-

82 1824 171 1877 prio
191 1823 410 1857 Erechtheus
446 1824 571 1867 templo
606 1824 795 1856 honoratus
831 1826 896 1863 est,

81 1869 242 1914 contiguo
269 1869 449 1903 Minervae
474 1869 647 1909 poliadis,
686 1869 776 1914 quod
809 1872 896 1901 tem-

82 1916 172 1961 plum
209 1915 408 1949 memoravit
436 1915 590 1957 Herod.,
616 1914 706 1948 vidit
730 1915 834 1948 Paus.
860 1914 897 1947 ll.

84 1974 135 1996 cc.
147 1988 158 2006 ,
194 1962 359 2006 cujusque
393 1961 573 1994 etiamnum
598 1960 746 2004 vestigia
770 1971 894 2005 super-

81 2019 160 2043 esse
195 2014 338 2052 putant,
379 2007 441 2040 sed
473 2007 517 2041 ad
549 2006 741 2040 Pericleum
775 2017 896 2040 aevum

82 2054 275 2089 referenda.
306 2065 341 2087 v.
366 2053 400 2086 H
426 2054 469 2086 ad
489 2053 646 2097 Apollod.
665 2065 697 2099 p.
717 2051 795 2088 845.
822 2052 896 2097 ipse

82 2101 184 2136 Hom.
210 2100 339 2144 odyss.
366 2099 412 2144 η’,
438 2101 480 2134 81
502 2092 898 2133 MinervamErechthei

84 2147 202 2181 aedem
229 2146 372 2179 Athenis
397 2145 547 2179 subiisse
571 2146 643 2186 ait,
679 2146 712 2178 in
740 2157 806 2189 quo
840 2156 898 2178 sa-

84 2205 176 2228 crum
209 2193 306 2226 heroi·
334 2191 542 2237 periodicum
570 2170 646 2225 fieri
677 2192 812 2225 solitum
843 2202 900 2224 es-

84 2251 121 2273 se
154 2238 332 2283 significat
366 2239 445 2273 550.
470 2243 506 2271 et
528 2248 625 2281 sequ.
675 2238 721 2272 cs.
745 2238 790 2271 H.
816 2238 850 2270 h.
874 2237 897 2270 l.

83 2291 119 2320 et
141 2285 274 2319 Herod.
298 2285 343 2325 5,
368 2286 424 2319 82.
459 2303 502 2308 -
543 2287 688 2318 πίονι.
722 2281 806 2318 ἀντὶ
830 2284 900 2318 τοῦ

83 2332 245 2376 πλουσίῳ
270 2329 332 2366 καὶ
359 2327 566 2374 εὐδαίμονι.
590 2330 672 2363 Sch.
708 2330 899 2364 Partheno-

84 2390 126 2412 ne
150 2378 185 2412 in
218 2389 298 2411 arce
330 2377 557 2411 Athenarum.
602 2388 637 2412 v.
670 2377 772 2411 Paus.
800 2379 833 2412 1.
867 2389 898 2411 c.

84 2424 141 2460 24.
167 2428 234 2458 etc.

130 2472 210 2505 550.
258 2467 363 2513 μὶν,
406 2467 641 2501 Erechtheum
677 2468 825 2503 heroem.
854 2487 900 2494 -—·

86 2517 187 2550 Sch.:
216 2515 311 2560 ἀρν.
345 2513 501 2559 ἁρνοῖς,
526 2518 655 2558 κριοῖς.

130 2575 210 2610 552.
261 2573 449 2608 Πετεῶο
468 2583 531 2617 pro
550 2569 689 2612 Πετεώ,
709 2567 900 2611 ειΠετεώς,

84 2620 270 2654 secundum
310 2618 556 2653 Herodianum.
618 2617 677 2651 alii
710 2617 827 2650 aliter:
865 2629 899 2650 v.

85 2666 140 2709 H,
166 2666 292 2699 Matth.
317 2669 349 2708 ἓ.
378 2667 447 2705 70,
475 2669 506 2702 1.
498 2689 526 2706 .,
563 2665 633 2698 Th.
684 2662 798 2698 247.
833 2668 899 2699 etc.

85 2712 194 2746 simile
216 2713 408 2752 Πηνελεῶο
432 2709 473 2753 ξ’,
491 2711 571 2746 489.
608 2711 653 2746 cs.
658 2676 724 2752 p6‚
750 2711 817 2745 327
831 2714 896 2743 etc.

85 2779 127 2783 —
155 2758 311 2800 „Thesei
339 2757 404 2791 filii
431 2760 572 2791 Acamas
597 2761 633 2790 et
660 2756 898 2809 Demophoon,

87 2815 173 2850 quos
204 2804 354 2838 seriores
385 2803 419 2836 in
453 2804 554 2836 rebus
584 2801 748 2846 Trojanis
773 2813 898 2835 memo—

85 2855 177 2891 rant,
202 2852 246 2885 ab
272 2851 420 2884 Homero
438 2850 649 2893 ignorantur.
676 2848 897 2882 Menestheus

87 2907 198 2942 genus
230 2896 379 2930 ducebat
415 2897 457 2928 ab
493 2895 692 2929 Erechtheo
730 2906 791 2939 per
827 2894 898 2926 Or-

88 2952 205 2982 neum‚
237 2942 333 2976 Petei
359 2946 504 2986 patrem.
539 2941 721 2974 exularant
741 2944 842 2985 pater
861 2942 897 2973 et

87 2989 178 3022 filius
202 2989 367 3032 Athenis,
393 2987 495 3030 ejecti
519 2987 594 3020 sive
619 2988 662 3019 ab
687 2988 823 3030 Aegeo,
847 2985 899 3019 si-

88 3046 131 3067 ve
155 3045 175 3068 a
200 3035 351 3068 Theseo.
399 3034 505 3068 Paus.
531 3036 594 3073 10,
617 3033 688 3074 35.
712 3033 744 3066 Ε
769 3044 802 3077 p.
816 3031 896 3068 284.

933 909 1138 966 Τίρυνθά
1168 926 1213 953 τε
1239 908 1518 965 τειχιόεσσαν,

939 1040 1103 1071 extrema.
1152 1047 1228 1070 mox
1254 1036 1480 1069 Menestheus
1516 1034 1626 1068 redux
1660 1035 1757 1069 The-

939 1094 998 1116 seo
1024 1082 1213 1123 successit,
1240 1087 1274 1116 et
1298 1083 1333 1115 in
1358 1081 1471 1115 reditu
1497 1093 1517 1115 a
1537 1081 1647 1124 Troja
1665 1093 1756 1114 mor-

938 1133 1017 1162 tuus
1043 1128 1333 1172 Demophoontem
1358 1139 1593 1162 successorem
1623 1127 1757 1161 habuit.

940 1176 1031 1209 Plut.
1052 1175 1191 1208 Theseo
1214 1177 1332 1209 extr.“
1359 1175 1412 1207 Ex
1432 1174 1479 1208 H.

985 1233 1066 1268 554.
1112 1243 1244 1276 κοσμ.
1288 1231 1483 1274 διατάξαι,
1515 1230 1756 1264 καθοπλίσαι.

942 1279 1023 1312 Sch.
1075 1279 1269 1318 ἵᾝππους
1297 1278 1444 1318 ιππεῑς,
1470 1279 1503 1311 1ι.
1529 1289 1560 1311 e.
1587 1276 1630 1309 de
1653 1286 1756 1309 curru

944 1331 1153 1369 pugnantes,
1197 1324 1290 1370 quod
1325 1335 1433 1367 genus
1466 1322 1547 1357 belli
1586 1321 1758 1377 equestris

943 1371 1107 1405 usitatum
1127 1370 1194 1404 fuit
1213 1372 1281 1404 isto
1299 1371 1428 1405 seculo.
1453 1389 1497 1394 —
1519 1367 1622 1404 οἷσπ.
1649 1365 1757 1402 ἀσπι-

945 1415 1159 1461 δοφόρους,
1186 1414 1349 1457 ὁπλίτας.
1382 1428 1417 1450 v.
1446 1415 1562 1449 Schol.
1589 1415 1702 1448 'Ihuc.
1721 1416 1757 1468 2,

944 1463 1001 1499 41.
1013 1489 1022 1505 ,
1045 1475 1083 1523 p.
1105 1465 1182 1499 630.
1208 1464 1339 1498 Duker.
1361 1463 1414 1497 ed.
1447 1460 1499 1507 π’,
1521 1463 1622 1498 167..
1648 1457 1757 1515 ὀτρύ-

942 1511 1184 1590 ἷωνιῗππους
1205 1524 1242 1546 τε
1264 1510 1325 1545 καὶ
1354 1508 1489 1555 ἀνέρας
1514 1505 1756 1550 ασπιδιώτας.

977 1569 998 1589 ,Γ

989 1614 1069 1648 558.
1118 1613 1237 1658 putide
1269 1613 1396 1647 dictum
1430 1614 1537 1656 στῆσε
1570 1608 1614 1647 δ’
1643 1609 1758 1668 ἄγων,

944 1671 1136 1718 vereorque
1171 1672 1214 1693 ne
1251 1661 1443 1704 ponendum
1485 1659 1532 1693 sit
1574 1658 1682 1714 στῆσε
1715 1654 1755 1692 6'

945 1719 990 1750 αγ
994 1705 1060 1740 (ἦν’
1067 1730 1074 1738 .
1110 1717 1143 1739 v.
1163 1705 1219 1750 ψ’,
1243 1709 1310 1746 23,
1335 1708 1427 1746 258,
1452 1706 1557 1739 Schn.
1584 1717 1618 1740 v.
1642 1702 1756 1749 ἅγιόν.

944 1752 1089 1793 Quintil.
1114 1753 1160 1794 5,
1189 1755 1253 1794 11,
1277 1753 1355 1789 4o.=
1387 1764 1497 1796 neque
1524 1757 1575 1785 est
1603 1751 1758 1796 ignobile

943 1800 1152 1842 exemplum,
1188 1800 1374 1843 Megareus
1405 1800 1448 1831 ab
1477 1798 1756 1838 Atheniensibus,

944 1857 1019 1878 cum
1055 1846 1096 1878 dc
1132 1847 1311 1879 Salamine
1355 1846 1618 1884 contenderent,
1651 1845 1758 1878 victos

943 1892 1087 1925 Homeri
1115 1903 1239 1932 versu3
1274 1892 1333 1935 qui
1362 1897 1481 1924 tamen
1517 1892 1591 1935 ipse
1625 1902 1694 1923 non
1719 1891 1757 1924 in

942 1939 1035 1971 omni
1064 1938 1214 1971 editione
1242 1938 1434 1982 reperitur,
1458 1938 1681 1982 significans,
1707 1938 1757 1970 A-

933 1985 1051 2027 jacem
1073 1995 1180 2017 naves
1204 1996 1287 2018 suas
1309 1984 1571 2017 Atheniensibus
1588 1983 1757 2026 junxisse.

943 2031 1073 2064 Strabo
1093 2032 1127 2072 9,
1155 2032 1186 2065 1.
1199 2043 1207 2063 2
1231 2030 1293 2066 καὶ
1314 2032 1385 2066 νῦν
1405 2027 1448 2074 μὲ
1434 2043 1472 2064 ν
1491 2029 1637 2084 ἔχουσιν
1653 2027 1758 2073 Ἀθη-

942 2081 1046 2113 ναῖοι
1078 2077 1146 2121 τὴν
1171 2076 1389 2134 νῆσον·τὸ
1409 2074 1450 2111 δε
1481 2072 1647 2112 παλαιόν
1664 2075 1758 2120 πρὸς

943 2123 1140 2168 Μεγαρέας
1160 2120 1322 2168 υπῆρξεν
1342 2122 1472 2162 αυτοῖς
1490 2122 1564 2166 ε’ρις
1583 2121 1666 2165 περὶ
1687 2136 1757 2157 αυ-

943 2172 1027 2213 τῆς,
1047 2171 1111 2204 καί
1129 2182 1244 2214 φασιν
1266 2171 1302 2204 02
1322 2169 1365 2214 μὲ
1369 2183 1389 2203 ν
1408 2168 1757 2213 Πεισίστρατον,οὶ

945 2215 984 2253 δὲ
1000 2216 1166 2257 Σόλωνα,
1188 2215 1519 2275 παρεγγρᾷψαντα
1528 2215 1567 2251 ἐν
1591 2217 1643 2261 τῷ
1663 2217 1759 2251 νεῶν

944 2261 1133 2308 καταλόγῳ
1157 2262 1250 2307 μετὰ
1275 2263 1318 2299 τὸ
1345 2263 1432 2302 επος
1450 2264 1562 2299 τοῦτο
1586 2263 1758 2302 Αἴας-

945 2311 1062 2369 νῆΗας
1096 2310 1179 2353 ἑξῆς
1213 2312 1327 2345 τοῦτο
1361 2311 1499 2354 στῆσε
1541 2306 1580 2345 δ’
1616 2305 1757 2365 ἄγων,

945 2356 1005 2392 ι”ν
1033 2356 1303 2401 Ἀθηναίων
1338 2358 1532 2392 ι’σταντο
1574 2354 1757 2400 φάλαγ-

944 2415 1030 2460 γες,
1055 2402 1213 2448 μάρτυρι
1237 2402 1446 2462 χρησασθαι
1459 2417 1509 2438 τω
1528 2403 1667 2460 ποιητῇ
1686 2402 1757 2437 τοῦ

944 2449 1012 2495 τήν
1028 2453 1143 2496 νῆσον
1161 2449 1198 2493 ἐξ
1218 2464 1328 2496 αρχης
1347 2440 1556 2495 Ἀθηναίων
1579 2446 1756 2493 νπάρξαι.

945 2516 990 2522 --
1014 2496 1146 2541 plura
1137 2509 1171 2530 in
1207 2497 1298 2531 hanc
1332 2509 1402 2531 rem
1428 2497 1589 2531 dixerunt
1612 2496 1669 2537 H,
1700 2496 1754 2537 W,

944 2543 1016 2584 U.;
1054 2544 1119 2577 hoc
1153 2555 1220 2577 non
1245 2544 1427 2585 dixerunt,
1462 2542 1554 2588 quod
1578 2553 1661 2575 vere
1685 2540 1756 2574 dici

945 2600 1046 2634 posse
1070 2589 1240 2629 arbitror,
1273 2590 1426 2623 inutilem
1461 2600 1537 2622 esse
1561 2589 1650 2621 hunc
1673 2598 1754 2620 ver-

945 2647 1030 2677 sum,
1054 2635 1357 2693 scribendumque,
1381 2634 1510 2679 junctis
1536 2633 1668 2666 duobus
1696 2644 1754 2666 su·
1782 2660 1786 2675 ι

946 2682 1161 2726 perietibus:
1187 2701 1232 2706 --
1252 2681 1406 2717 ἕποντο·
1432 2680 1521 2721 Αἴας
1545 2677 1584 2714 δ’
1609 2677 1648 2714 ἐκ
1660 2680 1753 2713 Σαλ.
1782 2679 1785 2707 :

947 2734 1033 2769 etc„
1059 2735 1095 2761 ut
1117 2727 1224 2772 possit
1245 2728 1390 2771 intelligi
1420 2728 1471 2772 τῷ
1496 2724 1537 2761 δ’
1562 2739 1650 2771 αγεν
1673 2730 1739 2758 etc.
1731 2748 1754 2765 .‚

945 2775 1093 2808 adduxit
1116 2775 1190 2815 illi,
1225 2774 1452 2813 Menesthe03
1484 2783 1675 2818 quanquam
1709 2782 1753 2804 ne

943 2821 978 2854 id
1000 2820 1137 2865 quidem
1166 2820 1243 2853 fieri
1271 2820 1499 2854 necessarium
1525 2826 1590 2853 est.
1638 2816 1754 2852 omisit

944 2878 1079 2901 versum
1104 2866 1244 2900 Vratisl.
1272 2867 1326 2907 1);

942 2913 1044 2958 lejum
1068 2913 1103 2946 in
1128 2913 1284 2957 margine
1308 2912 1519 2957 adscriptum
1543 2911 1658 2945 habet.

990 2984 1070 3018 559.
1106 2980 1146 3018 ’Ἀ
1157 2996 1176 3026 ρ
1188 2995 1208 3026 y
1219 2995 1238 3016 o
1251 2995 1278 3022 ς.
1310 2981 1447 3021 urbem,
1474 2991 1543 3014 non
1565 2978 1752 3023 regionem.

944 3029 1066 3074 Argis,
1091 3030 1181 3075 quod
1198 3027 1309 3063 Danai
1333 3026 1464 3072 posteri
1479 3037 1591 3072 usque
1608 3024 1652 3059 ad
1666 3023 1752 3058 Per·
1803 3075 1806 3083 ,

1361 2866 1526 2899 cantabr.
1561 2876 1616 2909 ap.
1643 2864 1752 2897 Bent-
1809 2895 1811 2910 ι
