1811 3269
66 163 149 201 164

705 160 1102 202 OMHPOY

239 268 352 327 ἀμφί
383 286 426 314 τε
463 269 715 325 Παρθένιον
746 272 944 339 ποταμόν
975 273 1108 315 κλυτά
1142 270 1305 327 δώματ’
1340 289 1383 314 ει
1390 288 1498 324 mov

123 330 205 372 855
238 328 465 398 Κρῶμνάν
494 327 554 378 τ’,
587 325 798 382 Αἰγίαλόν
827 344 892 382 τε,

923 330 994 371 καὶ
1026 329 1223 383 ὑψηλοὺς
1249 328 1518 385 Ἐρυθίνους.

319 383 474 453 ᾼύτοὶρ
496 383 737 436 Ἁλιζώνων
763 383 904 436 Ὀδίος
934 387 1008 428 καὶ
1034 384 1320 440 Ἐπίστροφος
1348 388 1498 440 ἦρχον,

234 440 423 498 τηλόθεν
454 441 495 491 ἐξ
521 438 726 510 Ἀλύβης,
759 440 867 485 ὅθεν
897 441 1095 496 ἀργύρου
1124 441 1212 484 ἐστὶ
1240 442 1436 497 γενέθλη.

321 501 497 541 Μυσῶν
528 497 574 540 δὲ
605 496 775 553 Χρόμις
803 501 908 566 ἠρχε
938 500 1010 541 καὶ
1029 497 1246 553 ’Έννομος
1278 497 1527 554 οἰωνιστής·

236 553 331 597 ἀλλ’
365 551 449 597 οὐκ
483 556 706 598 οἰωνοῖσιν
736 554 948 610 ἐρύσσατο
982 557 1111 611 Κηρα
1142 556 1364 609 μέλαιναν,

121 616 204 658 860
236 609 329 653 ἀλλ’
363 610 500 666 ἐδάμη
529 610 618 656 ὑπὸ
648 612 767 667 χερσὶ
797 611 1023 661 ποδώκεος
1055 612 1270 654 Αἰακίδαο

233 668 280 710 ἐν
309 672 512 735 ποταμῷ,
545 667 620 712 ὅθι
650 684 730 722 περ
767 672 915 726 Τρῶας
945 668 1112 740 κεράϊζε
1142 668 1216 710 καὶ
1247 666 1418 718 ἄλλους.

319 712 499 778 Φόρκυς
528 727 586 768 αὐ
620 725 799 779 Φρύγας
831 727 907 780 ἠγε
939 726 1013 768 καὶ
1036 723 1265 774 Ἀσκάνιος
1293 722 1494 779 θεοειδὴς

233 781 333 837 τῆλ’
363 781 406 833 ἐξ
431 779 678 839 Ἀσκανίης·
716 782 914 837 μέμασαν
946 780 990 825 δ’
1021 781 1175 836 ὑσμῖνι
1205 781 1433 836 μάχεσθαι.

319 837 502 896 Μῃοσιν
535 840 592 882 αὐ
624 837 833 894 Μέσθλης
863 855 907 882 τε
937 838 1012 882 καὶ
1028 838 1242 894 ’Ἄντιφος
1269 837 1538 894 ἡγησασθην,

62 941 212 982 dicitur,
238 946 274 975 et
297 939 339 976 τό
365 941 555 984 Κύτωρον.
592 952 626 974 v·
656 941 687 974 Ε
713 946 748 975 et
773 942 876 975 Was-

62 989 219 1033 senberg.
249 1000 268 1021 e
293 987 315 1022 4
338 990 544 1027 κατοικίαις
576 987 650 1020 sive
683 987 780 1032 pagis
808 991 874 1021 Se-

62 1046 180 1075 smno,
211 1034 353 1077 Cytoro,
391 1036 538 1067 Cromna
564 1038 599 1066 et
637 1034 717 1066 Tieo
753 1040 875 1078 postea

61 1080 211 1114 conflata
238 1086 291 1113 est
325 1080 514 1120 Amastris,
547 1079 778 1124 Sesamusque
812 1092 875 1125 pro

62 1137 143 1160 arce
168 1127 240 1170 ejus
266 1126 418 1161 civitatis
443 1127 571 1160 habita.
622 1126 738 1159 Strab.
764 1126 811 1162 ib.
840 1139 873 1172 p.

62 1174 151 1212 820,
187 1173 225 1206 B.

109 1219 189 1253 855.
238 1213 316 1261 ὖψ.
346 1215 388 1252 'E
401 1230 432 1261 ρ.
475 1217 637 1260 Erythim'
658 1218 782 1258 colles,
816 1217 875 1262 qui

62 1263 247 1309 Erythrini
271 1268 350 1297 sunt
374 1264 538 1297 Straboni
565 1265 618 1298 12.
644 1275 678 1308 p.
705 1265 790 1301 820,
818 1265 873 1306 C.‚

61 1322 181 1344 nomen
206 1315 385 1342 traxerunt
411 1321 430 1342 a
454 1310 558 1342 rubro
583 1309 697 1342 colore
727 1309 814 1350 soli,
839 1316 875 1342 ut

62 1356 211 1389 tradidit
255 1355 370 1388 Schol.
409 1354 581 1398 Apollonii
617 1355 728 1389 Rhod.
764 1355 807 1388 ad
840 1357 874 1395 2,

62 1402 145 1438 943.
161 1420 205 1426 —
230 1400 476 1434 desiderabant
499 1400 567 1490 hicy
568 1401 716 1455 quidam
741 1400 876 1434 Cauco-

63 1460 137 1488 nes,
160 1458 225 1480 non
250 1447 354 1480 Eleos
379 1448 475 1491 (Ody
473 1458 526 1479 55.
581 1448 715 1488 ,.,366
741 1447 875 1480 Callim.

64 1495 100 1528 h.
122 1494 157 1526 in
180 1493 257 1527 Jov.
284 1493 378 1536 39.),
402 1495 462 1526 sed
489 1493 579 1533 illos,
604 1494 661 1537 qui
687 1505 779 1526 oram
805 1505 876 1526 ma-

63 1540 209 1574 ritimam
229 1551 249 1572 a
274 1539 513 1583 Mariandynis
537 1550 646 1582 usque
671 1540 714 1572 ad
728 1539 874 1572 Parthe-

64 1586 155 1620 nium
179 1586 215 1618 fl.
242 1585 437 1625 incoluere,
468 1585 650 1618 Strabonis
676 1591 786 1618 autem
817 1597 875 1618 ae—

64 1638 138 1665 tate
162 1630 346 1664 desierant.
398 1642 540 1674 quorum
565 1631 651 1663 male
674 1631 874 1664 feriatorum

65 1677 313 1717 Callisthenes,
358 1678 417 1721 qui
458 1687 514 1708 res
548 1676 721 1720 Trojanas
758 1677 876 1720 attigit

65 1726 117 1765 (v.
138 1723 274 1766 Heynei
300 1702 447 1755 kxcurs.
471 1725 499 1756 1.
526 1723 568 1756 ad
594 1724 666 1755 Aen
697 1724 764 1767 2),
790 1722 875 1756 duo-

63 1770 128 1803 bus
170 1768 328 1802 versibus
361 1768 539 1822 trajeectiS,
587 1768 772 1823 additoque
807 1780 874 1802 uno

63 1814 323 1859 αντοποιήτιο,
369 1814 531 1871 scripsit.
567 1834 612 1838 -
641 1811 874 1857 Ἐρυθίιονς.

63 1861 268 1901 Καύκωνας
295 1856 381 1894 αντ’
409 1861 472 1904 ἦγε
498 1861 702 1902 Πολυκλέος
727 1860 808 1901 vids
833 1860 877 1895 ἆ-

63 1921 215 1964 μυμων,
256 1907 302 1942 Οἱ
334 1907 416 1949 περὶ
458 1907 675 1950 Παρθένιον
707 1905 877 1950 ποταμὸν

63 1953 177 1990 κλυτὰ
214 1950 359 1996 δωματ’
397 1953 534 1987 ἔναιον.
576 1965 607 1986 v.
640 1954 754 1987 Strab.
782 1956 814 1989 8.
842 1965 876 1998 Ρ.

64 2004 145 2040 531,
175 2002 212 2041 Α,
241 2001 279 2040 Β,
305 2005 339 2032 et
365 2001 419 2034 12-
447 2011 479 2043 Ρ.
501 2000 580 2034 817.
601 2010 696 2044 seqq.

111 2048 191 2082 856.
234 2024 363 2087 εἈλιζ.
402 2045 466 2088 (cf.
494 2042 532 2086 ε’,
557 2046 634 2088 39.)
667 2057 785 2079 nomen
812 2046 877 2080 ali-

64 2094 156 2128 unde
175 2093 347 2136 ignotum,
371 2090 490 2135 itaque
508 2102 573 2124 non
596 2103 662 2125 uno
681 2093 778 2125 modo
799 2096 876 2125 ten

65 2146 172 2174 tatum
199 2151 218 2172 a
243 2144 326 2172 vett.
348 2137 502 2171 criticis.
533 2138 760 2182 probabiliter
779 2139 876 2171 Stra-

65 2187 108 2220 bo
132 2186 235 2218 Haliz
239 2196 317 2217 ones
339 2183 474 2216 eosdem
496 2194 571 2216 esse
591 2189 708 2217 censet
723 2196 763 2217 ac
784 2184 876 2217 Cha-

65 2233 183 2277 lybes,
225 2230 283 2275 qui
318 2229 441 2262 deinde
475 2229 641 2263 Chaldaei
676 2230 759 2263 dicti
784 2235 875 2270 sunt,

67 2279 162 2312 circa
192 2275 440 2315 Phamaciam3
477 2276 571 2319 cujus
605 2277 743 2320 generis
768 2277 877 2310 nomi-

67 2335 144 2358 num
171 2322 376 2356 mutationes
401 2321 517 2366 plures
552 2321 599 2354 ibi
630 2327 802 2355 memorat.
843 2333 876 2355 v.

67 2370 185 2403 Strab.
210 2370 264 2409 12,
288 2369 322 2403 3.
349 2379 384 2412 Ρ.
405 2369 484 2403 826.
509 2367 550 2407 C,
579 2368 630 2401 14
651 2380 683 2413 Ρ.
701 2370 877 2412 995seqq.

68 2421 105 2450 et
129 2416 174 2448 cf.
201 2415 246 2448 H.
281 2434 326 2438 -
358 2413 400 2446 de
428 2413 514 2446 Odio
539 2413 582 2446 cf.
610 2413 648 2456 ε’,
673 2416 730 2450 39.
773 2415 879 2448 Odius

69 2473 194 2507 praeco
222 2464 428 2493 memoratur
459 2456 494 2500 ι’,
522 2460 599 2493 170.
635 2466 687 2493 est
725 2465 760 2493 et
793 2461 878 2494 alius

69 2507 316 2551 Epistrophus,
342 2506 546 2538 Boeotorum
571 2505 660 2547 dux,
685 2507 879 2551 tertiusque

68 2553 282 2609 Lyrnessius
298 2552 378 2587 517.
406 2555 440 2584 et
464 2552 543 2585 693.

115 2599 194 2634 857.
244 2596 288 2639 ἐξ
310 2595 381 2631 'AL
407 2609 447 2630 ex
468 2598 579 2639 Alyba
597 2609 658 2630 seu
676 2603 770 2631 terra
789 2598 881 2631 Cha-

69 2645 204 2689 lybum,
239 2655 382 2688 quorum
417 2643 573 2684 metalla,
617 2643 693 2676 olim
734 2650 878 2688 argento

68 2691 230 2731 fecunda,
256 2694 375 2733 postea
395 2689 608 2730 defecerunt,
631 2689 783 2731 ferrique
802 2697 879 2723 tan-

70 2743 141 2770 tum
166 2741 336 2780 proventu
363 2735 635 2768 celebrabantur
662 2748 695 2768 v.
719 2736 880 2781 Xenoph.

70 2783 180 2817 Anab.
209 2782 252 2823 5,
277 2781 311 2817 5.
345 2781 455 2834 princ.
491 2800 527 2804 —
569 2782 652 2816 Sch
688 2777 804 2816 ὅθεν
841 2801 880 2807 -

70 2841 91 2873 y
106 2841 121 2863 ε
134 2841 168 2862 ν.
194 2840 288 2862 οπον
314 2825 504 2882 κάλλιστος
522 2824 680 2871 ἄργυρος
699 2829 881 2872 γεννᾶται.

70 2873 225 2918 γενέθλη
242 2871 312 2917 γὰρ
332 2869 354 2927 ᾗ
375 2872 550 2917 γέννησις.

119 2922 198 2956 858.
252 2920 342 2962 Mysi
367 2920 399 2952 h.
426 2919 449 2952 l.
474 2919 578 2952 Asiae
612 2924 690 2952 sunt
723 2920 882 2964 populus,

73 2966 138 3000 etsi
164 2965 365 3010 Europaeos
388 2976 524 3009 quoque
551 2964 692 3008 Mysos,
716 2965 796 2999 lstri
823 2977 882 2999 ac-

73 3011 186 3052 colas,
210 3012 348 3045 novisse
370 3010 508 3045 videtur
532 3010 586 3044 hic
611 3016 736 3045 noster.
762 3010 824 3055 (ν’,

924 942 969 975 cf.
994 942 1111 975 Strab.
1136 942 1170 977 7.
1195 939 1352 986 p453.)
1377 943 1475 973 erant
1499 943 1613 972 autern
1637 937 1729 981 Mjsi

923 988 1075 1021 Thracia
1100 987 1210 1032 stirpe
1235 988 1312 1021 orti.
1338 986 1482 1029 (Strab.
1511 987 1563 1020 12.
1589 995 1620 1028 p
1649 985 1728 1019 856.

922 1046 1017 1079 sequ
1043 1045 1076 1078 p.
1101 1035 1189 1075 816,
1215 1034 1255 1067 C
1301 1034 1385 1066 fines
1418 1033 1473 1076 M)
1473 1032 1554 1065 siae
1588 1029 1731 1063 Homeri

922 1091 1007 1113 aevo
1040 1081 1091 1113 ita
1123 1079 1352 1113 constituendi
1378 1089 1454 1111 esse
1459 1045 1660 1116 >videntur,
1692 1081 1731 1109 ut

923 1127 966 1159 ab
986 1126 1081 1159 ostiis
1102 1126 1227 1170 Aesepi
1253 1125 1287 1159 fl
1317 1125 1358 1159 ad
1376 1124 1559 1168 Olympum
1580 1134 1622 1156 m.
1649 1132 1730 1167 per—

920 1172 1056 1216 tingere
1088 1172 1245 1205 dicantur
1272 1171 1373 1215 (ibid.
1402 1182 1433 1214 p.
1463 1169 1554 1209 847,
1581 1171 1629 1209 A,
1656 1168 1729 1211 Β.)

921 1229 1044 1251 versus
1085 1217 1351 1263 septentrionem
1386 1221 1496 1249 autem
1536 1226 1644 1258 usque
1685 1214 1729 1247 ad

921 1263 1102 1297 Ascanium
1134 1265 1242 1297 lacum
1277 1262 1426 1296 extendi
1477 1261 1521 1294 cf.
1557 1262 1636 1295 862.
1672 1261 1728 1293 di-

921 1321 1023 1343 versa
1049 1322 1085 1343 es
1072 1315 1100 1342 st
1129 1310 1244 1353 ‘Mysia
1269 1308 1378 1341 serius
1405 1306 1499 1340 dicta
1522 1306 1556 1338 in
1589 1305 1732 1350 regione

922 1356 1183 1400 Adramyttena.
1209 1355 1343 1397 (Strab.
1365 1365 1398 1398 Ρ.
1413 1353 1493 1393 912,
1510 1352 1552 1392 Β,
1579 1354 1658 1394 863,
1672 1351 1730 1395 C.)

922 1407 1104 1447 praeterea
1129 1400 1221 1444 Mysi
1244 1399 1357 1444 sparsi
1380 1411 1443 1444 per
1467 1398 1612 1443 Lydiam
1635 1378 1733 1432 h’abi-

921 1452 1063 1489 tarunt,
1107 1447 1224 1480 eodem
1261 1446 1431 1480 Strabone
1461 1450 1552 1479 teste
1583 1456 1617 1489 p.
1651 1446 1732 1480 931.

921 1505 1017 1537 sequ.
1071 1493 1225 1526 Chromis
1253 1491 1296 1535 ρ’,
1328 1493 1408 1528 218.
1439 1496 1585 1525 vocatur
1620 1491 1734 1525 Chro-

921 1539 1027 1579 mius,
1063 1539 1157 1582 cujus
1191 1538 1333 1572 nominis
1367 1539 1482 1582 plures
1506 1544 1733 1571 memorantur

923 1596 978 1628 ap.
999 1586 1110 1624 Hom,
1135 1585 1224 1618 sicut
1250 1585 1351 1618 etiam
1373 1584 1461 1617 alius
1482 1583 1667 1622 Ennomus,
1687 1584 1731 1616 ab

923 1631 1048 1674 Ulysse
1067 1642 1208 1671 caesus,
1235 1630 1276 1671 λ’,
1302 1632 1381 1665 429.
1406 1649 1451 1654 —
1475 1629 1579 1662 Scin:
1605 1631 1733 1667 οἰων.

924 1675 1195 1718 οἰωνοσκόπος,
1231 1675 1250 1712 ὁ
1279 1675 1334 1711 δι’
1361 1675 1527 1720 ὀρνίθων
1548 1674 1731 1719 μαντευό-

921 1735 1041 1767 μενος.

969 1770 1047 1805 861.
1095 1781 1185 1812 κερ.
1227 1770 1281 1804 διε
1277 1767 1430 1813 ’.φθειρε
1464 1789 1508 1794 -
1547 1769 1609 1820 ΑΡ.
1655 1765 1730 1803 ἀπὸ

922 1817 991 1850 τοῦ
1016 1816 1161 1858 κείρειν
1189 1828 1208 1849 a
1233 1817 1447 1857 demetenda,
1472 1827 1538 1850 non
1559 1813 1633 1850 απὸ
1653 1819 1732 1856 τοῖς

922 1861 1048 1905 κέρασι
1080 1861 1182 1903 ζαέων
1216 1860 1459 1906 dfflvvopts'zcov
1489 1875 1576 1903 ΤΟυς
1601 1860 1730 1897 ἓπιόν-
1800 1846 1809 1896 l*

922 1921 1007 1948 τας,
1042 1913 1078 1941 ut
1113 1908 1201 1941 idem
1235 1909 1295 1943 ait.
1345 1908 1389 1941 cf.
1429 1908 1480 1949 Ε,
1504 1908 1538 1941 Η
1566 1912 1601 1942 et
1625 1909 1730 1944 Schn.

923 1955 956 1987 h.
984 1966 1015 1985 v.
1027 1953 1107 1994 3de
1134 1965 1249 1999 pugna
1276 1959 1399 1995 autem,
1425 1965 1525 1998 quam
1550 1954 1658 1996 dicit,
1683 1957 1730 1989 Α-

923 1999 1088 2044 chillisq>
1103 2002 1234 2040 ‚—19
1249 2002 1306 2036 26.

970 2047 1050 2086 862,
1076 2047 1109 2081 3.
1148 2046 1370 2090 Phorcysseu
1386 2047 1536 2089 Phorcyn
1549 2043 1609 2090 (ρ’,
1620 2047 1732 2091 312.,)

922 2092 1118 2136 Phaenopis
1145 2092 1190 2124 fil.
1205 2118 1214 2133 ,
1240 2094 1283 2125 ab
1304 2094 1408 2136 Ajace
1431 2093 1640 2127 interficitur
1663 2093 1685 2126 l.
1701 2106 1731 2128 c.

923 2139 1091 2171 Ascanius
1116 2144 1275 2171 censetur
1298 2138 1389 2171 inter
1412 2138 1618 2173 fortissimos
1648 2151 1732 2173 suae

922 2183 1031 2230 partis
1064 2182 1128 2226 (ν’,
1154 2185 1263 2227 792..)
1306 2183 1604 2238 Seli-:³A6uocv127
1627 2187 1734 2226 πόλις

926 2231 1086 2272 Φρυγιας
1109 2230 1170 2263 καὶ
1195 2233 1229 2263 M
1217 2243 1303 2274 ιμνη
1328 2226 1478 2272 ὁιιοίως.
1524 2231 1554 2264 is
1579 2232 1673 2265 lacus
1696 2231 1733 2266 in
1792 2255 1794 2263 ,

923 2276 1023 2320 Bith>
1023 2276 1087 2308 nia
1112 2277 1200 2309 situs
1223 2276 1308 2317 fuit,
1346 2277 1388 2310 ad
1423 2288 1522 2321 quem
1548 2277 1626 2311 hinc
1651 2278 1732 2322 My-

923 2322 998 2362 sia,
1008 2289 1126 2355 >illinc
1166 2323 1316 2367 Phrygia
1347 2324 1589 2367 pertingebat,

926 2419 1060 2459 posset;
1092 2414 1369 2458 quemadmodum
1403 2415 1523 2458 Mysos
1557 2419 1593 2449 et
1617 2416 1731 2460 Phry·
1787 2444 1789 2459 Ι

926 2471 987 2504 ges
1021 2460 1195 2503 permixtis
1228 2461 1352 2494 finibus
1387 2461 1561 2495 habitasse
1586 2466 1733 2496 constat.
1787 2461 1789 2468 ⁸

927 2507 972 2539 cf.
996 2505 1039 2550 γ’,
1056 2508 1132 2547 186,
1156 2507 1200 2547 ν’,
1220 2509 1298 2547 792,
1322 2504 1373 2547 π’,
1391 2508 1459 2542 717
1479 2519 1539 2553 seq

930 2553 993 2593 12,
1027 2551 1059 2586 4.
1099 2564 1131 2597 Ρ.
1157 2554 1245 2591 828,
1271 2553 1321 2593 C,
1352 2551 1438 2588 847,
1465 2554 1504 2586 Β.
1544 2555 1731 2587 Ascanium

926 2598 1078 2632 Troadis
1102 2598 1208 2632 minus
1225 2603 1385 2631 accurate
1404 2598 1491 2632 dixit
1510 2599 1733 2643 Steph.Byz.

928 2645 960 2677 h.
989 2655 1021 2679 v.
1050 2644 1115 2676 alia
1149 2645 1230 2677 urbs
1264 2644 1473 2688 cognominis
1497 2645 1531 2678 in
1556 2646 1731 2690 Berecyn-
1782 2672 1784 2677 ,

926 2695 1020 2730 tum,
1043 2690 1218 2734 Phrygiae
1242 2691 1377 2733 gentis,
1404 2690 1545 2724 sedibus
1568 2691 1636 2726 sita
1660 2703 1732 2726 ma-

927 2740 1004 2769 ture
1029 2748 1048 2769 e
1072 2737 1232 2769 memoria
1253 2736 1421 2777 excessit,
1446 2741 1534 2770 teste
1558 2737 1731 2771 Strabone
1780 2750 1781 2755 ¹

929 2784 983 2816 12.
1009 2788 1096 2815 extr.
1131 2783 1175 2815 cf.
1200 2782 1246 2815 ib.
1275 2782 1327 2816 14.
1356 2794 1386 2827 Ρ.
1414 2784 1492 2818 999.
1779 2820 1781 2831 Ι

974 2828 1054 2862 864.
1100 2829 1249 2861 Homero
1272 2833 1352 2861 sunt
1374 2827 1485 2874 Μῄοι
1479 2841 1544 2868 ’.ες
1571 2828 1629 2873 qui
1654 2827 1731 2862 aliis

928 2876 1097 2913 Μαίονες
1129 2875 1204 2907 sive
1201 2874 1405 2964 pMm'ovsg
1437 2875 1581 2918 (Strab.
1609 2875 1662 2909 13.
1693 2885 1728 2930 Ρ.

927 2921 1017 2962 928,
1042 2921 1090 2961 Β,
1119 2919 1171 2955 14.
1223 2922 1336 2962 9.96‚
1363 2922 1424 2964 Β),
1449 2921 1626 2954 Herodoto
1644 2919 1730 2964 Μή-

929 2979 1023 3006 ονες.
1049 2946 1093 3000 cf.
1120 2966 1164 2999 E.
1194 2966 1386 3000 habuerunt
1409 2966 1464 3000 alii
1486 2967 1650 3000 Maeones
1667 2977 1730 3010 pro

849 3013 882 3047 5.
928 3012 1065 3047 diverso
1087 3024 1109 3046 a
1131 3012 1303 3056 Lydorum
1327 3013 1476 3058 populo,
1504 3012 1563 3047 alii
1586 3023 1648 3058 pro
1671 3024 1732 3046 eo-
1772 3047 1774 3060 ἲ
1801 3030 1805 3043 ,

1621 2324 1671 2357 ita
1694 2327 1732 2357 ut
1790 2344 1791 2347 =

925 2368 968 2402 ad
1009 2368 1172 2401 utramvis
1217 2370 1337 2402 harum
1381 2370 1559 2412 regionum
1607 2369 1731 2403 referri
1789 2368 1792 2399 :'

1543 2520 1589 2552 q.,
1611 2508 1731 2541 Strab.
1786 2530 1787 2533 =
