1811 3269
78 143 160 186 124

718 151 1118 193 ΟΜΗΡΟΥ

248 258 297 299 οἵ
321 272 367 299 τε
397 258 670 302 Πλάταιαν’
656 259 777 321 ε’χον,
810 258 884 331 ἠδ’
915 263 958 304 οι
988 264 1031 304 Γ
1026 261 1197 305 λισοιντ
1229 261 1448 319 ἐνέμοντο,

134 314 217 356 505
250 315 299 356 οἴ
328 313 379 357 θ’
404 314 658 386 ’Τποθήβας
688 322 826 373 εἰχον,
858 317 1113 373 ἐϋκτίμενον
1140 321 1421 389 πτολίεθρον,

242 367 481 426 Ὀγχηστόν
510 371 559 415 θ’
592 373 710 427 ἱερὸν
745 375 1011 447 Ποσιδήιον,
1046 374 1212 430 ἀγλαὸν
1240 375 1391 428 ἄλσος·

212 426 236 453 *

75 543 259 596 σκαφεῖσα
284 541 324 576 ἐν
347 543 400 588 τῷ
423 542 516 585 πρὸς
544 543 689 586 Περσέα
715 545 887 588 πολέμῳ·

74 585 145 630 τὴν
169 586 291 631 χώραν
318 588 357 623 δ’
384 589 528 632 ἔχουσιν
555 589 771 634 Ἀθηναῖοι,
797 592 889 626 δόν-

73 646 149 667 των
168 633 370 678 Ρωμαίων.
421 636 537 671 εκειτο
563 636 603 672 ὁὲ
628 636 667 672 ἐν
682 639 801 695 στενῷ
819 651 888 681 χω-

73 681 164 726 ρίῳ,
203 681 340 724 μεταξύ
375 678 639 727 ὑπερκειμένου
678 683 792 727 ὄρους
826 684 888 718 καὶ

72 728 140 769 τῆς
173 729 376 769 Κωπαιδος
419 733 570 774 λίμνης,
618 734 772 773 πλησίον
818 732 889 766 τοῦ

72 775 296 829 Περμησσοῦ
311 800 319 815 ,
345 775 408 810 καὶ
433 778 502 811 τοῦ
526 775 713 820 Ολμειοῦ,
739 776 799 811 καὶ
818 779 889 812 τοῦ

72 818 180 900 {tous
205 834 272 856 του
303 821 468 866 φύοντος
501 821 566 859 τὸν
599 823 798 868 αὐλητικὸν
820 822 889 859 κοί-

94 880 202 910 αμον.

119 913 201 948 504.
249 912 391 949 Πλάτ.
416 915 591 957 Plataeas,
612 915 794 950 Persarum
816 916 888 949 cla-

73 958 118 992 de
143 959 288 1002 nobiles,
315 960 558 994 Cithaeronem
583 963 674 995 inter
693 971 728 995 et
744 964 887 996 Thebas

73 1005 183 1046 sitas,
223 1008 267 1040 ad
292 1008 462 1065 Asopum.
499 1008 534 1040 in
565 1008 723 1041 confiniis
748 1009 888 1042 Atticae

74 1059 112 1084 et
137 1051 344 1096 Megaridis.
377 1066 411 1088 v.
437 1053 747 1088 Strab01.l.5s'an
768 1053 807 1088 ὸὲ
825 1055 887 1090 καὶ

73 1096 113 1133 ἐν
138 1112 182 1158 τη
207 1100 437 1153 Σικυωνίᾳ,
460 1100 595 1142 inquit,
632 1102 751 1145 δῆμος
786 1104 887 1136 Πλα-

72 1148 200 1186 ταιαὶ,
225 1142 388 1189 ὅθενπερ
414 1148 459 1190 ἠν
479 1145 706 1203 Iumentum
733 1160 752 1182 ο
778 1161 887 1192 ποιη-

73 1189 159 1235 τής·
194 1192 525 1232 ,Μνασάλκεος
556 1192 604 1229 τὸ
638 1195 801 1238 μνῆμα
825 1195 887 1229 τῶ

74 1238 385 1274 Πλαταιάδα.
410 1258 454 1263 -
479 1242 725 1274 Γλίσαντα
744 1241 887 1284 (κατοι-

73 1286 160 1319 κίαν
185 1283 223 1319 ἐν
247 1287 298 1332 τῷ
317 1281 467 1330 Τπὰτῳ
492 1283 585 1328 ὄρει,
609 1284 630 1321 ὅ
653 1285 752 1321 ἐστιν
778 1287 816 1322 ἐν
841 1289 888 1332 τῇ

77 1322 282 1377 Θηβαϊκη,
300 1333 458 1375 πλησίον
494 1334 714 1376 Τειμησσοῦ
736 1333 798 1368 καὶ
821 1335 888 1377 τῆς

74 1380 278 1421 Καδμείας.
305 1379 434 1412 Strabo
452 1378 555 1422 ibid.)
580 1379 648 1413 alia
671 1380 749 1412 olim
770 1391 888 1424 pugna

75 1424 294 1466 nobilitavit,
328 1424 560 1469 Epigonorum
593 1437 666 1458 cum
695 1425 886 1468 Thebanis,

74 1470 119 1504 de
144 1483 211 1515 qua
234 1482 361 1516 pugna,
386 1482 455 1514 qua
478 1471 639 1504 vicerunt
662 1472 826 1515 Epigoni,
851 1479 887 1506 et

74 1517 203 1562 oppido
241 1517 402 1550 Glisante
434 1530 467 1550 v.
492 1518 594 1551 Paus.
619 1519 661 1557 9,
686 1520 719 1552 5.
756 1523 790 1551 et
817 1520 885 1559 19.,

73 1563 233 1608 Apollod.
257 1565 291 1604 3,
317 1563 351 1604 7,
375 1564 409 1597 3.
435 1568 470 1596 et
487 1563 630 1597 Pindari
649 1564 764 1598 schol.
785 1564 886 1608 Pyth.

73 1611 117 1649 8,
141 1611 198 1644 68.
236 1609 326 1643 adde
358 1609 488 1642 Herod.
514 1611 558 1649 9,
584 1611 662 1650 43„
697 1610 886 1643 Diodorum

74 1655 147 1689 Sic.
171 1655 206 1698 4,
232 1658 289 1696 68,
310 1656 380 1696 69.,
404 1655 526 1701 Eurip.
542 1656 776 1701 Supplicibus,
794 1656 886 1690 Stat.

73 1703 190 1739 Theb.
214 1704 259 1742 7,
283 1704 364 1737 308.

117 1750 199 1784 505.
243 1747 406 1784 Two-6.
439 1748 566 1782 Strabo
590 1751 623 1785 9.
650 1762 684 1808 p.
711 1752 813 1786 632:
848 1751 886 1785 οἱ

71 1791 140 1840 μὲν
176 1794 348 1850 ᾃέχονται
387 1797 470 1829 πολι
468 1794 561 1830 ’διόν
593 1809 630 1830 τι
663 1794 887 1853 Τποθήβας

72 1841 324 1885 καλούμενον,
362 1841 399 1875 οὶ
432 1840 471 1876 δὲ
505 1841 574 1882 τὰς
598 1843 782 1883 Ποτνιάς·
819 1843 887 1884 τὰς

72 1887 143 1932 γὰρ
178 1888 307 1944 Θήβας
341 1887 578 1933 ἐκλελεῖφθαι
613 1889 677 1925 διὰ
712 1891 781 1935 τήν
812 1892 886 1925 τῶν

70 1934 278 1981 Ἐπιγόνων
303 1937 508 1980 στρατείαν,
532 1935 595 1969 καὶ
618 1937 668 1982 μὴ
693 1941 888 1981 μετασχεῖν

74 1983 144 2018 τοῦ
175 1982 336 2026 πολέμου
370 1983 438 2016 τοῦ
468 1984 651 2026 Τρωϊκοῦ.
694 1984 825 2027 (Paus.
850 1986 884 2038 9,

73 2030 118 2070 5,
141 2029 197 2062 7..
223 2026 540 2084 -κρατησάντων
563 2028 603 2084 οὲ
628 2030 673 2075 τῇ
690 2028 787 2075 μάχῃ
812 2043 887 2065 των

68 2073 257 2119 Ἀργεί,ων
289 2073 497 2119 Λαοδάμας
531 2075 599 2111 σύν
631 2080 712 2116 τοῖς
734 2076 887 2112 ἐθέλου-

74 2132 133 2157 σιν
163 2121 321 2158 ἕπεσθαι
346 2123 536 2179 Θηβαίων
567 2120 643 2158 ὐπὸ
666 2121 737 2181 τήν
761 2123 887 2158 ἐπιοῦ-

75 2180 145 2203 σαν
176 2168 294 2204 νύκτα
331 2167 568 2213 α’πεχώρησεν
601 2169 638 2210 ἐς
666 2168 884 2215 Ἰλλυριούς.

74 2228 142 2254 τας
160 2214 198 2250 ὁε
213 2215 342 2261 Θήβας
366 2215 509 2257 ελόντες
535 2216 571 2250 οἱ
590 2215 742 2261 Ἀργεῖοι
765 2230 886 2260 παρα-

76 2261 227 2297 διδόασι
254 2262 497 2319 Θερσάνδρῳ,
510 2265 775 2319 Πολυνείκους
799 2277 885 2298 παι-

76 2311 125 2344 δί.
185 2307 235 2349 ὡς
275 2308 316 2344 δὲ
363 2313 442 2350 τοῖς
477 2308 545 2344 σὺν
576 2307 814 2354 Ἀγαμέμνονι
850 2309 886 2349 ἐς

82 2356 221 2399 Τροίαν
246 2354 507 2411 στρατεύουσιν
533 2352 554 2400 ἡ
581 2358 783 2401 διαμαρτία
816 2370 884 2391 του

74 2404 171 2437 πλοῦ
195 2403 337 2447 γίνεται
361 2403 423 2436 καὶ
449 2399 470 2446 ἦ
488 2404 605 2447 πληγή
624 2418 707 2448 περι
721 2407 884 2447 Μυσιαν

76 2448 245 2484 ἐνταῦθα
278 2450 340 2484 καὶ
376 2448 441 2484 τὸν
478 2449 714 2504 Θέρσανδρον
738 2451 886 2486 κατέλα-

75 2497 138 2552 βεν
171 2496 384 2530 ἀποθανεῖν
418 2491 492 2529 υπὸ
524 2498 696 2540 Τηλέφου
722 2498 809 2541 etc.)
851 2498 887 2532 οἱ

77 2541 117 2577 δε
155 2543 384 2586 (quibuscum
420 2542 525 2575 sentit
558 2544 733 2578 Μειιιιεικι
759 2545 826 2577 xol-
854 2547 887 2579 8.

77 2600 110 2644 p.
137 2591 226 2629 ⁶226,
252 2589 348 2633 2⁶27.)
373 2592 564 2646 μετασχεῖν
587 2602 676 2633 μεν,
705 2592 820 2626 οἰκεῖν
846 2589 886 2626 δὲ

75 2631 151 2670 υπὸ
164 2636 220 2691 τῇ
235 2637 404 2690 Καδμεία
429 2634 511 2670 τότε
536 2633 575 2670 ἐν
600 2641 678 2677 τοῖς
700 2636 801 2673 ἐπιπε
799 2639 888 2693 ’ᾃοις

78 2680 247 2726 χωρίοις,
272 2680 363 2724 μετὰ
390 2681 458 2726 τὶν
478 2683 553 2716 τῶν
573 2679 815 2727 Ἐπιγόνωνέ
799 2698 888 2736 εφο-

77 2730 158 2768 δον,
184 2727 252 2772 τὴν
272 2729 464 2783 Καδμείαν
490 2725 772 2770 οἷδυνατοῦντας
799 2738 887 2765 ανα-

77 2776 215 2810 κτίσαι·
243 2773 320 2809 ἐπεὶ
345 2775 385 2808 δ’
410 2771 618 2819 ἡΚαδμεία
636 2776 796 2812 ἐκαλεῖτο
812 2778 870 2822 Θῆ
871 2797 887 2802 -

79 2823 164 2867 βαι,
198 2817 296 2856 ὑπὸ
334 2819 492 2867 Θήβας
524 2823 603 2866 (sic
634 2824 761 2857 scholi
788 2825 817 2857 B
852 2829 888 2858 et

79 2868 199 2912 Lips,
224 2867 362 2910 divise.)
398 2869 514 2903 εἰπεῖν
547 2867 629 2904 αντὶ
653 2871 721 2904 τοῦ
743 2866 815 2904 νπό
842 2873 888 2928 τῇ

82 2914 251 2968 Καδμείᾳ
283 2914 482 2954 οἰκοῦντας
512 2913 578 2948 τὸν
605 2915 765 2961 ποιητὴν
798 2916 888 2958 τοὺς

80 2959 166 2995 τότε
200 2961 401 3014 Θηβαίους.
459 2960 490 2993 Ε
523 2961 753 3006 Hypothebas
778 2963 888 2997 dictas

82 3017 158 3040 esse
191 3007 264 3048 ait,
307 3012 346 3040 ut
377 3006 670 3052 Hypochalcidem
704 3010 821 3043 urbem
852 3010 889 3044 in

246 428 364 471 οἵτε
396 429 744 486 πολυστάφυλον
761 431 930 488 ’Ἄρνην
960 432 1082 487 ε’χον,
1114 434 1230 476 οἵτε
1268 437 1471 488 Μίδειαν,

936 544 1092 585 Aetolia,
1125 547 1298 592 multaque
1333 549 1485 583 locorum
1509 547 1644 583 nomina
1668 559 1743 582 cum

935 592 1252 635 praepositionibus
1275 596 1476 639 composita.

981 637 1061 672 506.
1109 638 1240 693 ἱερὸν
1265 642 1375 674 Ποσ.
1415 642 1448 674 h.
1474 654 1505 675 e.
1537 638 1637 683 ἱερὸν
1661 640 1743 674 Πο-

936 684 1123 724 σειὸὦνος.
1178 685 1286 718 minus
1319 687 1408 719 bene
1434 687 1590 720 scribunt
1611 684 1666 721 ’.Ο
1690 683 1740 720 θ’

935 728 1059 772 ιερὸν,
1094 733 1190 765 Ποσ.
1215 730 1307 775 αγλ.
1334 731 1369 766 ἄ.
1383 757 1393 772 ,
1428 739 1464 766 et
1497 733 1653 766 similiter
1679 732 1744 776 h)-

934 787 1010 809 mno
1042 777 1076 808 in
1101 778 1211 832 Apoll.
1236 780 1335 812 236:
1360 775 1559 822 Ὀ>χηστὸν
1592 776 1628 813 6'
1657 776 1742 820 ἷξες,

937 821 1146 865 Ποσιδηιον
1165 821 1305 866 αγλαὸν
1329 820 1451 866 ἄλσος,
1476 830 1638 880 corrupta
1651 830 1743 858 tome

934 869 1102 904 bucolica.
1151 870 1281 904 Strabo
1306 872 1339 904 9.
1371 882 1404 915 p.
1430 870 1580 905 6320..
1615 868 1743 914 Ὀγχη-

936 914 1021 955 στὸς
1047 914 1084 949 6'
1110 915 1225 956 ἐστιν,
1255 915 1351 952 ὅπου
1375 916 1419 951 τό
1437 914 1743 961 Αμφικτυονικὸν

936 960 1113 1006 6vvrj2sto
1140 962 1178 997 ἐν
1202 965 1247 1008 τῇ
1264 962 1461 1008 Ἁλιαρτίᾳ,
1486 962 1579 1007 πρὸς
1596 965 1642 1009 τῇ
1662 967 1744 998 Κω-

933 1009 1044 1042 παΐὸι
1075 1011 1183 1067 λίμνη
1217 1009 1278 1044 καὶ
1312 1012 1357 1056 τῇ
1395 1012 1585 1067 Τηνερικῷ
1612 1012 1743 1057 πεδίῳ,

934 1053 973 1090 ἐν
1004 1052 1095 1099 ν’ψει
1125 1068 1291 1098 κειμενος
1321 1056 1452 1100 ψιλός,
1485 1057 1579 1100 ε’χων
1608 1059 1745 1091 Ποσει-

934 1103 1056 1141 δωνος
1090 1101 1191 1147 ἱερὸν·
1221 1105 1284 1137 καὶ
1319 1102 1412 1138 αὐτὸ
1450 1104 1576 1146 ψιλόν.
1632 1103 1668 1138 οἱ
1702 1100 1743 1138 δὲ

933 1148 1086 1203 ποιηταὶ
1124 1151 1348 1203 κοσμοῦσιν,
1392 1150 1508 1194 ἄλση
1547 1152 1745 1190 καλοῦντες

932 1208 978 1229 τα
998 1208 1078 1238 ιερα
1099 1195 1245 1236 πάντα,
1268 1209 1338 1230 καν
1364 1193 1387 1241 ᾗ
1407 1196 1512 1238 ψιλοί.
1561 1196 1699 1230 dictus'
1690 1208 1745 1229 ιιι-

933 1241 977 1274 de
996 1242 1180 1286 Neptunus
1201 1243 1411 1276 Onchestius
1432 1255 1486 1287 ap.
1506 1242 1606 1276 Pind.
1624 1243 1744 1276 Isthm-

933 1286 975 1328 4,
1000 1289 1057 1324 33.
1090 1289 1135 1321 cf.
1161 1289 1265 1321 Paus.
1290 1290 1324 1328 9,
1349 1290 1406 1323 26.
1431 1307 1478 1312 —
1504 1286 1664 1326 ἄλσος.
1689 1288 1745 1323 τέ-

933 1345 1064 1376 μενος,
1100 1333 1185 1367 nihil
1210 1334 1364 1378 amplius.
1400 1346 1435 1368 v.
1461 1334 1603 1368 Pindari
1627 1335 1743 1368 Schol.

933 1380 955 1412 l.
981 1391 1011 1412 c.
1046 1380 1188 1424 proprie
1213 1386 1326 1413 tamen
1349 1382 1424 1421 πᾶς
1454 1379 1569 1420 τόπος
1593 1379 1745 1415 σύνδεν-

934 1428 1041 1468 δρος,
1066 1425 1169 1470 ’ἱῖὸωρ
1188 1425 1300 1470 ε’χων,
1328 1428 1393 1463 καὶ
1412 1430 1521 1468 θεοῖς
1538 1425 1745 1473 ἀφιερωμέ-

933 1484 1018 1513 νος,
1043 1471 1154 1513 ἄλσος
1178 1476 1353 1508 καλεῖται.

979 1531 1059 1566 507.
1107 1531 1294 1576 scriptum,
1329 1531 1363 1565 ni
1386 1532 1508 1574 failor,
1535 1542 1628 1565 more
1652 1531 1744 1565 anti-

933 1588 1000 1621 quo
1026 1577 1188 1619 (Person.
1215 1579 1258 1611 ad
1283 1578 1404 1623 Eurip.
1431 1579 1527 1611 Med.
1553 1579 1632 1612 820.
1658 1578 1745 1621 etc.)

932 1622 1224 1669 πολυσταφυλην
1250 1630 1425 1658 mutarunt
1451 1623 1666 1669 grammatici
1689 1627 1744 1656 at-

930 1670 1139 1704 ticissantes.
1185 1670 1348 1704 minuitur
1371 1672 1421 1705 sic
1445 1671 1548 1704 etiam
1583 1681 1744 1703 numerus

931 1717 1176 1750 vocabulorum
1208 1717 1243 1751 in
1277 1731 1319 1753 ov
1345 1718 1564 1758 exeuntium,
1601 1726 1743 1761 quorum

932 1765 953 1798 9
968 1764 1079 1797 tribus
1104 1763 1200 1797 hisce
1224 1764 1381 1797 versibus
1406 1764 1583 1807 leguntur.
1595 1762 1742 1795 —Had

932 1809 1030 1844 494.:
1055 1812 1173 1851 „Arne
1199 1811 1341 1853 (Boeoti
1365 1811 1470 1853 uxor)
1502 1820 1622 1842 nomen
1646 1808 1744 1842 dedit

934 1856 1012 1890 urbi
1039 1857 1267 1897 'lhessaliae‚
1303 1868 1404 1901 quam
1429 1857 1582 1889 Boeotus
1607 1853 1744 1888 inhabi-

932 1903 1043 1936 tabat.
1089 1902 1174 1936 haec
1199 1882 1312 1943 Anie,
1349 1902 1383 1935 in
1419 1901 1578 1945 mythicis
1601 1900 1744 1934 notissi-

933 1960 1005 1989 ma,
1042 1954 1250 1982 memoratur
1285 1949 1382 1982 Scut.
1417 1948 1523 1981 Herc.
1547 1948 1628 1982 381.
1667 1958 1744 1980 cum

932 1994 1077 2036 Helice,
1112 2000 1148 2028 et
1179 1996 1332 2036 Anthea,
1366 2000 1403 2028 et
1426 1994 1519 2027 Iolco
1544 2005 1619 2026 cum
1643 1993 1744 2036 Myr-

932 2041 1100 2074 midonum
1123 2042 1220 2082 urbe,
1246 2042 1279 2075 h.
1304 2053 1334 2074 e.
1361 2040 1501 2074 Phthia.
1539 2040 1638 2073 fuere
1657 2039 1743 2072 adeo

931 2087 1011 2120 illae
1047 2087 1166 2120 eodem
1203 2092 1321 2121 tractu
1361 2093 1529 2120 terrarum
1564 2085 1674 2118 sitae·
1709 2096 1742 2119 v.

931 2133 1015 2169 ibid.
1039 2133 1127 2173 474,
1153 2133 1232 2168 475.
1269 2132 1365 2167 annis
1391 2145 1410 2166 a
1438 2133 1547 2175 Troja
1571 2138 1674 2176 capta
1698 2133 1743 2166 60

932 2179 1077 2220 Boeoti,
1111 2179 1155 2212 ad
1180 2191 1266 2223 quos
1291 2180 1353 2212 sub
1378 2178 1460 2212 belli
1485 2179 1584 2221 'Iroj.
1609 2185 1743 2222 tempo-

932 2237 973 2258 ra
1008 2205 1149 2258 Cadmei
1184 2226 1430 2269 confugerant,
1474 2236 1542 2258 una
1585 2236 1657 2257 cum
1698 2223 1742 2256 iis

934 2271 1120 2305 'lhessalia
1145 2271 1235 2316 pulsi
1258 2272 1293 2304 in
1319 2271 1496 2304 Boeotiam
1521 2269 1649 2305 abiere
1674 2270 1743 2302 ibi-

934 2329 998 2361 que
1024 2318 1164 2350 alteram
1191 2321 1305 2351 Arnen
1331 2317 1526 2350 condidere.
1568 2328 1601 2350 v.
1627 2316 1741 2350 Thuc.

935 2367 974 2404 1,
1003 2366 1075 2403 12,
1104 2363 1203 2396 Diod.
1228 2365 1262 2406 4,
1290 2363 1345 2399 67.
1383 2368 1418 2396 et
1441 2363 1489 2396 ibi
1514 2362 1662 2396 Wessel.
1698 2362 1741 2396 ab

933 2409 996 2443 hoc
1016 2409 1097 2443 inde
1117 2415 1268 2453 tempore
1290 2410 1407 2443 Aeoles
1421 2409 1598 2443 Boeotiam
1619 2414 1742 2442 tenue-

933 2467 990 2496 re;
1017 2462 1117 2490 antea
1142 2457 1228 2489 enim
1255 2457 1351 2489 ferae
1383 2463 1504 2499 gentes
1529 2455 1650 2500 stirpis
1675 2455 1743 2487 Pe-

934 2501 1108 2545 lasgicae,
1148 2502 1183 2535 in
1218 2502 1269 2535 his
1294 2504 1428 2542 Aones,
1463 2513 1535 2535 eam
1568 2500 1743 2534 inhabita-

934 2557 1023 2586 rant,
1051 2548 1240 2593 permixtae
1264 2549 1343 2581 iliae
1368 2549 1534 2592 posthaec
1559 2559 1632 2580 cum
1652 2551 1742 2580 Aeo-

934 2594 1035 2628 libus.
1080 2595 1124 2627 cf.
1154 2595 1279 2628 Strabo
1304 2597 1336 2629 9.
1365 2606 1396 2638 p.
1422 2595 1489 2628 615
1511 2594 1562 2634 C,
1587 2595 1655 2627 616
1674 2594 1742 2625 A.“
1784 2619 1786 2626 .

933 2640 1023 2674 idem
1049 2642 1080 2674 h.
1107 2641 1128 2674 l.
1161 2647 1196 2674 et
1219 2642 1368 2674 Homero
1401 2646 1436 2674 et
1470 2638 1669 2682 Thucydidi
1699 2638 1743 2671 fi-
1784 2649 1786 2671 ι

935 2687 1009 2720 dem
1035 2693 1193 2720 constare
1212 2687 1311 2727 dicit,
1337 2688 1365 2719 si
1392 2685 1559 2719 accidisse
1584 2691 1742 2730 putemus
1784 2706 1785 2712 η

934 2733 990 2775 id,
1016 2735 1106 2778 quod
1131 2734 1165 2766 in
1190 2734 1303 2766 multis
1328 2733 1465 2766 urbibus
1491 2732 1676 2771 acciderit,
1701 2736 1742 2764 ut

933 2779 1027 2813 locus
1052 2786 1087 2812 et
1110 2786 1244 2813 tractus
1267 2780 1324 2812 ille
1349 2779 1522 2823 acciperet
1539 2788 1659 2811 nomen
1676 2779 1740 2810 Ar-

935 2837 995 2859 nes
1022 2826 1116 2870 prius
1151 2837 1252 2870 quam
1288 2825 1365 2869 ipsa
1389 2827 1470 2858 urbs
1496 2825 1538 2857 ab
1563 2822 1738 2865 Aeolibus,

936 2884 955 2905 e
979 2872 1162 2906 Thessalia
1187 2871 1390 2912 reducibus,
1416 2871 1632 2905 conderetur.
1680 2881 1740 2902 ce—

935 2924 1044 2952 terum
1076 2923 1190 2951 Arnen
1215 2917 1360 2951 vicinam
1395 2929 1458 2962 pro
1483 2917 1561 2962 ipsa
1585 2916 1740 2950 Chaero-

935 2976 1000 2998 nea
1025 2965 1129 2998 habet
1155 2965 1254 2997 Paus.
1279 2964 1312 3003 9,
1338 2962 1396 2998 40.
1428 2964 1636 2997 submersam
1654 2972 1740 2995 uon-

935 3010 1020 3045 nulli
1043 3011 1211 3057 putabant
1235 3021 1303 3044 una
1326 3021 1400 3044 cum
1421 3010 1544 3044 Midea
1566 3009 1643 3043 lacu
1668 3007 1738 3041 Co—
