1811 3269
602 166 1036 210 ΙΛΙΑΔΟΣ
1089 169 1142 210 A.

1654 173 1712 214 33

297 279 385 322 Καὶ
416 278 512 322 τότε
540 276 594 349 δή
624 279 830 351 θάρσησε
855 277 930 322 καὶ
958 275 1076 332 ηὔδα
1104 275 1261 347 μάντις
1290 273 1511 347 ἆμύμων’

215 334 348 407 ‚301’2'75'
379 333 455 406 ἄρ’
486 332 555 389 ὅγ’
588 335 799 406 εὐχωλῆς
813 332 1098 406 ἐπιμέμφεται
1139 331 1250 376 οὔθ’
1283 331 1537 393 ἑκατόμβης,

214 390 313 435 ἀλλ’
344 389 455 436 ε”νεκ
489 391 733 448 ἀρητῆρος,
774 391 827 437 ὃν
867 390 1044 464 ἠτίμησ’
1077 387 1373 462 Ἀγαμέμνων,

131 451 185 495 95
216 447 323 492 οὐδ’
352 448 541 493 ἀπέλυσε
575 450 802 505 θύγατρα,
839 450 913 493 καὶ
956 445 1039 490 οὐκ
1068 444 1296 498 ἀπεδέξατ’
1334 446 1511 491 αποινα.
1557 493 1559 495 ,

215 504 395 550 τοῦνεκ’
425 504 498 561 αρ’
532 505 652 561 ἄλγε’
685 509 846 551 ἔδωκεν
869 503 1126 560 Ἑκηβόλος,
1159 502 1235 575 ηδ’
1267 503 1328 547 ἔτι
1359 504 1512 549 δώσει.

218 561 322 607 οὐδ’
361 563 446 634 ὅγε
464 564 568 617 πρὶν
597 568 770 620 λοιμοῖο
802 564 981 619 βαρείας
1010 566 1157 616 χεῖρας
1187 559 1348 629 αφέξει,

214 622 320 676 πρίν
345 619 388 676 γ’
422 618 507 664 απὸ
538 621 672 677 πατρὶ
713 623 829 678 φίλῳ
860 620 1040 675 δόμεναι
1072 616 1308 672 ἓλικωαιδα
1339 616 1513 674 κούρην

47 709 110 746 καὶ
136 708 160 755 ἡ
194 710 446 767 Σωσιγένους,
487 710 549 746 καὶ
581 708 605 755 ἡ
631 709 854 756 Ἀριστοφά-

47 770 159 799 νους,
183 758 245 793 καὶ
269 755 291 802 ἡ
316 756 539 803 Ζηνοδότου.
584 763 688 791 antea
713 758 748 791 in
780 758 856 792 vul-

48 804 191 849 garibus
231 804 331 838 libris
375 805 557 849 legebatur
600 802 654 838 ἐνὶ
698 817 855 849 στρατῳ,

50 850 141 894 quod
159 851 309 905 Heyneo
341 852 530 883 subiectum
558 849 696 884 videtur
725 850 771 897 β’,
799 853 855 886 82

51 897 115 940 (ef.
138 894 181 937 o',
202 898 282 932 296.
302 897 389 940 U.)‚
416 895 538 929 Vossio
565 904 677 930 autem
699 899 855 931 165ch

50 954 86 988 p.
106 944 184 978 173.
209 942 333 987 placet.
358 960 402 968 —
427 940 635 985 εὔχεται.
660 944 856 988 καυχοῖται.

50 988 129 1022 Sch.
151 988 249 1022 latini
268 989 439 1032 interpp..
463 990 650 1044 gloriatur.
699 991 798 1028 male.
823 990 859 1023 id

37 1034 143 1082 *quod
163 1035 247 1068 Ern.
258 1036 404 1073 notavit
423 1036 579 1078 quoniam
599 1033 743 1081 εὔχεται
763 1035 859 1072 εἶναι

51 1092 108 1126 ap.
126 1081 224 1114 Hom.
256 1080 339 1114 nihil
360 1081 452 1114 alind
480 1086 533 1115 est
553 1093 651 1126 quam
678 1085 861 1127 ptofitetur

52 1138 88 1160 se
107 1138 200 1168 esse,
224 1128 392 1170 habetur,
419 1132 480 1160 est.
530 1129 657 1173 quippe
677 1130 782 1174 prisci
810 1129 859 1163 illi

51 1173 202 1207 homines
231 1174 402 1217 simplices
430 1173 598 1218 quidquid
627 1181 724 1208 crant
745 1175 801 1210 vel
822 1188 859 1209 se

53 1231 129 1253 esse
148 1219 346 1260 credebant,
366 1220 474 1253 libere
492 1228 526 1253 et
544 1221 757 1255 ςοηῆδεηῑει
777 1235 860 1266 pro-

51 1266 278 1307 nuntiabant,
304 1277 366 1299 nec
393 1266 576 1311 quidquam
600 1268 860 1302 dissimulabant

53 1313 172 1354 vafre,
206 1317 264 1345 aut
294 1313 514 1346 occultabant
544 1325 606 1357 per
634 1315 858 1356 modestiam3

55 1357 116 1391 sed
144 1369 205 1391 rex
233 1369 349 1401 regem
373 1370 409 1391 se
427 1359 589 1400 dicebat,
615 1365 713 1393 vates
731 1367 859 1403 vatem,

55 1404 227 1437 mendicus
266 1404 468 1438 mendicum.
526 1406 625 1438 Plato
656 1407 792 1450 Gorgia
825 1419 858 1451 p.

54 1448 153 1484 449..
186 1451 269 1484 ΣΩ.
294 1449 432 1494 ῥήτορα
462 1449 535 1497 ᾄρα
557 1450 623 1496 χρή
646 1463 683 1486 σε
710 1456 860 1496 καλεῖν,

55 1498 165 1531 ΓΟΡ.
191 1494 339 1550 ἆγαθόν
364 1509 423 1539 ᾖε,
449 1498 477 1530 ὠ
501 1497 717 1554 Σώκρατες.
747 1501 780 1533 εἰ
799 1499 859 1542 δὴ,

56 1555 143 1597 oye
173 1539 328 1586 εὔχομαι
355 1548 471 1583 εῖναι,
506 1557 555 1583 ως
590 1557 661 1587 εφη
680 1542 859 1599 Ὀμηυος,

54 1586 180 1635 βούλει
198 1601 242 1631 με
262 1591 405 1623 καλεῖν·
439 1601 539 1633 quem
561 1591 668 1624 locum
693 1591 861 1625 indicavit

55 1637 112 1669 W.
138 1636 173 1668 in
199 1635 358 1677 schedis,
385 1647 471 1679 quas
492 1648 595 1681 penes
615 1648 667 1670 me
688 1636 811 1671 habco.

94 1683 155 1716 92.
188 1678 326 1726 ηὔδα.
360 1680 520 1717 αυδαι·
552 1683 692 1739 λέγεται
716 1683 757 1718 τὸ
791 1683 859 1719 αἰ-

51 1729 278 1784 θρωπίνως
287 1731 421 1763 λαλεῖν.
468 1720 577 1774 αὐδή
613 1743 688 1787 γαρ
716 1728 786 1785 οὐχ
812 1727 858 1765 ἁ-

53 1775 152 1815 πλῶς
170 1772 192 1818 ἡ
215 1777 377 1819 τυχοῦσα
400 1775 531 1818 φωνή,
558 1775 638 1811 ἄλλ’
650 1774 691 1833 ἡ
710 1775 857 1821 α’νθρω-

53 1822 143 1864 πίνη
168 1826 234 1855 etc.
268 1823 313 1856 Ε.
364 1824 409 1857 cf.
444 1822 523 1857 249.
558 1843 603 1848 --
637 1821 856 1879 οἶμύᾟαων.

55 1866 262 1912 ἀμώμητος.
301 1869 351 1911 (ν.
380 1869 484 1901 Schn.
519 1881 550 1901 v.
572 1871 733 1915 μῶμος.)
766 1867 858 1907 ὅταν

55 1914 96 1950 δὲ
130 1916 214 1959 εἶ’πη
250 1915 404 1970 (Odyss.
441 1914 486 1955 α’,
515 1917 603 1959 29.)
638 1918 858 1962 μνήσατο

53 1975 139 2006 γαρ
170 1960 295 1996 κατὰ
331 1959 493 2003 θυμόν
519 1960 768 2017 ἀμύμονος
792 1965 860 1999 Αἰ-

52 2022 74 2053 γ
86 2009 275 2048 ίσθοιο,
303 2005 347 2042 οὐ
365 2009 434 2042 τοῦ
453 2006 621 2044 καθόλου
643 2010 861 2056 ἀμωμήτου,

54 2054 145 2090 auct·
167 2054 239 2099 πρὸ
258 2056 326 2088 τοῦ
353 2053 460 2099 ε’ργου
489 2056 554 2098 τῆς
571 2059 766 2100 μοιχειας.

53 2101 204 2143 νότερον
232 2101 397 2146 (scribam
415 2100 649 2145 καινότερον,
676 2116 782 2145 note,
808 2105 859 2137 in-

53 2147 241 2203 solenter.)
273 2148 364 2191 γοῦν
396 2146 560 2191 ἐπιφέρει
596 2151 736 2194 φρεσὶ
771 2149 860 2194 γὰρ

53 2194 223 2239 κέχρητ
265 2196 480 2250 αγαθῃσι
505 2195 654 2240 (Odyss.
682 2196 726 2241 γ’,
748 2199 859 2241 266).

54 2242 120 2286 ΑΡ.
151 2241 254 2274 Sch.:
246 2239 437 2284 .ἅμωμος,
461 2240 683 2285 maerim&
705 2242 860 2289 ἄψογος.

55 2291 109 2321 est
133 2287 219 2321 haec
248 2287 342 2320 velut
370 2288 558 2332 appellatio
587 2289 786 2334 dignitatis,
822 2295 862 2324 ut

55 2335 148 2373 δῖος.
182 2345 216 2367 v.
238 2345 312 2367 ann.
335 2334 377 2366 ad
398 2336 429 2367 4.
454 2339 489 2367 et
510 2335 588 2370 423.
614 2337 665 2369 sic
685 2338 743 2369 W.

100 2380 158 2415 95.
191 2377 342 2420 «infit,
375 2377 513 2415 ἅπεδ.
563 2393 596 2414 ν.
630 2385 685 2418 60.
718 2382 861 2427 simplex

53 2426 248 2470 conjunctio
283 2405 534 2460 emintintorum
564 2439 626 2471 per
662 2427 701 2464 δε
724 2435 759 2462 et
789 2429 862 2471 καὶ,

54 2483 195 2518 quorum
215 2472 289 2506 loco
309 2473 485 2507 recentior
506 2475 656 2534 sciiptor
674 2475 864 2531 participia

52 2522 274 2563 usurpasset,
314 2516 510 2562 η’τίμ,ησευ
554 2519 640 2555 οὔτ’
674 2519 865 2563 α’πολύσας

53 2564 267 2610 θυγατέρα,
293 2563 376 2599 οὔτ’
402 2565 680 2609 αποδεξοὲμευος
710 2566 864 2604 ἄποινα.

55 2611 86 2645 Κ
113 2612 226 2647 etW.
250 2612 294 2645 cf.
320 2613 397 2653 134,
423 2615 504 2654 220,
533 2614 611 2648 224.
636 2620 703 2648 etc.

100 2659 158 2693 96.
181 2657 372 2700 ε’δωκεν,
398 2657 497 2704 utp’'‚
516 2660 596 2694 375.
614 2660 703 2694 idem
723 2662 756 2695 2.
778 2659 867 2693 dixit

55 2702 216 2745 τιθέναι,
242 2709 277 2737 et
290 2707 367 2740 110
390 2705 541 2748 τεύχειν.
564 2707 609 2739 cf.
622 2707 666 2742 K.
681 2712 735 2740 est
752 2711 866 2739 tamen

55 2750 158 2804 paulo
180 2750 291 2784 rarior
311 2751 367 2785 hic
393 2753 510 2786 modus
536 2752 697 2796 loquendi
724 2753 867 2796 fereque

54 2796 92 2829 in
111 2796 175 2830 diis
194 2801 398 2853 usurpatur:
413 2810 489 2832 nam
513 2799 614 2843 paulo
634 2798 770 2832 diversa
789 2801 868 2831 sunt

55 2842 143 2876 haec
170 2847 205 2876 et
227 2842 348 2876 similia
373 2840 467 2887 ἄρας
495 2843 721 2890 παραλαβών
741 2845 865 2879 Λαΐου

55 2888 118 2923 καὶ
159 2887 267 2923 παισὶ
306 2889 396 2946 6963
431 2891 555 2945 Eurip.
583 2892 712 2925 Phoen.
750 2891 864 2931 1514,

54 2934 170 2970 κακὸν
193 2947 262 2990 γαρ
290 2934 421 2978 αυτοῖς
448 2934 581 2971 νόστον
623 2935 705 2972 οἷντὶ
744 2934 865 2972 τῶνδ’

55 2980 95 3027 ἐγ
98 2979 125 3016 ὢ
158 2980 275 3016 Δώσω
300 2981 750 3040 Eurip.Heracl-1007.·.‚
783 2995 865 3038 pro-

57 3027 136 3074 pius
163 3029 230 3062 huc
267 3029 404 3064 accedit
433 3029 584 3067 διδόναι
612 3028 769 3076 πικρούς
795 3028 863 3067 λό-

99 3085 242 3122 Hom.
266 3084 295 3120 1.

902 722 993 754 γους
1018 708 1140 753 Enrip.
1172 707 1248 741 Hel.
1271 706 1374 748 441.
1401 713 1437 742 et
1465 720 1484 741 e
1553 719 1583 741 m
1702 722 1718 755 ‚²

904 757 1003 790 modo
1024 755 1218 799 Xenophon
1230 754 1332 788 Mem.
1353 754 1451 788 Socr.
1473 755 1507 795 2,
1547 754 1608 795 ,.7
1625 755 1714 789 (11).1ῑ

902 801 1019 837 κακὸν
1047 801 1197 835 διδόναι
1221 800 1313 842 τινὶ,
1339 801 1433 844 quod
1454 801 1625 834 imitantes
1645 802 1714 834 La·-

902 850 967 883 tini
1009 849 1234 893 frequentant
1281 847 1412 880 malum
1454 858 1515 881 seu
1547 848 1714 881 damnum

903 897 1000 929 dare.

948 944 1004 977 97.
1029 938 1165 973 restitui
1193 937 1356 973 librorum
1381 938 1611 983 scripturam,
1637 949 1714 972 cum

906 993 1002 1022 recte
1042 986 1177 1020 dicatur
1210 985 1357 1029 ἅπέχ<ιν
1392 989 1516 1029 χεῖρας
1552 988 1713 1028 λοιμοῖο,

906 1035 1078 1069 abstinere
1118 1044 1242 1065 manus
1286 1044 1308 1065 a
1348 1036 1443 1075 peste
1486 1031 1715 1076 immi-‚tanda

906 1078 1206 1124 quemadmodum,
1246 1079 1322 1123 Hey
1317 1089 1389 1111 neo
1422 1082 1457 1112 et
1483 1078 1606 1111 Vossio
1632 1079 1714 1112 fierit.

906 1128 1042 1161 Bliitter
1068 1137 1099 1170 p.
1123 1124 1198 1179 174.
1226 1124 1488 1165 annotantibus,
1523 1124 1650 1168 Odyss.
1671 1123 1714 1168 χ’,

905 1176 986 1209 316.
1012 1173 1135 1207 κακῶν
1154 1169 1229 1206 ἄπο
1248 1175 1372 1215 χεῖρας
1393 1169 1543 1215 ἔχεσθαι
1560 1176 1614 1203 est
1635 1172 1715 1203 abs-

906 1221 1016 1253 tinere
1045 1232 1066 1252 α
1091 1219 1284 1252 sceleribus.
1334 1219 1465 1251 frustra
1492 1218 1715 1266 Aristarchus

907 1266 1054 1311 aliique:
1080 1262 1168 1299 οὐδ’
1198 1261 1233 1307 0'2
1234 1276 1260 1317 ’,ε
1290 1264 1378 1308 πρὶν
1405 1267 1612 1298 Δαναοῖσιν
1639 1268 1716 1298 ἀει-

905 1312 972 1346 κέα
1011 1312 1136 1357 λοιγὸν
1165 1308 1324 1350 α’πώσει,
1362 1310 1550 1344 insolenter
1577 1309 1714 1353 quidem

908 1364 1073 1402 usurpato
1092 1358 1199 1392 verbo
1222 1356 1404 1392 ἀπώθειν.
1453 1368 1516 1389 nec
1538 1356 1716 1402 probanda

908 1410 984 1438 erat
1006 1403 1203 1438 Maxklandi
1230 1404 1429 1444 coniectura
1457 1404 1609 1457 βαρείας
1634 1403 1715 1447 Κῆ-

909 1464 993 1496 ρας,
1019 1449 1173 1495 quamvis
1200 1451 1321 1494 Κῆρες
1346 1447 1534 1484 θανατοιο
1563 1446 1608 1493 β’,
1634 1450 1713 1484 302.

908 1503 943 1530 et
972 1508 1076 1540 saepe
1105 1496 1190 1529 alias
1219 1497 1389 1529 dicantur.
1439 1496 1525 1529 male
1554 1495 1715 1529 habuisse

906 1543 1071 1576 videntur
1091 1542 1242 1575 Criticos
1269 1553 1377 1586 parvo
1407 1541 1591 1575 intervallo
1613 1552 1714 1585 repe-

907 1589 974 1622 tita
1005 1589 1111 1621 verba
1138 1589 1290 1633 βαρείας
1312 1591 1454 1632 χεῖρας,
1481 1599 1569 1632 quae
1598 1593 1713 1620 tamen

906 1646 963 1668 res
989 1635 1072 1668 nihil
1100 1634 1302 1668 offensionis
1328 1635 1442 1668 habet.
1495 1634 1561 1666 ΕΛ
1589 1631 1646 1667 ὅτι.
1668 1632 1712 1668 τὸ

907 1678 1010 1716 ουδ’
1034 1678 1083 1737 6'2
1085 1693 1114 1715 ε
1148 1685 1272 1734 λοιμ.
1298 1693 1329 1724 χ.
1358 1695 1380 1713 ι
1372 1694 1432 1735 φ
1470 1680 1580 1724 διχῶς
1611 1682 1712 1714 νοεῖ-

904 1740 983 1763 ται·
1019 1725 1040 1770 η’
1066 1708 1136 1773 ᾳιὶρ
1169 1724 1227 1761 ὅτι
1259 1726 1329 1762 οὐκ
1355 1721 1400 1783 ᾇν
1435 1722 1453 1760 6
1481 1728 1617 1771 Φοῖβος
1643 1727 1713 1761 τοῦ

903 1770 999 1810 καθ’
1029 1773 1153 1830 ἡμῶν
1165 1775 1298 1817 λοιιιοῦ
1328 1787 1394 1813 τας
1424 1772 1572 1827 εαυτοῦ,
1589 1775 1715 1817 χεῖρας

904 1820 1064 1867 απόσχῃ
1090 1816 1112 1866 ἢ
1140 1817 1197 1855 ὅτι
1219 1818 1287 1855 οὐκ
1309 1816 1357 1855 ὂέν
1376 1833 1441 1859 τας
1460 1821 1530 1854 τοῦ
1550 1816 1714 1862 ἀποτρο-

905 1871 1020 1903 παίου
1052 1869 1150 1903 θεοῦ
1169 1868 1314 1912 Λοιμοῦ
1339 1871 1484 1918 χεῖρας
1494 1864 1714 1922 αποκωλύσῃ

905 1914 1021 1959 ἡμων.
1065 1921 1100 1948 et
1131 1914 1230 1959 paulo
1251 1917 1346 1960 post:
1370 1935 1415 1939 —-
1442 1911 1536 1954 οἷον,
1559 1910 1603 1947 οὗ
1627 1914 1716 1957 πρὶν

900 1961 1083 1997 Ἀπόλλων
1103 1961 1240 2003 λοιμοῦ
1264 1964 1389 2013 χεῖρας
1406 1958 1533 2002 ἀφέξει
1557 1965 1647 2000 etc.,
1673 1971 1716 1993 ex

907 2021 973 2054 quo
992 2007 1187 2051 intelligas,
1212 2018 1285 2041 eum
1310 2006 1456 2051 priorem
1479 2006 1599 2047 istam,
1625 2018 1716 2040 eam-

851 2083 860 2091 .
907 2068 973 2101 que
1015 2054 1207 2097 meliorem,
1253 2053 1574 2098 interpretationem
1614 2052 1717 2088 alteri

907 2100 1123 2154 praetulisse.

954 2149 1010 2182 98.
1045 2144 1136 2182 απὸ
1170 2166 1216 2172 —
1251 2146 1477 2189 δόμεναι.
1526 2143 1656 2179 tmesis.
1681 2156 1716 2178 v.

909 2194 1035 2228 matth.
1073 2195 1104 2234 ἓ.
1135 2191 1225 2233 594,
1256 2195 1290 2227 2.
1323 2193 1428 2226 intell.
1456 2190 1566 2233 τινα,
1604 2190 1716 2236 ellipsi

907 2241 992 2275 satis
1026 2247 1118 2273 nota.
1163 2239 1366 2282 (Buttmann
1406 2250 1458 2282 gr.
1485 2250 1538 2283 gr.
1571 2240 1603 2279 ἓ.
1637 2239 1717 2278 129,

908 2299 986 2321 ann.
1013 2288 1067 2325 6.,
1089 2285 1232 2319 matth.
1271 2288 1303 2328 §—
1333 2283 1414 2323 294,
1440 2287 1473 2320 2.
1507 2284 1595 2326 etc.)
1629 2283 1718 2327 πρὶν

908 2345 980 2367 cum
1011 2312 1202 2373 infinitivo,
1231 2330 1435 2376 praesertim
1463 2329 1607 2372 amisti,
1634 2341 1717 2364 con-

907 2384 1071 2413 structum
1105 2377 1156 2410 ita
1183 2377 1333 2422 explicat
1363 2378 1430 2411 Th.
1461 2388 1514 2432 gr.
1558 2387 1590 2419 p.
1622 2375 1718 2418 434„

909 2425 1007 2470 quasi
1037 2424 1163 2457 dictum
1193 2423 1239 2457 sit
1266 2423 1353 2469 πρὶν
1379 2424 1448 2457 τοῦ
1474 2419 1716 2463 ἁποδόμ.εναι

909 2473 954 2505 cf.
987 2470 1103 2514 Viger.
1148 2481 1180 2514 Ρ.
1215 2468 1564 2512 442.‚E1ms1.ad
1601 2468 1716 2513 Iphig.

910 2516 1023 2552 Aulid.
1058 2515 1158 2552 1324.
1181 2535 1224 2539 —
1258 2516 1370 2552 ἑλικ.
1405 2516 1512 2549 oculis
1539 2515 1718 2548 mobilibus

908 2563 1118 2608 praeditum.
1149 2561 1285 2596 Pindar.
1312 2563 1358 2607 Py
1364 2562 1412 2594 th.
1433 2563 1506 2603 6‚1
1513 2586 1520 2593 .
1546 2558 1717 2596 ἑλικώπι-

911 2612 975 2650 δος
1006 2609 1234 2653 Aq>9061'.ws
1280 2608 1332 2643 sic
1339 2575 1445 2643 y389.
1484 2606 1550 2651 ipsi
1592 2606 1718 2642 Achivi

911 2661 1076 2690 vocantur
1092 2655 1277 2694 ἓλικωπες,
1301 2652 1403 2697 παρὰ
1421 2651 1462 2689 τὸ
1480 2653 1633 2689 ελίσσειν
1650 2652 1718 2697 τήν

913 2704 1018 2743 aina,
1053 2702 1145 2746 quod
1177 2701 1309 2735 faciunt
1332 2701 1478 2734 alacres.
1524 2704 1623 2733 recte
1644 2700 1719 2733 He-

913 2750 1009 2804 sych.
1038 2759 1070 2780 v.
1101 2747 1291 2787 ελίκωπεςι
1315 2767 1351 2772 -—
1385 2745 1407 2791 ἢ
1434 2748 1642 2790 περιφερεῖς
1671 2758 1718 2780 τα

911 2794 1103 2840 πρόσωπα.
1153 2797 1364 2838 περιφερεῖς
1389 2791 1615 2837 ὀφθαλμοὺς
1633 2790 1720 2825 dixit

911 2842 1084 2878 Lucianus
1112 2841 1143 2875 6.
1175 2852 1210 2885 Ρ.
1237 2842 1336 2876 959*
1373 2852 1407 2873 v.
1432 2840 1537 2873 Schn.
1563 2838 1629 2871 lex.
1661 2848 1716 2882 gr.

911 2903 946 2924 v.
975 2883 1189 2931 περιφερής.
1238 2886 1337 2920 mitto
1370 2885 1530 2940 ineptias
1550 2894 1719 2938 gramma-

911 2937 1085 2970 ticorum.
1117 2944 1200 2967 vere
1220 2937 1334 2966 tamen
1358 2932 1421 2965 Ε..
1446 2928 1468 2974 ἡ
1494 2927 1536 2965 δε
1559 2927 1717 2975 τοιαύτη

910 2982 972 3018 καὶ
996 2978 1278 3033 ελικοβλέφαρος
1305 2979 1425 3022 (Hom.
1453 2978 1567 3032 hymn.
1594 2976 1630 3017 5,
1650 2978 1719 3020 19.

910 3028 970 3064 ubi
994 3028 1111 3062 Venus
1131 3025 1183 3060 sic
1201 3025 1408 3071 appellatur.
1434 3022 1501 3068 U.)
1519 3019 1672 3069 λέγεται.
