1811 3269
613 139 1040 180 ΙΛΙΑΔΟΣ
1094 140 1140 180 Γ.

1632 141 1713 181 201

216 248 264 303 ὅς
294 253 337 295 οἱ
365 248 443 294 ὑπ’
477 247 755 302 ἀνθερεῶνος
786 246 910 303 ὀχεὺς
938 249 1090 294 τέτατο
1120 250 1397 318 τρυφαλείης.

218 309 293 351 καί
320 307 378 350 νύ
385 321 480 377 ”nav
511 305 710 359 εἴρυσσέν
739 320 783 348 τε
812 306 886 348 καὶ
917 304 1108 350 ἄσπετον
1137 306 1274 362 ἤρατο
1306 308 1454 361 κῦδος,

219 366 257 407 εἰ
288 363 346 419 μή
378 356 451 416 αρ’
485 360 562 414 ὀξύ
579 361 724 431 νόησε
753 360 860 412 Διὸς
889 362 1090 419 θυγάτηρ
1118 362 1370 420 Ἀφροδίτη,

107 426 190 467 875
219 420 248 476 ἤ
278 421 320 463 οἱ
352 421 480 474 ῥῆξεν
511 417 672 472 ἱμάντα
702 418 808 489 βοός
840 436 911 474 ιφι
940 421 1191 473 κταμένοιο·

217 475 339 546 κεινὴ
374 478 420 519 δὲ
440 474 692 548 τρυφάλεια
721 473 799 530 ἅμ’
833 475 985 519 ἕσπετο
1016 477 1125 531 χειρὶ
1154 478 1321 548 παχείῃ.

217 532 314 604 τὴν
328 534 407 589 μὲν
437 532 578 576 ἐΗπειθ
609 531 728 600 ἥρως
756 531 851 588 μετ’
881 531 1167 605 ἐϋκνήμιδας
1173 532 1377 602 Ἀχαιους

219 588 314 660 ῥίψ’
346 589 621 661 ἐπιδινήσας,
657 588 845 644 κόμισαν
875 588 918 633 6’
950 589 1118 658 ἐρίηρες
1149 588 1325 644 ἑταῖροι.

219 646 358 702 αὐταρ
389 646 413 690 ὁ
445 645 508 697 ἄψ
537 645 774 700 ἐπόρουσε,
805 644 1128 701 κατακτάμεναι
1158 649 1400 700 μενεαίνων

106 708 189 749 380
220 704 333 775 ἔγχεϊ
360 705 566 775 χαλκείῳ·
597 702 676 748 τόν
706 702 748 746 6’
782 702 988 774 ἐξήρπαξ’
1017 702 1255 774 Ἀφροδίτη

220 761 314 830 ῥεῖα
335 758 466 832 ,ῒζμάλ
497 760 607 803 ω’στε
637 758 765 810 θεός·
797 760 987 812 ἐκάλυψε
1018 758 1061 803 δ’
1094 757 1170 814 αρ’
1201 757 1298 815 ήέρι
1327 762 1484 817 πολλῇ,

217 815 345 861 κάδδ’
379 820 491 860 εὶσεν
519 814 706 875 θαλάμῳ
741 815 921 869 εὐώδεϊ,
952 816 1149 872 κηώεντι.

272 886 308 919 ἱιι
339 886 483 920 eundem
515 885 574 919 illa
608 886 718 919 locum
753 885 894 919 adducit
927 886 1114 927 Helenam,
1149 896 1237 938 quae
1270 885 1412 939 primum
1437 885 1606 920 reluctata
1630 897 1718 921 novo

186 931 307 966 marito
330 932 504 976 ignaviam
527 932 736 1001 exprobrat,
762 943 839 965 mox
863 938 975 966 tamen
999 945 1075 967 cum
1099 945 1141 967 eo
1165 931 1256 965 redit
1279 932 1314 965 in
1342 931 1504 976 gratiam.

304 987 428 1042 Αὕτη
461 985 501 1030 δ’
535 983 645 1030 αὖθ’
674 986 852 1060 Ἑλένην
881 987 1091 1032 καλέουσ’
1120 990 1181 1031 ιἐ·
1214 987 1297 1041 τήν
1328 987 1370 1032 δ’
1401 987 1598 1045 ἐκίχανεν

216 1044 370 1102 πύργῳ
389 1042 476 1114 ἐφ’
505 1043 689 1099 ὑψηλῷ·
711 1045 840 1115 περὶ-
849 1045 895 1088 δὲ
929 1045 1076 1098 Τρωαὶ
1107 1045 1203 1096 ἅλις
1230 1043 1357 1102 ἦσαν.

106 1105 189 1148 885
220 1103 330 1158 χειρὶ
360 1100 406 1145 δὲ
435 1101 675 1157 νεκταρέου
705 1100 840 1145 ἑανοῦ
870 1102 1034 1155 ἐτίναξε
1063 1104 1289 1158 λαβοῦσα·

47 1192 226 1234 ποικίλος.
275 1190 451 1228 ἐντεῦθεν
474 1192 536 1228 καὶ
560 1189 580 1228 6
606 1193 673 1237 τῆς
691 1190 861 1237 Ἀφροδί-

49 1252 117 1283 της
141 1238 229 1283 Σμας
253 1236 458 1294 ὠνομάσθη
483 1238 620 1279 κεστός.
645 1240 681 1283 (a
698 1240 808 1282 κε’ζωε
828 1252 861 1277 v

0 1300 1 1326 3
49 1286 152 1319 Schn.
178 1297 209 1320 v.
233 1284 357 1342 κένω)
381 1305 427 1310 —
462 1283 534 1321 ἀπ.
570 1286 772 1330 τρυφεράν.
804 1287 862 1320 αἰ-

48 1333 208 1367 νίττεται
233 1330 273 1366 δε
299 1331 364 1367 διὰ
387 1333 455 1376 τῆς
477 1332 604 1375 λέξεως
627 1331 671 1367 τὸ
706 1330 863 1373 ἀσθενὲς

47 1379 118 1414 τοῦ
139 1375 384 1435 Ἀλεξάνδρου
429 1378 559 1423 (ἀνθ.
586 1377 632 1421 α’,
656 1379 758 1423 501.)
813 1377 863 1415 o’-

47 1422 171 1471 χεῦς.
213 1422 232 1459 ὁ
269 1424 438 1479 συνέχων
463 1425 526 1460 καὶ
560 1427 771 1483 συσφίγγων
794 1424 863 1469 τήν

47 1473 339 1515 περικεφαλαίαν
372 1469 471 1526 ἱμάς.
517 1472 590 1515 (-
615 1470 690 1507 ἀπὸ
724 1470 764 1507 δὲ
796 1473 862 1527 τῆς

49 1517 167 1563 αὐτῆς
189 1517 335 1560 ἐννοίας
358 1519 421 1552 καὶ
447 1515 552 1561 ὀχῆες
574 1518 612 1553 οἱ
625 1518 768 1563 μοχλοὶ,
783 1516 859 1552 οἷπὸ

47 1567 117 1601 τοῦ
143 1564 304 1609 συνέχειν
334 1563 399 1604 τὰς
431 1563 568 1606 θύρας.
617 1564 655 1598 λέ
640 1577 710 1608 γει
735 1562 776 1598 δὲ
800 1563 863 1599 καὶ

49 1609 165 1657 ὀχῆας
188 1610 256 1655 τήν
280 1610 455 1655 (ῩίΙΙοί5Λ
479 1610 569 1650 τούς
585 1609 680 1664 τὴν)
694 1612 761 1646 τοῦ
779 1609 862 1645 θώ-

47 1670 161 1703 ρακος
185 1656 303 1700 ζωνην
323 1656 640 1713 .συγκατε’χοντας·
667 1654 754 1693 ὅθι
779 1659 862 1699 ζω-

49 1706 227 1762 στῆρος
252 1702 402 1761 ὀχῆες.
430 1701 596 1761 [δ’,132.]
621 1706 702 1748 Ap.)
727 1702 862 1739 τέτα-

46 1765 111 1788 το.
135 1749 349 1791 ὑπετέτατο,
374 1748 577 1795 ἐσφιγγετο.
600 1750 681 1788 Sch.
722 1763 859 1796 τρυφ.

48 1811 81 1835 ν.
106 1811 183 1833 ann.
209 1797 253 1832 ad
276 1800 356 1833 362-

94 1847 163 1882 373
223 1844 310 1885 εἴρ.
336 1843 489 1878 είλκυσε.
535 1842 764 1879 ἄσπετον.
788 1857 860 1879 πο-

49 1890 106 1928 λύ.
155 1889 222 1935 ἥρ.
258 1888 509 1944 ἀπηνέγκατο,
534 1889 722 1936 ἐκτήσατο.
748 1891 830 1924 Sch.

96 1938 184 1978 374,
209 1937 242 1971 5.
292 1933 375 1979 ὀξύ
412 1936 601 1992 νόησεν.
656 1936 767 1979 ὀξέως
799 1936 862 1971 καὶ

50 1984 187 2028 ταχέως
209 1981 405 2017 ἐθεάσατο.
432 2002 478 2008 -
503 1982 719 2028 ἔρρηξεν.
747 1981 861 2027 (ῥῆ-

52 2029 371 2088 ζεῢν)διέῤῥηξεν,
387 2029 533 2085 ἔκοψεν.
568 2043 648 2074 ιφι
672 2043 733 2064 κτ.
759 2031 862 2073 ἰσχυ-

51 2079 126 2123 ρῶς
149 2077 210 2112 καὶ
234 2089 326 2119 μετα
353 2078 438 2122 βίας
461 2073 738 2120 ἀναιρεθέντος,
751 2089 863 2111 τουτ-

50 2125 147 2161 τέστι
175 2122 389 2167 σφαγέντος.
416 2123 614 2167 (epitheton
634 2133 768 2156 ornans,
801 2122 864 2156 ad-

51 2173 157 2207 ditum
184 2175 262 2214 ῐφι,
288 2169 368 2214 quia
393 2169 527 2203 viribus
547 2180 633 2215 opus
652 2175 705 2203 est
719 2169 762 2203 ad
784 2181 864 2203 cae-

50 2217 197 2254 dendum
221 2217 354 2250 bovem.
378 2217 433 2248 Es
456 2217 520 2260 H.)
543 2217 626 2250 Sch.

95 2265 177 2299 376.
223 2275 324 2307 παχ.
349 2262 491 2316 ἰσχυρᾷ.
519 2263 602 2296 Sch.

96 2311 175 2345 378.
198 2308 271 2365 ἐρ.
297 2307 757 2352 εὐάρμοστοι,σπουδαῖοι.
770 2306 865 2351 (47.)

51 2369 149 2392 κατ.
184 2352 412 2391 ἀποκτεῖναι.
459 2368 556 2400 μεν.
590 2354 864 2398 προθυμονμε-

53 2416 128 2442 νος·
152 2402 232 2435 Sch-

98 2450 178 2485 380.
228 2447 360 2492 ε’γχεϊ.
409 2459 510 2493 quam
543 2448 674 2482 hastam
710 2446 865 2480 emissam

55 2497 162 2541 (355,
185 2496 285 2538 368.)
310 2495 364 2528 vel
387 2505 430 2528 ex
454 2495 526 2528 solo
553 2493 723 2538 arripuit,
747 2492 803 2526 vel
823 2492 866 2525 ab

54 2541 271 2576 adstantibus
296 2541 397 2575 aliam
422 2540 570 2585 accepit.
602 2541 734 2573 frustra
758 2549 866 2583 quae-

55 2592 137 2622 runt
159 2587 383 2643 grammatici.
420 2598 453 2620 v
482 2587 527 2620 H.

100 2635 190 2674 381,
223 2635 257 2669 2.
317 2630 337 2678 ἥ
352 2645 435 2675 ερι.
491 2630 675 2677 ἀορασιᾳ,
725 2630 866 2677 σκοτίᾳ.

59 2679 156 2724 Virg.
180 2659 266 2714 :Aen-
293 2682 334 2722 1,
369 2680 471 2715 411*
515 2685 554 2714 at
586 2679 698 2711 tenus
726 2666 865 2710 obscuro

59 2726 253 2769 gradientis
273 2728 354 2759 abre
370 2727 495 2770 sepsit,
520 2727 566 2759 Et
588 2726 695 2758 multo
717 2724 864 2756 nebulae

60 2771 185 2804 circum
201 2772 267 2805 dea
277 2773 376 2815 fudit
389 2773 550 2817 amictu.)
567 2785 587 2805 κ
600 2770 622 2806 ά
634 2767 699 2805 66⁹
726 2767 863 2804 είσεν.

61 2817 113 2861 (h.
139 2829 170 2850 e.
195 2821 344 2853 καθεῖσε
370 2817 421 2854 δέ.
465 2818 514 2852 ita
535 2819 636 2856 Sch.,
671 2816 776 2860 idque
797 2827 868 2849 ma-

61 2863 115 2913 gis
151 2863 365 2898 Homericum
406 2876 507 2909 quam
546 2865 723 2908 vulgatum
752 2858 865 2897 ’‘0266'

61 2907 135 2944 εἴας’
168 2907 208 2944 ἐν
240 2909 376 2944 videtur
396 2911 555 2970 BentleJo
584 2917 688 2954 atque
711 2907 868 2959 Heyneo.

62 2967 145 2990 sane
177 2956 306 2999 Odyss.
328 2955 382 3000 θ’,
407 2958 487 2993 472.
520 2958 585 2991 hoc
614 2955 764 3000 legitur:
799 2953 872 2990 εἷσε

62 2999 100 3037 δ’
129 2999 177 3046 ἂρ
202 3001 317 3039 αὐτὸν
341 3002 476 3050 Μέσσφ
513 3001 774 3046 δαιτυμόνων,
809 3012 872 3035 nec

907 1193 1006 1229 nobis
1024 1195 1156 1229 arridet
1167 1194 1341 1240 scriptura
1349 1192 1571 1238 κακόφωνος
1590 1207 1612 1229 κ
1623 1206 1648 1228 α
1656 1194 1678 1229 δ
1687 1191 1721 1229 δ’

908 1239 999 1277 εἷσ’
1024 1239 1084 1277 ἐν.
1117 1247 1268 1276 ceterum
1287 1241 1372 1275 nihil
1389 1242 1518 1281 obstat,
1543 1241 1723 1298 quominus

908 1289 1050 1322 verbum
1088 1287 1264 1323 καθιέναι
1305 1292 1529 1322 construatur
1564 1298 1638 1320 cum
1680 1285 1722 1322 ἐν

908 1333 1167 1391 praepositione
1199 1334 1332 1379 pariter
1374 1338 1479 1378 atque
1519 1332 1606 1367 alias
1647 1344 1722 1367 cum

909 1380 983 1422 εἰς,
1006 1379 1120 1424 πρὸς,
1145 1377 1232 1423 ὑπὸ,
1259 1380 1376 1424 rissam)
1412 1378 1636 1434 κηώεντι.
1660 1392 1723 1415 τε-

907 1426 1164 1483 θυμιασμένῳ.
1201 1427 1315 1472 (Ap..
1350 1424 1488 1471 κηώδει
1527 1424 1592 1469 [ζ’,
1616 1424 1696 1461 483.
1708 1428 1721 1472 ]

908 1470 1060 1509 εὐώδει·
1097 1471 1171 1508 ἀπὸ
1201 1474 1270 1508 τοῦ
1303 1474 1481 1508 καίεσθαι
1505 1470 1551 1507 τὰ
1574 1471 1723 1516 θυμιά-

908 1532 1018 1563 ματα.
1062 1519 1112 1552 ibi
1137 1519 1270 1553 Villois.
1285 1531 1294 1552 :
1317 1518 1488 1560 „deducit
1510 1518 1661 1563 κηώδης
1678 1531 1723 1554 ex

907 1567 1002 1601 καίω
1028 1571 1065 1599 et
1095 1562 1179 1607 ὄζω.
1189 1568 1213 1584 “
1272 1566 1391 1599 eadem
1424 1577 1510 1599 vero
1543 1566 1635 1599 ratio
1669 1572 1724 1600 est

908 1613 978 1647 τοῦ
1001 1609 1163 1656 κηώεις.)
1193 1611 1275 1645 Sch.
1300 1611 1440 1644 multum
1464 1616 1551 1645 vett.
1576 1613 1723 1646 uteban-

908 1663 965 1693 tur
987 1658 1085 1692 bonis
1109 1657 1291 1699 odoribus,
1317 1668 1390 1690 cum
1415 1656 1451 1690 in
1475 1657 1626 1702 templis,
1650 1663 1722 1692 tum

908 1705 998 1739 domi
1025 1704 1069 1738 ad
1093 1704 1265 1738 suffienda
1290 1708 1387 1737 tecta
1411 1707 1448 1737 et
1479 1704 1639 1739 armaria.
1687 1717 1721 1739 v·

908 1749 948 1794 ζ,
973 1752 1061 1786 288.
1087 1749 1139 1791 ω’,
1165 1752 1250 1792 191,
1275 1750 1403 1795 Odyss.
1431 1747 1475 1790 θ’,
1498 1751 1556 1785 99.
1580 1750 1636 1784 Ε.τ
1665 1752 1723 1787 W.

908 1798 953 1832 cf.
979 1797 1091 1830 Feith.
1116 1807 1148 1841 p.
1176 1795 1233 1832 54.

954 1844 1034 1880 383.
1082 1843 1192 1878 καλέ
1206 1856 1258 1878 ου
1272 1839 1310 1877 σ’
1316 1867 1325 1876 .
1358 1838 1442 1877 αντὶ
1461 1843 1531 1877 τοῦ
1547 1841 1722 1878 καλέσου-

909 1901 976 1932 σα,
1002 1887 1154 1932 ἅξουσα.
1187 1890 1252 1933 (cf.
1276 1887 1323 1935 β,
1347 1890 1428 1928 366,
1447 1887 1493 1929 δ’,
1512 1891 1571 1930 29,
1594 1890 1721 1924 Matth.

908 1940 941 1980 ἓ.
966 1916 1057 1978 178,
1081 1938 1115 1970 2.
1141 1937 1225 1979 etc.)
1279 1936 1332 1970 ιἐ.
1365 1935 1609 1992 παρεγένετο,
1635 1934 1722 1972 ε’πο-

909 1982 1048 2026 ρεύετο.
1080 1984 1164 2025 κίχ.
1190 1981 1425 2037 ἐκατὲλαβεν,
1450 1976 1544 2026 εὗρε.
1570 1982 1651 2015 Sch.

954 2030 1034 2064 384.
1088 2029 1255 2068 Τρωαὶ
1298 2025 1427 2070 ἅλις,
1475 2040 1543 2062 non
1583 2031 1634 2073 Τρ
1639 2029 1724 2064 metir

909 2076 984 2110 sive
1013 2074 1225 2118 Τρωάδων,
1250 2080 1288 2108 ut
1309 2074 1348 2109 αἱ
1373 2073 1440 2118 μέν
1462 2088 1482 2109 τ
1493 2042 1634 2110 ’ἔρνθα
1642 2071 1726 2116 α’λις

910 2121 1144 2166 πεποτήαται
1178 2121 1223 2169 β’,
1257 2123 1313 2157 90.
1326 2146 1335 2164 ,
1375 2119 1457 2162 ἃλις
1490 2134 1649 2166 αρουραι
1680 2120 1724 2166 ξ’,

912 2170 989 2204 122.
1017 2176 1085 2204 etc.

956 2216 1037 2250 385.
1088 2214 1274 2254 Helenam,
1300 2224 1390 2258 quae
1415 2212 1646 2257 cogitabunda
1669 2223 1727 2247 se-

912 2262 972 2296 det
999 2261 1035 2294 in
1068 2261 1177 2300 turri,
1212 2260 1297 2294 clam
1330 2259 1578 2304 superveniens
1608 2260 1726 2293 Venus

911 2307 988 2341 velo
1015 2308 1185 2352 prehenso
1210 2305 1361 2340 concutit
1386 2311 1422 2339 et
1447 2317 1484 2340 se
1509 2305 1605 2350 sequi
1626 2306 1726 2350 jubet

913 2354 956 2388 ad
990 2353 1162 2387 Paridem.
1222 2352 1312 2398 quod
1337 2352 1467 2386 factum
1492 2351 1583 2385 illius
1608 2351 1725 2386 mirum

912 2404 967 2434 est
991 2412 1091 2444 quam
1116 2401 1234 2454 inepte
1258 2398 1472 2442 grammatici
1493 2402 1580 2434 vett.
1597 2397 1725 2442 aliique

912 2446 1136 2491 interpretati
1161 2445 1243 2486 sint,
1268 2445 1344 2478 dum
1363 2456 1430 2478 non
1454 2444 1590 2485 vident,
1615 2443 1725 2488 ipsius

913 2504 1004 2526 nunc
1037 2492 1182 2526 Veneris
1224 2503 1294 2525 rem
1329 2490 1408 2535 agi,
1449 2502 1512 2524 nec
1548 2489 1726 2524 ferendum

913 2539 1020 2572 fuisse
1049 2544 1146 2572 tanto
1179 2537 1329 2579 numini,
1367 2542 1422 2577 ut,
1456 2537 1555 2581 cujus
1580 2548 1647 2581 ope
1668 2537 1726 2580 ju-

913 2585 1038 2619 dicium
1061 2585 1224 2624 vicisset,
1258 2583 1287 2617 is
1318 2583 1472 2629 praemio
1507 2584 1550 2616 ab
1581 2594 1618 2616 se
1642 2594 1725 2627 pro-

912 2631 1024 2676 posito
1049 2631 1271 2683 spoliaretur.
1321 2629 1413 2674 quod
1445 2634 1557 2663 autern
1586 2629 1645 2662 vix
1670 2639 1727 2662 re-

911 2682 1097 2731 cuperatae
1124 2675 1280 2720 conjugis
1303 2675 1558 2720 pulcherrimae
1587 2673 1726 2708 deside-

910 2723 962 2758 rio
989 2729 1129 2768 praeter
1151 2722 1290 2755 solitum
1314 2722 1467 2767 flagrans
1493 2720 1603 2761 Paris,
1629 2724 1726 2765 post-

912 2781 1017 2824 quam
1035 2770 1118 2803 iram
1146 2769 1223 2813 ejus
1248 2768 1421 2812 placavit,
1457 2772 1641 2813 praesente
1673 2770 1727 2799 at-

915 2828 984 2861 que
1007 2815 1174 2849 incitante
1202 2814 1326 2848 amoris
1361 2814 1452 2855 dea,
1484 2825 1527 2847 ne
1555 2824 1576 2846 a
1593 2815 1725 2846 eoncu-

914 2862 991 2896 bitu
1015 2862 1161 2916 quide-‘m
1176 2864 1369 2905 temperat,
1402 2859 1504 2893 valde
1526 2858 1726 2891 inhumanus

915 2908 1042 2950 fuerit,
1068 2908 1127 2952 qui
1153 2908 1188 2941 in
1212 2918 1254 2940 eo
1280 2907 1336 2940 vel
1360 2905 1526 2939 hominem
1550 2903 1726 2937 maritum-

917 2966 986 2999 que
1009 2954 1281 2994 adolescentem,
1315 2953 1371 2985 vel
1401 2950 1510 2995 ipsam
1544 2950 1726 2991 Venerem,

918 3001 1013 3046 cujus
1056 3012 1098 3035 ea
1142 3005 1196 3034 est
1234 2996 1438 3044 provincia,
1483 2995 1726 3041 reprehendat.
