1811 3269
471 142 818 193 XPONOI‚
871 143 1285 187 ΒΙΟΣκ.τ.λ.
1679 147 1708 202 9

43 257 270 310 &five-2112)
301 256 373 301 καὶ
400 253 651 306 Ἑλλάνικος
681 252 956 324 ἀφαιροῦσιν
987 251 1150 305 αὐτοῦ,
1183 254 1228 297 οἵ
1246 251 1397 307 μέντοι
1426 250 1602 321 ἀρχαῖοι
1632 253 1709 297 καὶ

42 314 122 358 τόν
151 313 331 357 Κύκλου
350 314 409 366 13)
441 310 750 368 ἀναφέρουσιν
790 312 851 362 εἰς
892 309 1040 354 αὐτόν.
1078 309 1369 366 προστιθέασι
1405 308 1452 352 δὲ
1482 309 1602 369 αὐτῷ
1634 310 1710 354 καὶ

40 369 221 433 παίγνιά
240 386 353 424 τινα,
383 371 621 439 Μαργίτην
633 370 688 421 14)
709 368 784 412 καὶ
797 368 1264 425 Βατραχομυομαχίαν,
1286 368 1308 393 *
1323 355 1708 424 ἐντεποέκτιον*16)

41 425 165 484 αἶγα,
194 426 437 483 Κέρκωπας
465 442 624 478 κενους
635 427 706 480 16.)

42 553 129 587 Just.
154 552 302 598 Kappen
327 553 559 597 (Erkldrende
582 552 854 597 Anmerkungen

43 612 87 632 :u
111 599 258 633 Homers
284 601 385 641 llius,
423 601 613 633 verbessert
639 610 706 632 von
738 598 780 631 F.
806 598 852 631 E.

43 646 231 690 Ruhkopf,
266 647 312 681 K.
336 646 378 679 F.
404 646 592 687 Heinrich,
617 645 658 678 F.
687 643 851 689 Spitzner

44 703 76 725 u.
107 691 141 725 J.
178 692 218 727 C.
250 692 296 726 H.
322 694 483 734 Krause,
514 692 536 726 6
559 692 666 733 voll.,
705 690 850 725 1804—

47 738 189 781 1823),
222 742 258 772 et
281 738 433 783 scriptor
458 748 645 782 anonymus
668 736 746 771 libri
771 747 851 781 ger-

44 784 168 818 manici
200 785 386 819 Schreiben
408 786 492 819 iiber
517 785 670 824 Homer,
714 795 762 817 an
796 783 852 816 die

44 831 205 865 Freundc
229 832 293 864 der
314 832 448 876 griech.
473 831 679 865 Litteratur.
704 841 768 863 nec
792 841 853 863 ne-

45 876 200 921 gligendi
225 881 305 911 sunt
328 877 522 911 Heerenius
551 878 685 920 (Itleen,
710 876 779 909 Th.
805 876 851 916 3.,

44 923 150 956 Abth.
179 925 223 965 1.,
249 924 376 957 Absch.
397 923 461 968 6.),
487 923 654 957 Demaree
681 923 852 966 (Versuch

44 969 129 1002 fiber
154 969 210 1004 die
236 970 357 1003 Cultur
390 971 452 1003 der
482 970 652 1003 Griechen
683 981 746 1003 zur
772 969 851 1002 Zeit

46 1015 204 1057 Homers‚
232 1017 370 1059 1797),
402 1016 495 1049 Lenz
522 1016 621 1057 (iiber
647 1016 703 1049 die
730 1015 852 1048 Dicht-

46 1062 147 1096 kunst
173 1063 235 1096 der
262 1063 432 1096 Griechen
457 1064 504 1095 im
528 1063 728 1096 heroischen
754 1062 851 1095 Zeit-

46 1109 148 1151 altcr,
171 1107 207 1142 in
231 1108 298 1142 den
322 1108 469 1143 Nachtr.
496 1120 540 1142 zu
564 1109 707 1142 Sulzers
732 1108 850 1141 Theo-

45 1153 97 1188 rie
121 1154 182 1188 der
204 1156 352 1189 schonen
376 1157 530 1197 Kfinste,
556 1156 621 1189 Bd.
644 1157 678 1190 2.
704 1154 759 1188 St.
787 1154 851 1198 1.)‚

46 1205 102 1242 et,
127 1201 186 1245 qui
210 1212 355 1236 summas
378 1202 415 1236 id
442 1213 551 1246 genus
583 1213 640 1235 res
673 1201 853 1245 eleganter

47 1248 243 1292 complexus
262 1253 327 1291 est,
353 1248 460 1282 Henr.
477 1249 582 1282 Hase.
609 1248 853 1292 (Grieclzische

45 1295 398 1336 Alterthumskunde,
438 1296 461 1330 2
497 1295 602 1336 voll.,
637 1294 757 1337 1828.)
799 1293 854 1327 cui

46 1339 124 1374 viro
150 1340 241 1373 haud
265 1341 442 1384 indignum
476 1341 631 1375 comitem
657 1339 855 1383 adjunxeris

47 1386 245 1420 Nitschium
264 1387 544 1431 (Beschreibung
565 1388 624 1420 des
642 1387 853 1425 haffslichen,

45 1433 389 1477 gottesdienstlichen
406 1446 439 1466 u.
465 1445 490 1466 s.
510 1445 550 1466 w.
577 1433 772 1466 Zustandes
795 1433 856 1464 cler

50 1478 242 1522 Gricchcn,
270 1480 409 1521 1806),
449 1479 653 1523 praesertim
686 1478 856 1512 volumine

48 1527 80 1559 1.
106 1529 143 1558 et
174 1523 229 1565 4.,
263 1536 405 1569 quorum
441 1525 544 1566 illud,
579 1524 670 1570 quod
704 1524 856 1557 continet

47 1571 261 1604 Graecorum
279 1571 457 1604 historiam
483 1576 587 1615 atque
606 1570 855 1615 geographiam

46 1618 198 1658 brevem,
223 1619 424 1660 πολιτείας,
449 1617 654 1662 religiones,
679 1617 856 1660 vitamque

47 1663 291 1707 domesticam,
316 1676 337 1698 a
362 1665 407 1697 G.
435 1665 482 1697 G.
508 1665 545 1697 S.
574 1664 719 1708 Kiipkeo
745 1674 857 1696 emen-

47 1711 164 1744 datum
196 1715 271 1752 est,
305 1710 339 1746 4.
380 1722 484 1751 vero,
527 1710 562 1744 in
607 1722 673 1754 quo
708 1715 858 1753 aguntur

47 1757 142 1801 leges
169 1760 205 1790 et
225 1757 360 1800 judicia
384 1757 609 1795 Graecorum,
636 1767 759 1800 magna
784 1767 857 1789 cum

46 1802 147 1836 laude
178 1803 344 1848 scriptum
370 1804 413 1837 ab
439 1803 556 1837 eodem
590 1804 757 1836 litterato.
794 1814 857 1835 nec

48 1848 241 1894 poenitebit
277 1861 463 1894 usurpasse
497 1850 530 1884 J.
555 1850 594 1883 C.
621 1849 660 1883 L.
688 1849 856 1882 Schaasfii

48 1895 171 1929 librum
217 1897 448 1940 germanicum
501 1898 545 1930 de
592 1896 856 1940 antiquitatibus

48 1942 264 1975 Graecorum
318 1943 597 1986 (Eucyclopiidio
645 1943 706 1975 der
752 1943 855 1975 klass.

48 1989 395 2030 Alterthumskunde‚
422 1991 445 2023 2
469 1989 570 2030 v.,oll
599 1988 734 2031 1806..)
771 1999 855 2032 qua-

48 2045 124 2068 rum
157 2034 401 2080 antiquitatum
439 2035 497 2080 qui
534 2040 652 2080 partes
692 2034 856 2078 explana-

48 2085 194 2122 verunt,
228 2093 342 2115 eorum
378 2081 487 2126 primo
521 2081 744 2126 nuncupandi
778 2084 856 2113 sunt

48 2127 280 2171 mythologiae
311 2128 440 2162 veteris
473 2134 632 2162 auctores
658 2127 857 2161 Creuzerus

47 2178 84 2207 et
112 2173 144 2207 J.
168 2173 213 2207 H.
240 2175 380 2208 Vossius
417 2175 631 2219 (Mytholog.
655 2173 857 2217 Briefe,2

47 2219 170 2263 voll.);
196 2220 320 2255 deinde
344 2221 432 2255 idem
456 2223 622 2265 Kopkeus
648 2227 791 2266 propter
816 2219 857 2253 li-

47 2266 144 2299 brum
173 2278 296 2311 germ„
332 2279 431 2312 quem
457 2269 557 2303 1807.
584 2267 714 2308 edidit,
752 2266 795 2299 de
820 2277 858 2300 re

47 2312 186 2346 militari
221 2313 434 2348 Graecorum
472 2326 558 2348 aevo
592 2315 752 2354 heroico;
785 2318 856 2346 tum

48 2359 857 2450 §fff‘gffiffljeflgffiffjmggefilgw‘'⁰{{¹12{§b{¹gg

49 2452 111 2485 der
134 2453 232 2485 alten
260 2454 462 2487 Geschichte
487 2454 592 2497 etc.),
618 2453 857 2486 Schonemann

49 2498 304 2542 (commentatio
350 2500 394 2533 de
428 2511 546 2543 geogr.
583 2500 684 2533 Hom.
725 2498 857 2541 1787.)‚

48 2548 89 2578 A.
124 2546 169 2578 G.
195 2546 357 2589 Schlegel
390 2546 453 2590 (de
486 2557 607 2590 geogr.
635 2546 731 2579 Hom.
765 2556 858 2578 com-

47 2591 231 2633 mentatio,
259 2592 379 2635 1788.)
395 2618 405 2634 ,
439 2592 552 2626 Ukert
576 2592 860 2634 (Bemerkungen

47 2639 131 2671 {lber
168 2639 315 2671 Homcrs
353 2639 503 2684 Geogr.,
548 2639 688 2682 1815),
731 2638 859 2670 leker

49 2684 150 2728 (iiber
164 2685 254 2718 hom.
269 2685 397 2729 Geogr.
415 2698 449 2718 u.
471 2686 692 2726 lVeltkunde,
718 2683 860 2727 1830);

49 2741 117 2775 quo
157 2731 332 2776 pertinent
365 2732 468 2765 etiam
502 2731 757 2776 disputationes
790 2730 859 2763 Le-

49 2777 251 2811 chevalierii
290 2778 506 2821 (Beschrcib.
548 2778 610 2811 der
641 2778 761 2810 Ebene
793 2788 859 2809 von

51 2823 171 2866 Troja,
196 2825 259 2857 mit
277 2826 465 2858 Anmerkk.
481 2836 547 2858 von
565 2824 655 2858 Dalz
658 2825 709 2864 el,
736 2823 857 2867 1792.)

50 2874 87 2903 et
109 2870 256 2924 Spohnii
286 2870 482 2914 (comment.
517 2872 561 2904 de
593 2881 678 2915 agro
699 2848 857 2913 ’Trojano

49 2916 83 2949 in
117 2915 324 2951 carminibus
344 2917 486 2951 Homeri
512 2917 707 2974 descript0,
733 2913 856 2957 1814.)

48 2962 93 2996 cf.
125 2962 261 3007 Bogani
293 2963 396 3008 Angli
421 2964 606 2997 Homerum
637 2961 857 3017 ἓβραΐζοντα

47 3009 189 3054 (1658.)
224 3014 258 3043 et
283 3008 326 3043 de
350 3009 428 3044 aliis
454 3009 574 3053 libris,
611 3020 698 3056 quos
722 3008 857 3043 utiliter

900 551 1063 585 evolvant
1095 550 1132 587 οἱ
1166 549 1394 596 φιλόμηροι,
1433 548 1588 584 Fabricii
1619 549 1711 584 Bibl.

898 608 972 641 gr„
998 597 1127 631 editam
1152 599 1196 632 ab
1216 597 1398 639 Harlesio,
1422 596 1492 630 vol.
1517 595 1568 637 I.,
1593 595 1651 629 ubi
1676 599 1711 629 et

898 643 1041 677 Homeri
1064 643 1173 678 variis
1206 644 1332 689 linguis
1356 621 1568 696 interpretes
1591 653 1712 675 recen-

898 695 1039 731 sentur,
1073 701 1218 734 quorum
1244 702 1300 735 ap.
1328 689 1469 723 Latinos
1495 687 1572 723 olim
1596 688 1712 722 excel-

898 736 964 770 luit
995 735 1114 770 Livius
1146 737 1384 777 Andronicus,
1419 735 1464 769 de
1495 746 1562 779 quo
1597 739 1712 767 tamen

900 782 974 816 Cic.
996 783 1097 818 Brut.
1125 784 1198 817 18.:
1224 788 1258 816 et
1284 761 1437 827 Odyssea
1463 782 1577 815 latina
1602 779 1713 823 (Livii

898 828 1026 871 Andr.)
1074 833 1126 863 est
1159 830 1207 863 sic
1242 834 1412 873 tanquam
1453 839 1538 872 opus
1571 827 1714 871 aliquod

901 876 1074 917 Daedali,
1113 880 1145 909 et
1168 876 1341 908 Livianae
1358 875 1510 918 fabulae
1534 885 1606 907 ποη
1627 874 1714 906 satis

899 923 1053 967 dignae,
1087 933 1177 966 quae
1208 924 1335 956 iterum
1360 922 1546 965 legantur,
1579 919 1714 953 recenti

899 976 1013 1002 autem
1039 979 1125 1002 aevo
1159 969 1251 1014 apud
1286 968 1416 1011 Anglos
1441 967 1541 1000 Alex.
1567 965 1713 1010 Pupius,

898 1013 1163 1059 μεταφραστὴς
1187 1014 1323 1059 quidem
1349 1013 1408 1046 ille
1431 1025 1493 1047 seu
1513 1025 1714 1058 παραφρα-

899 1062 986 1106 στής
1010 1061 1126 1106 potius
1151 1073 1250 1106 quam
1284 1060 1428 1104 simplex
1460 1064 1567 1103 atque
1601 1059 1714 1092 since-

899 1120 959 1143 rus
983 1108 1177 1153 interpres,
1210 1112 1245 1141 et
1269 1107 1359 1151 apud
1385 1117 1467 1147 nOS‚
1500 1105 1561 1149 qui
1587 1105 1714 1139 ceteris

898 1155 1043 1199 palmam
1069 1154 1265 1199 praeripuit
1282 1154 1404 1186 iterum
1423 1153 1618 1196 iterumque
1644 1152 1711 1186 col-

900 1202 1015 1235 locata
1039 1212 1147 1245 opera
1170 1200 1205 1233 in
1229 1199 1398 1233 vertendo
1423 1199 1587 1239 Homero,
1613 1198 1646 1233 J.
1667 1198 1713 1232 H.

900 1248 1060 1281 Vossius.
1095 1248 1157 1280 sed
1182 1257 1314 1280 manum
1344 1245 1387 1278 de
1411 1244 1554 1278 tabula!

949 1294 1012 1337 12)
1039 1294 1158 1326 Xenon
1190 1293 1246 1327 vel
1280 1293 1414 1326 xenion
1446 1292 1539 1324 inter
1571 1290 1713 1325 histori-

901 1351 961 1374 cos
986 1344 1213 1380 memoratur3
1249 1339 1311 1372 sed
1344 1338 1388 1372 ad
1423 1337 1457 1371 h.
1482 1337 1505 1371 l.
1538 1337 1596 1370 vix
1633 1349 1713 1383 spe-

902 1391 1000 1420 ctare
1023 1386 1177 1419 videtur.
1203 1392 1287 1430 puto
1318 1383 1468 1428 Ζήνων,
1495 1385 1613 1417 Zenon
1640 1385 1715 1418 Cit-

902 1433 1035 1473 tiensis,
1062 1443 1162 1476 quem
1187 1432 1229 1465 de
1253 1431 1361 1464 Iliade
1378 1430 1457 1475 Od)
1461 1441 1539 1463 ssea
1564 1435 1599 1463 et
1617 1431 1715 1464 Mar-

903 1479 977 1522 gite
996 1478 1177 1523 scripsisse
1196 1477 1280 1511 satis
1297 1480 1445 1517 constat,
1472 1475 1529 1509 vel
1549 1488 1590 1509 ex
1602 1476 1715 1510 Dione

904 1525 1029 1568 Chrys.
1058 1530 1094 1557 et
1118 1524 1272 1557 Laeitio.
1299 1535 1379 1556 ann.
1407 1503 1554 1565 Ιίεῃηεί
1590 1523 1715 1556 Hella-

903 1571 1000 1603 m'cus
1031 1570 1198 1611 Lesbius,
1233 1569 1404 1603 Herodoti
1436 1569 1510 1602 fere
1543 1569 1714 1613 aequalis,

903 1617 1188 1656 Deucalioniam,
1232 1615 1483 1656 Phoronidem,
1526 1616 1715 1657 Atthidem,

905 1663 1042 1708 aliaque
1067 1663 1226 1708 scripsit:
1260 1662 1340 1695 vide
1365 1661 1610 1707 Apollodorum
1635 1673 1715 1707 pas-

904 1709 966 1743 sim
992 1716 1026 1743 et
1050 1709 1270 1754 Thucydidis
1303 1708 1455 1753 interpp.
1482 1710 1516 1748 l,
1540 1710 1598 1744 97.

952 1757 1014 1800 13)
1043 1757 1085 1790 de
1111 1756 1220 1801 Cyclo
1247 1754 1347 1800 epico
1373 1755 1588 1789 Graecorum
1615 1755 1716 1789 Wol-

904 1803 970 1836 fius
1006 1802 1171 1847 Prolegg.
1206 1801 1249 1834 ad
1275 1802 1375 1835 Hom.
1401 1813 1435 1846 p.
1464 1802 1561 1843 127.,
1594 1813 1716 1836 secun-

905 1850 983 1882 dum
1009 1849 1164 1882 Proclum
1191 1849 1395 1892 (λρηστομ.
1421 1845 1467 1882 δ’.
1493 1860 1526 1892 p.
1551 1848 1631 1883 378.
1660 1848 1714 1882 ed.

903 1896 1119 1949 Hephaest.,
1145 1906 1165 1928 a
1190 1894 1396 1928 Gaisfordio
1433 1894 1588 1938 curati):
1624 1894 1716 1935 f„uit

903 1942 994 1983 ille,‘
985 1944 1008 1960 “
1033 1941 1164 1986 inquit,
1191 1941 1398 1982 „multorum
1423 1939 1543 1982 ε’πων,
1583 1941 1627 1974 ab
1650 1940 1715 1974 ini-

903 1988 961 2021 tiis
985 1999 1099 2021 rerum
1124 1999 1234 2031 usque
1258 1987 1302 2020 ad
1326 1992 1467 2020 mortem
1487 1987 1627 2031 Ulyssis
1654 1987 1716 2021 de-

903 2035 1103 2075 ductorum,
1139 2033 1315 2074 collectio,
1355 2044 1485 2067 omnem
1516 2045 1628 2078 prope
1661 2034 1715 2067 fa—

902 2081 1055 2114 bularem
1087 2079 1266 2113 historiam
1300 2084 1468 2124 perpetua
1504 2085 1540 2113 et
1564 2080 1715 2113 naturali

903 2127 995 2160 serie
1019 2126 1261 2170 complectens.
1265 2129 1289 2145 “
1313 2126 1506 2170 suppletum
1523 2126 1623 2159 ibant
1643 2126 1715 2171 Cy-

904 2173 983 2206 clici
1005 2173 1055 2207 illi
1082 2174 1290 2213 Homerum,
1317 2173 1414 2217 quasi
1441 2172 1627 2217 quidquam
1652 2172 1715 2206 de-

904 2225 997 2253 esset
1040 2220 1112 2263 ejus
1151 2219 1313 2264 operibus
1358 2219 1402 2252 ad
1442 2219 1713 2263 perfectionem3

904 2277 991 2311 quos
1024 2265 1209 2299 historicos
1252 2265 1415 2299 dicendos
1458 2265 1570 2309 potius
1613 2277 1712 2311 quam

904 2316 1027 2357 poetas
1051 2312 1195 2346 Flaccus
1225 2311 1380 2357 exagitat
1403 2311 1551 2356 epistola
1584 2312 1627 2346 ad
1652 2312 1712 2346 Pi-

903 2370 1004 2392 sones
1039 2358 1116 2393 136.

954 2405 1017 2448 14)
1043 2404 1220 2449 abjudicat
1250 2405 1293 2438 ab
1320 2404 1471 2438 Homero
1505 2403 1542 2437 id
1576 2416 1711 2438 carmen

905 2452 1065 2485 Eustath.
1085 2417 1208 2484 Jannot.
1238 2451 1281 2483 ad
1305 2451 1433 2496 Odyss
1456 2448 1488 2485 κ’
1513 2455 1710 2486 extremam.

905 2504 942 2531 at
967 2497 1171 2531 Aristoteles
1196 2497 1295 2530 Poe't.
1319 2496 1372 2531 4.:
1408 2495 1619 2554 διεσπασθη
1656 2496 1710 2540 δὲ,

902 2544 1035 2600 inquit,
1067 2542 1162 2578 κατοὶ
1186 2542 1232 2577 τοὶ
1259 2544 1378 2577 οἰκεῖα
1402 2542 1482 2589 ἤθη
1507 2541 1530 2588 ἡ
1554 2546 1713 2589 ποίησις.

906 2590 941 2626 οἱ
965 2588 1032 2645 μὲν
1055 2589 1125 2636 γὰρ
1151 2587 1364 2649 σεμνότεροι
1398 2605 1465 2632 τας
1495 2591 1610 2632 καλάς
1634 2590 1711 2635 ἐμι-

904 2638 1047 2681 μοῦντο
1071 2635 1237 2681 πράξεις,
1261 2637 1324 2672 καὶ
1347 2636 1414 2679 τὰς
1438 2639 1513 2672 τῶν
1528 2636 1713 2673 τοιούτων

904 2683 1029 2728 τύχας·
1055 2684 1091 2718 οἱ
1113 2683 1152 2719 δὲ
1169 2682 1411 2727 εὐτελέστεροι
1431 2683 1499 2725 τὰς
1517 2698 1593 2720 των
1613 2683 1710 2729 φαύ-

906 2734 992 2772 λων,
1015 2733 1165 2773 πρῶτον
1188 2728 1334 2775 ψόγους
1355 2733 1565 2772 ποιοῦντες,
1590 2731 1711 2776 ὥσπερ

906 2776 1026 2835 ε’τεροι
1055 2775 1201 2835 ’ὕμνους
1228 2791 1292 2812 και
1323 2775 1507 2836 ἐγκώμια.
1537 2779 1614 2813 τῶν
1644 2792 1711 2823 μεν

905 2819 977 2859 οὖν
1008 2825 1080 2868 πρὸ
1101 2821 1273 2870 Ομήρου
1306 2823 1462 2867 οὐδενὸς
1495 2823 1650 2882 ε’χομεν
1656 2825 1710 2860 εἰ-

904 2875 987 2906 πεῖν
1010 2874 1186 2907 τοιοῦτον
1209 2871 1374 2914 ποίημα,
1411 2871 1509 2912 εἰκὸς
1543 2870 1583 2908 δὲ
1615 2870 1712 2907 εἶναι

905 2917 1085 2961 πολλούς·
1121 2915 1196 2953 ἀπὸ
1229 2915 1269 2952 δὲ
1290 2915 1457 2975 “Ομήρου
1489 2915 1711 2962 ἀρξαμένοις

907 2963 1026 3000 ἐστιν·
1073 2963 1156 3001 οἷον
1197 2962 1388 3002 εκείνου
1430 2962 1450 3002 ὃ
1491 2967 1708 3021 Μαργεί-

904 3025 986 3058 της
1013 3011 1078 3048 και
1109 3011 1157 3047 τὰ
1186 3013 1366 3055 τοιαῦτα,
1410 3011 1450 3048 ἐν
1480 3010 1536 3052 οἷς
1567 3025 1630 3047 και
1665 3010 1706 3048 τὸ
