1811 3269
104 157 190 199 174

735 153 1140 195 ΟΜΗΡΟΥ

273 263 441 309 πόντον
471 264 743 316 ἐπιπλώσας,
774 263 1004 318 ἓτάρους’
988 266 1162 320 ερίηρας
1193 263 1381 320 ἀγείρας,

275 322 445 392 μιχθεὶς
474 323 759 365 ἀλλοδαποῖσι
788 320 967 392 γυναῖκ’
994 321 1148 364 εὐειδέ’
1180 321 1336 391 ἀνῆγες

275 379 318 431 ἐξ
351 377 480 433 ἀπίης
510 380 656 434 γαίης,
686 379 798 422 νυὸν
828 376 1005 432 ἀνδρῶν
1035 378 1295 433 αίχιιητάων,

190 440 245 482 50
275 437 409 488 πατρί
438 450 481 476 τε
518 439 580 494 σῷ
612 436 721 491 μέγα
751 439 868 492 πῆμα
903 434 1037 490 πόληΐ
1062 451 1107 477 τε
1135 438 1266 478 παντί
1295 452 1338 478 τε
1367 434 1503 491 δήμω,

275 491 532 561 δυσμενέσιν
553 481 638 548 μὲν
669 492 838 548 χάρμα,
870 494 1110 547 κατηφείην
1141 493 1186 534 δὲ
1217 493 1287 535 σοὶ
1318 492 1462 536 αὐτῶ]

277 547 360 591 οὐκ
394 547 447 590 οἳν
478 547 530 617 δη
569 551 756 620 μείνειας
784 550 1035 621 Ἀρηῖφιλον
1063 549 1214 591 Μενὲλ
1219 565 1323 598 αον,·

271 607 422 673 γνοίης
451 602 508 660 χ’,
541 608 640 650 οιόυ
672 607 820 662 φωτός
851 607 958 660 ἔχεις
987 604 1183 673 θαλερην
1213 604 1487 658 παράκοιτιν.

277 659 361 704 οὐκ
391 660 446 703 ἄν
475 677 544 704 τοι
572 667 770 724 χραίσμη
791 666 987 733 κίθαρις,
1017 661 1070 704 τά
1098 678 1142 704 τε
1174 662 1281 716 δῶρ’
1313 661 1581 717 Ἀφροδίτης,

188 722 242 765 55
273 718 300 773 ἥ
331 734 375 761 τε
405 715 543 787 κόμη,
575 720 624 763 τό
655 737 697 764 τε
730 719 866 771 εἶδος,
897 717 963 762 ὅτ’
996 718 1042 761 ἐν
1065 720 1252 776 κονίῃσι
1282 721 1460 774 μιγείης.

273 773 384 818 ἀλλὰ
413 774 531 831 μάλα
568 781 715 832 Τρῶες
747 776 1020 833 δειδήμονες·
1052 778 1078 832 ἡ
1110 775 1152 819 τέ
1183 791 1258 819 κεν
1291 775 1375 832 ἠδη

104 891 158 923 est
175 889 432 934 interpretati0‚
457 890 519 924 sed
544 902 617 924 cum
627 891 766 936 PaJneo
779 890 915 935 Knigh—

103 936 154 970 tio
181 940 284 975 τοῖος
313 935 359 980 δὴ
381 949 470 978 εων,
498 938 580 970 talis
600 939 727 971 scilicet
753 949 827 970 cum
855 938 913 978 sis,

103 982 250 1026 ignavus
270 988 305 1016 et
323 994 424 1027 quem
442 982 646 1036 ignominiae
665 983 914 1028 dedecorisque

104 1028 196 1061 haud
214 1029 354 1073 pudeat.
393 1028 591 1072 permisceri
612 1031 723 1063 solent
747 1029 811 1062 hae
832 1040 914 1083 par-

103 1074 249 1116 ticulae,
284 1080 473 1120 notumque
501 1081 573 1116 est,
608 1075 655 1119 δὴ
682 1078 844 1124 usurpari
879 1075 914 1108 in

102 1119 225 1154 ironia.
275 1121 297 1164 ἠ
315 1139 359 1146 -
384 1121 453 1164 δή,
478 1125 516 1153 ut
534 1119 576 1161 σ’,
603 1124 678 1156 12:
706 1124 728 1167 ἡ
748 1120 848 1178 μάλα
868 1120 913 1167 δὴ

101 1166 260 1211 τέθνηκε
296 1168 502 1201 Μενοιτίου
535 1165 686 1211 ἄλκιμος
726 1165 810 1209 υιός
848 1172 912 1201 etc.

102 1224 217 1258 neque
242 1213 330 1246 enim
357 1214 443 1246 haec
468 1213 561 1247 dicta
585 1219 666 1248 sunt
691 1213 915 1259 ἕρωτηματι-

102 1272 199 1300 κως,
233 1264 272 1292 ut
303 1264 426 1302 putant
459 1259 526 1292 viri
557 1260 671 1302 docti,
704 1261 800 1295 libris
825 1266 910 1295 vett.

102 1310 234 1339 temere
258 1305 548 1361 obtemperantes.

149 1351 208 1386 47.
264 1349 418 1385 ἐπιπλ.
461 1350 693 1391 ἐπιπλεύσας.
759 1351 818 1387 ἑτ.
853 1351 913 1395 ἕρ.

103 1395 174 1442 ἀγ.
201 1394 295 1441 άγαν
327 1395 580 1440 εὐαρμόστους
608 1399 668 1433 καὶ
691 1397 915 1444 ἐπεράστους

103 1447 249 1498 φίλους,
269 1443 459 1479 τουτέστιν
478 1442 582 1489 αυτῷ
604 1441 760 1488 ὁμοίους
784 1446 916 1490 φίλους

102 1491 168 1526 καὶ
187 1487 380 1548 ἅρπαγας,
405 1493 669 1549 συναθροίσας.
695 1492 778 1524 Sch.
827 1491 915 1525 dici-

102 1541 162 1572 tur
180 1536 325 1581 ἐρίηρος
351 1542 386 1569 et
403 1537 528 1581 plurali
553 1536 715 1594 ἐρίηρες,
741 1549 830 1582 quae
853 1549 914 1570 vo-

102 1594 161 1618 ces
197 1583 408 1637 compositae
439 1589 520 1616 sunt
550 1596 592 1618 ex
627 1583 705 1627 ε’ρι,
743 1583 914 1628 particula

103 1629 327 1686 inseparabili
349 1626 541 1675 αὕξητικῇ,
567 1636 602 1664 et.
623 1628 713 1674 ἅρω,
739 1634 833 1673 apto,
858 1629 914 1663 vel

102 1673 164 1721 ἥρ.
215 1676 380 1709 ..Buttm
415 1676 524 1710 Lexil.
550 1676 576 1710 I.
610 1689 642 1722 p.
671 1678 749 1713 151.

149 1721 208 1764 48,
228 1723 261 1756 9.
308 1723 514 1765 μιχθείς.
538 1720 849 1778 παραγενόμενος.
867 1739 914 1745 -

105 1763 199 1803 ἄλλ.
224 1765 452 1809 ἀλλοεθνέσι,
477 1768 607 1848 ξένοις.
633 1789 678 1794 —-
705 1768 772 1804 ἄν
798 1770 837 1811 (a
856 1767 915 1800 lit-

101 1819 181 1849 tore
209 1814 244 1847 in
271 1815 386 1848 altum.
425 1826 457 1848 v.
483 1816 530 1857 H,
561 1814 608 1859 α’,
634 1816 702 1851 478
728 1814 814 1858 etc)
849 1811 912 1848 διά

102 1859 295 1905 θαλάσσης
310 1859 460 1894 πλέων’
449 1860 587 1906 ε’φερες.
611 1861 656 1905 ἐξ
677 1862 745 1897 άπ.
764 1861 914 1913 γαίης.

104 1920 144 1943 εκ
170 1909 236 1952 τῆς
258 1908 469 1951 ἀλλοδαπῆς
497 1909 559 1943 καὶ
584 1908 732 1952 μακράν
759 1904 915 1951 ἀπεχού-

104 1965 170 1998 σης
199 1955 265 1998 γῆς
291 1959 358 1987 etc.
383 1954 435 1997 (v.
459 1953 504 1996 α’,
527 1956 627 1998 270.)
651 1956 732 1988 Sch.
780 1953 913 1988 νυόν.

102 2001 265 2034 Photius:
283 1998 373 2039 νυὸς
392 2003 554 2035 καλεῖται
569 2000 612 2044 μὲ
616 2014 636 2035 ν
656 1997 826 2045 ἐπίπανή
845 2000 915 2034 τοῦ

102 2046 194 2082 vimi
211 2045 304 2101 γυνή
326 2049 403 2086 τοῖς
415 2060 585 2091 γονευσιν
606 2046 737 2082 αὐτοῦ·
754 2048 915 2092 χρῶνται

103 2091 145 2129 δὲ
166 2095 216 2138 τῷ
239 2089 395 2136 ὀνόματι
414 2096 590 2135 ποικίλως
609 2094 643 2130 οἱ
669 2095 834 2137 ποιηταί.
876 2097 915 2126 ut

102 2129 204 2175 latini
228 2142 354 2193 poetae
377 2142 543 2175 vocabulo
569 2153 685 2174 nurus.
718 2152 750 2175 v.
776 2140 830 2193 Η,
856 2138 915 2183 qui

104 2186 305 2227 annotavit,
341 2184 384 2220 τὸ
411 2186 502 2228 νυὸς
526 2187 660 2221 nonnisi
682 2186 821 2232 proprie
846 2185 914 2218 dici

103 2243 161 2277 ap·
195 2232 294 2265 Hom.
327 2251 372 2258 -
396 2233 474 2267 Sch.
523 2235 607 2279 αἰχ
621 2247 658 2278 μ.
691 2233 912 2277 πολεμικῶν.

101 2279 137 2313 11.
165 2289 196 2311 e.
221 2279 442 2323 πολεμικοῦ,
470 2281 578 2314 Atrei.

149 2325 208 2360 51.
256 2325 426 2368 χάρμα.
452 2325 612 2369 γέλωτα,
638 2324 770 2371 χαράν.
818 2337 913 2359 κατ.

102 2370 294 2414 αἰσχύνην,
321 2371 476 2411 ὄνειδος.
511 2374 583 2417 οὶγ
563 2387 632 2417 γαρ
654 2371 915 2417 αἰσχυνόμενοι

102 2421 282 2471 κατηφεῖς
302 2419 381 2452 εἰσι.
408 2419 488 2452 Sch.
530 2425 675 2464 possunt
700 2419 836 2464 quidem
856 2430 915 2451 ac-

103 2464 249 2498 cusativi
266 2466 384 2509 πῆμα,
409 2463 542 2508 χάρμα,
568 2479 772 2519 κατηφειην
790 2463 914 2498 referri

103 2510 147 2545 ad
168 2509 260 2545 νυὸν
280 2517 313 2544 et
341 2515 521 2555 γυναῖκα,
547 2513 606 2546 sed
632 2512 761 2546 rectius
786 2510 916 2544 intelli-

104 2562 231 2601 gentur
265 2557 437 2601 subjuncti
463 2570 537 2591 esse
565 2570 626 2603 per
651 2557 913 2603 appositionem,

103 2604 148 2635 de
173 2614 241 2646 qua
261 2615 294 2636 v.
315 2604 442 2636 matth.
470 2605 599 2646 ἓ.4Ξ6,
624 2608 669 2645 1,
695 2605 803 2647 soph.
824 2602 914 2636 Oed.

104 2649 147 2682 R.
172 2650 252 2688 570,
277 2651 356 2682 Ant.
384 2648 441 2689 44,
467 2651 589 2695 Eurip.
604 2651 734 2683 ΡΙκεη.
758 2653 821 2684 211
846 2654 914 2682 etc.

105 2694 224 2729 eodem
249 2695 357 2738 igitur
381 2706 483 2730 sensu
502 2697 629 2730 dictum
649 2697 739 2730 foret
763 2695 914 2739 πήματι,

104 2739 288 2798 χάρματι,
321 2745 527 2789 κατηφείῃ,
553 2743 609 2777 vel
635 2742 753 2776 Wolfii
779 2742 914 2776 verbis·

105 2812 130 2831 „
121 2786 226 2828 ,ω’στε
252 2785 349 2822 εἶναι
371 2790 474 2832 πῆμα
502 2809 546 2814 -
576 2789 804 2854 κατηφείην,
836 2799 914 2821 zum

107 2834 269 2868 schaden
286 2847 320 2867 ν.
345 2846 407 2866 zur
431 2836 629 2869 Schamlefl

150 2881 208 2915 51.
257 2879 326 2924 δὴ,
364 2892 464 2914 nunc.
487 2893 553 2914 nou
570 2881 771 2914 sustinueris
789 2880 915 2913 Mene-

104 2928 200 2961 laum
218 2939 329 2966 nunc,
356 2933 536 2972 postquam
558 2928 773 2962 Graecorum
798 2937 914 2971 quem-

104 2973 159 3007 vis
187 2972 408 3007 fortissimum
444 2973 674 3027 provocasti?
721 2973 787 3014 cf„
821 2984 916 3007 mon-

105 3025 241 3055 strante
264 3018 433 3064 Bentlejo,
458 3017 497 3062 ε’,
522 3020 581 3062 32,
605 3019 692 3062 456,
718 3017 763 3062 κ’,
786 3017 866 3056 204

1006 890 1065 931 53,
1084 889 1117 923 4.
1167 891 1270 924 θαλ.
1305 888 1490 932 άκμαίαν.
1513 885 1612 922 νέαν.
1667 898 1768 930 παρ.

960 940 1129 981 γυναῖκα,
1147 934 1319 981 γαμετήν.
1369 934 1454 970 οὐκ
1479 932 1586 970 ἄντ.
1612 945 1673 977 χρ.
1700 931 1767 968 ούκ

962 982 1008 1017 ἅν
1034 994 1094 1017 σοι
1117 984 1187 1028 βοη
1191 982 1302 1028 θήση.
1357 984 1453 1017 ulfi.
1489 979 1511 1025 ἡ
1543 981 1766 1025 κιθαρῳδία.

961 1029 1165 1072 (nobilitata
1200 1035 1252 1062 est
1288 1028 1425 1062 Paridis
1461 1027 1595 1061 cithara
1629 1026 1767 1060 Horatii

962 1075 1032 1109 Od.
1062 1078 1102 1116 1,
1131 1076 1194 1117 15,
1225 1077 1277 1110 15.
1305 1081 1340 1108 et
1373 1075 1466 1108 dicto
1494 1072 1679 1107 Alexandri
1715 1073 1766 1106 M.

961 1134 1016 1166 ap.
1041 1101 1170 1156 Aelian.
1195 1122 1237 1154 V.
1257 1122 1303 1156 H.
1323 1123 1357 1160 9,
1382 1123 1438 1156 38.
1469 1116 1514 1168 [ὁ
1523 1132 1590 1162 μεν
1608 1115 1767 1161 Αλέξαν-

960 1169 1047 1211 δρος
1068 1168 1117 1208 εἰς
1136 1181 1202 1213 την
1210 1165 1322 1202 Ἴλιον
1340 1162 1467 1211 ἦλθεν.
1492 1167 1769 1200 ἀνασκοποῦντι

960 1214 1001 1250 δε
1034 1213 1137 1260 αύτῷ
1169 1191 1387 1258 φιλοπόνως
1425 1215 1499 1247 τῶν
1533 1225 1588 1252 τις
1610 1211 1768 1268 Τρώων

959 1261 1176 1317 προσελθών
1191 1259 1257 1304 τὴν
1278 1259 1392 1302 λύραν
1413 1258 1597 1293 ἐδείκνυεν
1610 1253 1769 1315 Ἀλεξάν-

961 1309 1066 1352 δρου.
1090 1305 1110 1342 ὁ
1131 1306 1196 1342 δὲ
1186 1309 1269 1363 ε’φη·
1293 1306 1593 1351 προτιμησαίμην
1614 1301 1659 1339 ἂν
1677 1305 1770 1348 μᾶλ-

960 1356 1024 1388 λον
1044 1355 1140 1388 ἰδεῖν
1170 1353 1239 1397 τὴν
1253 1350 1436 1396 ’.Αχιλλέως
1455 1353 1536 1395 etc.]
1563 1352 1607 1384 H.
1656 1351 1770 1384 citha-

961 1400 1097 1434 rizabat
1121 1400 1209 1433 enim
1234 1400 1328 1432 Achil
1334 1400 1383 1432 les
1409 1410 1543 1443 quoque
1578 1394 1632 1440 (ι’,
1658 1399 1735 1432 186.
1737 1398 1768 1441 ),

960 1446 1021 1480 sed
1047 1446 1159 1479 rarius
1185 1457 1283 1500 quam
1308 1445 1344 1478 id
1365 1446 1491 1479 fecisse
1513 1443 1670 1478 Paridem
1694 1454 1771 1477 cre—

961 1493 1068 1526 dibile
1091 1493 1194 1548 est.)
1223 1490 1280 1526 τά
1305 1505 1350 1527 τε
1375 1487 1491 1534 δῶρ’
1513 1490 1632 1535 Ἀφρ.
1667 1487 1690 1534 ἡ
1708 1487 1769 1524 Ἑ-

960 1537 1067 1592 λε’νη,
1101 1534 1146 1581 ἦ,
1181 1535 1271 1581 ὅπερ
1304 1539 1418 1583 ἔχεις,
1454 1536 1595 1577 κάλλος.
1641 1536 1767 1579 (recte.

961 1585 1036 1628 ejus
1072 1584 1312 1629 pulcritudinis
1344 1589 1462 1629 partes
1486 1589 1565 1617 sunt
1594 1583 1708 1616 crines
1734 1587 1770 1616 et

959 1631 1081 1670 forma,
1107 1641 1191 1675 quas
1219 1631 1251 1664 in
1276 1630 1498 1676 sequentibus
1521 1635 1768 1663 commemorat.

960 1677 1027 1710 alio
1054 1681 1167 1710 tamen
1200 1688 1303 1710 sensu
1334 1676 1506 1710 Hesiodus
1540 1676 1636 1709 Scut.
1662 1675 1769 1735 Ηεῐο;

960 1722 1016 1757 46.
1041 1722 1084 1756 de
1107 1723 1374 1779 Amphitruone:
1407 1721 1612 1766 παννύχιος
1639 1718 1678 1756 6’
1701 1719 1766 1765 ἄρ’
1810 1761 1811 1764 ¹

961 1767 1081 1803 ελεκτο
1104 1767 1171 1803 σύν
1194 1770 1321 1815 αἰδοίη
1341 1769 1570 1826 παράκοιτι,
1585 1766 1771 1811 Τερπόμε-
1810 1769 1811 1777 ’

960 1828 1026 1855 νος
1057 1814 1261 1858 δώροισι
1294 1813 1529 1860 πολυχρύσου
1559 1812 1769 1859 Ἀφροδί-

959 1875 1062 1906 της,
1088 1868 1129 1895 ut
1152 1862 1183 1894 K
1209 1863 1408 1903 annotavit,
1397 1873 1501 1918 ‚51⁰⁰
1526 1862 1600 1895 loco
1624 1861 1771 1896 Hesiodi

960 1908 1176 1942 scribendum
1209 1914 1263 1941 est
1295 1907 1413 1954 αὐτὰρ
1445 1909 1606 1951 Ιφικληα
1636 1909 1770 1952 δορυσ-

961 1954 1035 1998 σόῳ
1055 1952 1321 2011 Ἀμφιτρύωνι,
1348 1959 1518 1999 expuncto
1542 1967 1582 1999 γε
1606 1960 1684 1999 post
1707 1965 1770 1988 no-

961 2011 1037 2034 rnen
1056 1999 1124 2044 Ἰφ.
1139 2024 1147 2041 ,
1182 2012 1282 2045 quam
1306 2001 1512 2046 particulam
1545 2000 1660 2034 nescio
1693 2000 1770 2046 quis

960 2046 1139 2091 imperitus
1162 2046 1323 2088 infersit,
1359 2048 1420 2092 qui
1443 2046 1614 2088 nesciret,
1650 2058 1771 2081 vocem

960 2093 1168 2127 trochaicam
1193 2091 1310 2136 αὐτὰρ
1344 2105 1409 2138 pro
1444 2094 1632 2137 spondaica
1665 2105 1770 2127 usur-

961 2144 1076 2195 patam
1112 2150 1208 2179 esse,
1246 2151 1309 2172 nec
1341 2138 1592 2183 corripiendam
1626 2139 1770 2184 primam

960 2185 995 2218 in
1019 2183 1097 2227 Ἰφ.,
1123 2196 1210 2227 quae
1235 2191 1358 2219 natura
1381 2185 1484 2228 longa
1509 2189 1573 2218 est.
1618 2191 1770 2220 ceterum

960 2230 1010 2263 sic
1035 2236 1070 2264 ct
1096 2231 1198 2271 δῶρα
1220 2230 1378 2275 Βάκχου,
1404 2231 1603 2276 Δήμητρος
1624 2236 1659 2265 et
1674 2231 1771 2265 simi-

958 2277 1006 2310 lia
1030 2276 1218 2321 dicuntur.)
1243 2279 1325 2311 Scb.

1005 2323 1061 2356 55.
1109 2325 1248 2369 μιὶείης
1277 2336 1338 2368 pro
1362 2324 1505 2367 μιγείης
1525 2323 1606 2357 dedi
1629 2326 1771 2358 auctore

963 2369 1032 2402 Tb.
1071 2380 1104 2413 p.
1130 2372 1231 2410 496,
1276 2381 1348 2404 cum
1384 2369 1621 2412 conjunctivus
1656 2369 1703 2403 sit
1733 2369 1769 2403 in

961 2415 1075 2470 priore
1094 2417 1241 2449 membro
1261 2417 1359 2459 hujus
1383 2415 1585 2450 sententiae.
1605 2435 1651 2441 —
1676 2413 1702 2459 ἤ
1722 2427 1769 2451 τε

960 2459 1092 2506 κόμη.
1144 2463 1267 2495 Horat.
1291 2463 1359 2495 ud.
1391 2465 1419 2502 1,
1444 2463 1494 2497 15
1519 2463 1592 2497 13.=
1623 2462 1770 2506 nequid-

961 2520 1074 2551 quam,
1092 2508 1124 2539 I
1122 2510 1231 2541 eneris
1243 2520 1346 2551 praes
1333 2509 1417 2541 idio
1427 2510 1543 2550 ferox,
1559 2509 1677 2542 Pectes
1690 2519 1771 2541 cae-

960 2555 1085 2587 sariem
1101 2558 1165 2587 etc.
1184 2574 1223 2578 -
1250 2552 1319 2589 ὅτ’
1345 2553 1393 2588 ἐν
1411 2567 1442 2588 κ.
1463 2566 1553 2597 μιγ.
1578 2554 1768 2600 descriptio

961 2601 1076 2634 caedis
1108 2601 1142 2633 in
1169 2601 1311 2646 proelio.
1349 2601 1417 2641 cf„
1444 2600 1590 2644 jubente
1614 2601 1684 2642 K.,
1721 2598 1768 2642 δ’,

960 2647 1040 2686 48Ξ,
1064 2645 1108 2687 κ’,
1131 2648 1210 2687 457,
1235 2647 1284 2686 π’,
1310 2647 1388 2681 775.
1790 2686 1794 2695 Ι

1006 2692 1061 2728 56.
1113 2693 1227 2727 δειδ.
1253 2693 1365 2727 δειλοὶ
1385 2689 1435 2732 ὡς
1453 2689 1546 2748 πρὸς
1551 2689 1664 2748 ἡμᾶς
1678 2688 1770 2732 τούς
1790 2701 1793 2715 ¹

960 2738 1139 2783 βασιλέας.
1166 2736 1372 2784 (εὐλαβεῖς,
1397 2751 1499 2780 παρα
1519 2736 1560 2771 τὸ
1585 2737 1677 2792 δέος.
1702 2739 1767 2783 Ap.

961 2786 1134 2829 Tnjanos
1150 2785 1248 2818 nimis
1260 2797 1319 2819 rev
1323 2785 1411 2818 ereri
1425 2786 1474 2819 ait
1488 2784 1659 2829 principes
1675 2793 1768 2826 suoS,

960 2831 1114 2877 quamvis
1139 2831 1340 2886 pessimos.)
1383 2827 1409 2875 ἦ
1440 2831 1488 2866 τέ
1511 2843 1590 2865 κεν
1614 2848 1660 2854 --
1693 2842 1769 2874 χι·-

959 2880 1017 2913 τῶ
1029 2891 1093 2912 να.
1117 2879 1187 2912 νῦν
1206 2878 1275 2922 γάρ
1301 2875 1443 2916 εὐθέως
1461 2874 1507 2911 ἂν
1529 2874 1769 2916 λιθόλευστος
1786 2892 1789 2904 v

960 2922 1146 2969 εγεγόνεις.
1171 2925 1289 2968 (vetus
1314 2924 1531 2970 supplicium.
1556 2935 1587 2957 v
1605 2921 1771 2966 Aeschyl.
1784 2909 1791 2964 1

960 2971 1061 3005 Eum.
1099 2970 1185 3012 176,
1228 2970 1350 3016 Eurip.
1379 2972 1443 3004 Or.
1478 2971 1573 3011 596,
1607 2968 1728 3012 Xenop
1732 2968 1765 3002 h.
1783 2970 1788 3003 1

960 3017 1094 3052 Hellen.
1127 3019 1170 3058 l,
1195 3018 1238 3060 2,
1265 3018 1320 3052 13.
1357 3017 1481 3063 ΚὸρΙςθ
1506 3015 1708 3060 Gesetzgeb.
1707 2980 1764 3047 pul
1782 3014 1786 3059 5
