1811 3269
91 168 175 209 342

720 165 1126 207 ΟΜΗΡΟΤ

262 272 311 328 ἦε
337 273 569 344 yvvam6g,
599 272 630 325 ἣ
659 271 742 316 οὐκ
773 272 892 317 οἶδεν
921 273 1132 345 πολεμήϊα
1163 274 1279 329 ἓ’.ργα

607 327 624 334 .-

263 330 402 384 αὐτὰρ
433 330 544 400 5yc6v
573 335 622 372 εὐ
652 327 751 372 οἶδα
779 330 917 402 μάχας
945 329 983 373 τ’
1018 330 1338 384 ανδροκτασίας
1366 344 1434 373 τε·

263 385 353 431 οἶδ’
387 389 451 430 ἐπὶ
485 385 622 438 δεξιὰ,
654 385 742 430 οἶδ’
773 387 842 431 ἐπ’
874 387 1079 441 ἀριστερὰ
1110 392 1310 443 νωμῆσαι
1341 390 1434 443 βων

263 443 463 514 ἀζαλέην,
494 442 545 487 τό
575 444 651 497 μοί
685 443 773 487 ἐστι
802 444 1072 496 ταλαύρινον
1100 447 1365 499 πολεμίζειν·

148 504 232 547 240

263 499 362 544 οἶδα
394 498 433 543 6'
466 499 636 551 ἐπαῖξαι
666 500 809 553 μόθον
838 503 984 544 ἵππων
1014 498 1234 543 ὠκειάων·

263 555 363 600 οἶδα
394 555 435 599 δ’
465 555 533 625 5vi3
560 559 713 628 σταδίῃ
744 560 850 614 δηῖῳ
881 559 1119 612 μέλπεσθαι
1149 555 1265 611 α’ρηϊ.

263 611 361 656 ἀλλ’
395 611 449 656 ου’
476 612 561 667 γάρ
593 612 637 656 σ’
666 613 802 657 ἐθέλω
834 614 1004 670 βαλέειν
1036 617 1242 657 τοιοῦτον
1271 611 1400 655 ἐόντα

259 670 405 726 λάθρη
437 667 694 721 ὀπιπεύσας,
727 670 821 713 ἀλλ’
853 669 1082 743 αμφαδρν,
1118 671 1166 712 αἵ
1191 685 1238 712 κε
1268 669 1474 724 τύχωμι.“

333 727 392 768 Ἠ
418 727 494 778 ῥα,
525 727 597 770 καὶ
628 726 897 782 ἅμπεπαλων
925 730 1068 796 προΐει
1099 725 1376 780 δολιχόσκιον
1406 726 1540 782 ἔγχος,

147 784 230 827 245

261 783 334 825 καὶ
359 783 492 851 βάλεν
520 785 711 835 Αἴαντος
742 784 890 827 δεινὸν
921 797 1053 833 σακος
1086 781 1354 853 ἑπταβόειον,

261 837 508 894 ἀκρότατον
539 841 647 883 κατὰ
677 840 861 898 χαλκὸν,
896 840 944 891 ὃς
976 840 1136 896 ὄγδοος
1166 842 1255 909 ἠεν
1272 837 1340 882 ἐπ’
1363 838 1519 908 αὐτῷ·

258 897 304 948 ’ἐξ
335 896 380 940 δε
413 896 486 940 δια
516 897 681 965 πτύχας
710 899 819 952 ἦλθε
850 900 1010 950 δαΐζων
1038 896 1199 964 χαλκὸς
1230 894 1415 950 ἀτειρὴς,

261 953 308 996 ἐν
337 971 389 1011 τῃ
421 952 465 997 δ’
496 952 713 1010 εβδομάτῃ
747 955 857 1011 ῥινῷ
889 955 1026 1010 σχέτο.

90 1032 255 1072 aliorum,
293 1033 348 1076 qui
383 1034 446 1067 hoc
471 1033 591 1078 vocab.
618 1045 638 1067 a
661 1034 808 1076 παῦρος
831 1034 899 1075 vel,

89 1078 119 1112 si
144 1079 209 1111 diis
234 1078 369 1122 placet,
404 1081 447 1113 ab
482 1080 575 1118 αύος
608 1080 798 1113 ducendum
823 1092 900 1114 esse

89 1124 312 1158 arbitrantur.
362 1126 407 1158 ι·.ξ“
440 1125 531 1166 457,
566 1124 614 1169 μ’,
651 1124 718 1160 458
752 1133 819 1160 etc.
857 1146 898 1151 --

90 1171 193 1203 Sch.:
235 1184 339 1214 νωμ.
383 1173 481 1206 δια-,ιι
487 1175 583 1213 νεῖν,
619 1171 812 1224 βαστάσαι.
853 1192 899 1196 —-

90 1218 196 1275 βῶν.
220 1218 318 1274 βοῦν
340 1219 537 1259 Δωρικῶς,
562 1217 629 1262 την
654 1217 815 1259 οὶσπίδα,
841 1215 901 1253 ὅτι

89 1262 128 1299 ἐν,
149 1265 212 1308 βοε
217 1276 281 1297 ιων
302 1265 376 1299 ε’στὶ
396 1265 597 1308 δερμάτων.
622 1261 792 1306 (ἄλλως.)
814 1276 900 1299 συν-

90 1312 287 1352 εκδοχικῶς
311 1308 352 1344 τὸ
375 1310 500 1345 όπλον
526 1311 595 1354 (sic
615 1311 731 1344 Valer.
752 1312 899 1344 Flaccus

91 1359 132 1395 8,
162 1358 260 1391 1263:
288 1357 360 1390 ibat
382 1358 495 1390 adhuc
515 1363 641 1400 aptans
667 1358 816 1390 humeris
842 1369 900 1390 ca-

88 1403 220 1447 pitique
251 1404 403 1444 leonem,
440 1404 472 1436 ξι.
498 1415 527 1436 e.
561 1403 680 1446 pellem
716 1403 898 1436 leoninam

91 1455 127 1483 et
149 1449 282 1482 Seneca
310 1429 415 1482 Herd.
441 1450 508 1484 sur.
527 1415 604 1483 45p.:
630 1455 787 1482 armatus
806 1451 901 1483 venit

91 1495 173 1528 Leo.
166 1507 205 1528 ιε
224 1500 256 1528 et
276 1495 418 1550 hydra.)
443 1517 488 1521 —
513 1493 638 1537 οἷζαλ.
651 1494 790 1552 ξηράν.
825 1496 901 1538 (5ἰ-

91 1541 217 1574 militer
251 1539 299 1584 μ’,
335 1542 435 1577 137.
479 1541 570 1586 βόας
611 1555 666 1576 αν
681 1555 730 1583 ας
757 1540 899 1584 Two'a'

92 1585 352 1631 ἀνασχόμενοι.
384 1601 434 1629 π,
461 1589 558 1623 635.ε
584 1584 632 1628 ὣς
656 1602 730 1623 των
755 1586 899 1634 ὤρνυτο

91 1634 233 1674 δοῦπος
268 1632 341 1668 ἀπὸ
375 1634 515 1678 χθονὸς
540 1633 777 1693 εὐρυοδείης,
802 1638 901 1669 Χαλ-

90 1680 163 1715 κοῦ
182 1693 243 1719 τε,
271 1679 379 1722 ῥινοῦ
403 1693 441 1715 τε
466 1681 566 1725 βοων
588 1679 625 1715 τ’
653 1680 899 1725 εὐποιητάων.

91 1728 137 1761 cf.
162 1723 303 1769 92692.
314 1738 415 1782 sequ
438 1727 524 1760 ΕΚ.
560 1728 612 1781 Εε
638 1730 732 1772 βων
757 1727 798 1762 δὲ
820 1727 900 1769 ἀζ,

88 1770 207 1827 ἤγουν
231 1771 414 1815 §typumi
402 1786 474 1818 εφη
497 1773 589 1815 πρὸς
613 1773 811 1829 διαστολὴν
836 1775 901 1818 τῆς

89 1819 228 1876 νγρᾶς,
263 1818 347 1875 ἤτοι
371 1818 506 1864 ζώσης,
539 1819 650 1865 βοὸς,
683 1817 804 1863 ὥσπερ
837 1822 900 1855 καὶ

90 1863 283 1920 ἆλίβαντες
307 1878 374 1908 μεν
392 1866 426 1900 οἱ
450 1866 585 1910 νεκροὶ.
611 1865 734 1909 διερὸς
757 1867 795 1902 65
812 1868 900 1923 βρο-

88 1912 153 1953 τὸς
177 1908 196 1948 ὁ
221 1913 324 1956 ζων.)
372 1911 420 1946 τό
446 1925 540 1956 μοι.
573 1911 628 1947 δι’
654 1910 674 1948 ὅ
702 1926 776 1956 μοι.
816 1911 900 1958 ἢὸ-

88 1972 156 2014 περ
189 1971 255 2002 μοι
289 1957 329 1993 τό
366 1955 501 2001 ὅπλον,
538 1961 673 2003 μεταλη
677 1961 814 1998 πτικῶς
849 1961 902 1999 εἰς

89 2004 131 2041 vd
168 2003 399 2047 συνώνυμον.
449 2005 568 2050 (paulo
600 2005 816 2039 tolerabilior
849 2010 902 2039 est

89 2052 175 2085 haec
209 2051 395 2095 explicatio
418 2063 521 2096 quam
556 2051 650 2095 prior
679 2053 757 2085 illa:
790 2063 901 2096 neque

90 2098 179 2132 enim
217 2100 403 2142 propterea
439 2098 570 2131 Hector
612 2103 667 2131 est
706 2098 901 2131 indefessus

90 2144 257 2184 bellator,
292 2143 385 2188 quod
419 2144 486 2178 scit
516 2144 731 2177 dextrorsum
757 2151 792 2178 et
815 2144 901 2177 sini-

89 2194 253 2224 strorsum
278 2201 421 2223 versare
445 2189 498 2234 οξ)
503 2201 615 2234 peum,
640 2191 716 2232 sed,
739 2202 830 2234 quae
849 2195 900 2224 est

90 2237 163 2280 ejus
178 2241 322 2269 strenua
340 2237 450 2269 virtus
469 2236 621 2268 bellandi
645 2235 724 2280 (τό,
749 2237 781 2269 ξι.
805 2249 836 2270 e.
864 2234 899 2275 ὅ,

89 2283 155 2326 μοι’
177 2281 253 2317 ἐστι
276 2295 307 2316 τ.
334 2283 410 2325 π.),
435 2281 472 2315 id
498 2282 620 2323 callet,
653 2288 691 2316 ut
725 2282 810 2316 alias
841 2294 899 2316 ar-

90 2333 145 2362 tes
169 2328 354 2368 militares,
387 2339 473 2372 quas
498 2327 595 2361 dicit.
643 2328 754 2372 igitur
785 2340 829 2361 ne
856 2329 902 2362 il-

90 2374 149 2408 lud
182 2374 318 2418 quidem
351 2373 453 2418 plane
490 2380 621 2406 rectum
645 2381 699 2408 est
723 2372 812 2418 ὅπερ
836 2388 902 2418 μοι

91 2439 137 2445 —
161 2419 401 2463 συνώνυμον,
426 2421 459 2453 ξι.
486 2431 516 2452 e.
541 2420 630 2463 quod
650 2432 761 2465 genus
785 2433 901 2455 armo-

91 2478 168 2500 rum
188 2467 274 2500 mihi
295 2472 356 2506 est,
382 2465 473 2510 quod
491 2471 623 2499 scutum
643 2472 825 2511 ceteraque
844 2480 899 2501 ar-

91 2524 168 2553 ma,
191 2524 283 2557 quae
313 2512 543 2556 intelligenda
573 2518 650 2545 sunt
669 2524 731 2556 per
757 2516 902 2548 metale-

88 2559 184 2603 psin,
213 2570 282 2603 ego
304 2563 414 2592 tracto
440 2559 511 2591 sive
531 2563 685 2591 tractare
704 2561 805 2593 solco.
849 2566 902 2594 est

92 2604 179 2638 enim
211 2604 280 2638 ista
313 2604 508 2648 metalepsis
532 2604 745 2648 durissima.)
788 2605 900 2641 ἐστί.

91 2662 278 2705 παρεστιν,
287 2649 454 2694 ὑπάρχει.
479 2653 571 2684 ταλ.
582 2654 679 2684 πολ
700 2655 905 2694 πληκτικῶς

92 2697 155 2732 καὶ
176 2693 462 2741 υπομονητικαῑς
484 2699 669 2731 πολεμεῖν.
695 2699 745 2741 (v.
758 2699 781 2733 ε’
784 2701 904 2743 ,.289)

92 2762 138 2768 -—
160 2743 250 2783 240,
270 2742 349 2777 241
377 2743 440 2777 hoc
459 2732 579 2776 ordine
599 2743 787 2788 leguntur*
779 2757 812 2779 ιιι
836 2746 905 2779 Ba-

93 2800 184 2823 rocc.
206 2790 293 2822 Ven.
313 2789 459 2832 aliisque
480 2789 596 2829 MSS„
617 2789 698 2823 item
718 2790 795 2824 edd.
812 2792 904 2825 F.lor

94 2835 226 2869 Aldinis
248 2840 286 2868 et
308 2834 446 2874 Wolfii3
470 2834 610 2868 inverso
636 2842 750 2870 autem
772 2837 806 2870 in
821 2838 901 2872 edd.

93 2882 189 2915 Rom.
221 2881 330 2914 Ίιιιιι.
365 2880 532 2914 Cantabr.
560 2887 596 2914 et
619 2881 780 2926 Heynei,
815 2895 903 2928 quae

94 2926 183 2960 ratio
208 2926 316 2960 minus
340 2926 471 2970 placet:
498 2937 572 2960 nam
600 2934 777 2972 postquam
803 2929 846 2962 de
865 2942 902 2962 e-

93 2973 225 3017 questri
251 2985 367 3018 pugna
391 2972 499 3014 dixit,
534 2979 617 3016 apte
642 2974 728 3008 illud
762 2975 903 3018 subjicit

95 3020 138 3053 de
169 3030 284 3063 pugna
312 3018 480 3061 stataria,
523 3029 623 3063 quam
654 3020 704 3053 illi
736 3021 901 3066 opponit;

1087 953 1289 1007 δεύτερος
1319 958 1423 996 αὐτε

945 1045 1011 1067 ιιοιι
1034 1033 1116 1067 item
1143 1038 1221 1079 post
1246 1033 1339 1067 dicta
1363 1033 1420 1067 ille
1443 1033 1488 1067 de
1521 1034 1643 1079 clypeo
1668 1034 1755 1070 scite
1785 1061 1788 1079 ἶ

944 1081 1138 1120 versando,
1175 1092 1263 1124 quae
1296 1080 1484 1113 consimilia
1514 1087 1594 1114 sunt
1617 1080 1684 1114 illis
1710 1081 1754 1115 de

945 1138 1060 1169 pugna
1084 1126 1231 1160 stataria
1255 1133 1291 1159 et
1316 1126 1488 1170 pedestri,
1511 1126 1546 1159 in
1572 1138 1673 1171 quam
1697 1139 1754 1161 re-

943 1172 1034 1205 lictis
1058 1174 1219 1205 curribus
1244 1172 1453 1206 descendere
1483 1173 1596 1205 solent
1621 1174 1754 1206 heroes.

944 1238 989 1242 —
1024 1217 1230 1260 ἐπαΐξαι
1265 1219 1421 1261 μόθον
1453 1219 1571 1261 (117.)
1596 1219 1754 1254 ἰ”ππων

946 1262 1016 1298 ω’κ.
1032 1290 1040 1305 ,
1065 1265 1195 1298 irruere
1215 1266 1249 1297 ἱῑι
1274 1266 1395 1297 ὁεἸιιηι
1418 1269 1593 1306 equestre,
1618 1265 1653 1297 in
1675 1277 1752 1299 cur-

946 1321 1004 1343 rus
1030 1311 1189 1344 hostium.
1225 1309 1273 1352 μ’,
1297 1312 1398 1344 507.:
1432 1308 1481 1350 αίς
1506 1308 1553 1351 ῥα
1577 1307 1662 1344 τότ’
1688 1309 1755 1347 οἷν-

944 1357 1075 1390 τίθεον
1100 1357 1329 1411 Σαρπήὸοια
1351 1355 1477 1399 θυμὸς
1495 1355 1608 1400 ανῆκε
1628 1360 1757 1402 Τεῖχος

945 1401 1107 1445 ἐπαῖᾞξαι
1142 1404 1186 1436 cf.
1211 1401 1262 1444 ω’,
1282 1402 1351 1438 440
1369 1409 1436 1436 etc.
1453 1422 1499 1427 —
1516 1404 1619 1436 Sch.-
1646 1416 1756 1439 62¹oe-

946 1450 1036 1493 δίῃ.
1073 1450 1117 1493 τῇ
1143 1429 1330 1493 συστάδην
1353 1448 1462 1494 μάχῃ.
1496 1448 1530 1482 ἰιι
1551 1460 1666 1494 pugna
1682 1457 1755 1484 sta-

945 1496 1035 1528 taria
1060 1495 1201 1529 militum
1227 1495 1345 1540 graiis
1371 1500 1578 1536 armaturae,
1602 1497 1677 1530 sive
1696 1509 1756 1530 co-

946 1541 1053 1575 minus
1102 1543 1210 1575 hastis
1260 1542 1482 1596 ensibusque
1520 1543 1755 1586 pugnantium.

947 1589 1100 1631 σταδιήν
1135 1587 1295 1632 ὑσμίνην
1331 1588 1418 1621 dicit
1451 1585 1495 1628 ν’,
1519 1589 1612 1629 314,
1644 1588 1757 1624 αὖτο-

947 1635 1078 1678 σταδιη
1083 1647 1101 1667 ν
1124 1635 1172 1670 ib.
1196 1636 1299 1675 325„
1334 1633 1578 1678 αὐτοσχεδίην
1602 1632 1651 1677 μ’,
1677 1637 1756 1671 192-

946 1687 982 1714 et
1005 1680 1100 1714 alias.
1152 1681 1196 1735 οξ.
1223 1681 1265 1721 Ε,
1290 1661 1323 1713 K
1347 1686 1413 1714 etc.
1437 1700 1479 1704 —
1506 1680 1626 1726 δηΐῳ
1649 1681 1757 1725 με’λ-

946 1729 1132 1760 πεσθαι
1158 1725 1288 1771 ἄρηϊ,
1314 1738 1418 1760 saevo
1441 1726 1556 1760 Marte
1581 1739 1641 1760 seu
1668 1728 1775 1769 bello,

946 1773 1001 1805 del
1006 1773 1124 1829 εεεἹανί.
1155 1773 1258 1806 Sch.:
1283 1772 1416 1813 μέλπ.
1439 1774 1575 1816 κυρίως
1591 1786 1658 1815 μεν
1670 1775 1759 1808 παίω

947 1822 1019 1860 ζειν
1046 1816 1066 1862 ἢ
1092 1817 1365 1862 τέρπεσθαι
1390 1823 1458 1853 etc.
1508 1819 1554 1852 cf.
1588 1820 1693 1854 Schn.
1724 1832 1754 1855 v.

945 1864 1160 1908 μέλπεσθαι.

993 1913 1081 1951 242,
1115 1913 1148 1946 3.
1203 1910 1315 1944 oratio
1349 1910 1489 1944 concisa
1520 1914 1556 1944 et
1589 1911 1756 1969 elliptica,

946 1957 1119 1990 sententia
1151 1956 1252 1991 simili
1284 1956 1478 1990 intellecta.
1511 1954 1602 1992 αλλοὶ
1639 1957 1757 2003 βαλέω

949 2015 986 2037 σε
1011 2001 1212 2047 αμφαδόν·
1245 1999 1292 2037 ου’
1316 2016 1386 2047 γαρ
1411 2002 1447 2037 σ’
1474 2002 1590 2038 ἐθέλω
1615 2004 1758 2049 βαλέειν

948 2054 1013 2082 etc.
1050 2062 1119 2093 age
1133 2050 1407 2092 igitur,feriam
1429 2054 1462 2083 le
1480 2056 1609 2092 aperte,
1634 2063 1758 2094 qnam-

947 2097 999 2128 υἷε
1031 2097 1112 2128 talis
1139 2097 1194 2129 vir
1218 2097 1287 2135 sis,
1322 2096 1536 2129 Graecorum
1568 2097 1757 2132 fortissimo

947 2142 1122 2185 proximus
1137 2142 1286 2175 virtute:
1311 2153 1419 2185 neque
1441 2143 1529 2174 enim
1546 2142 1636 2174 clam
1660 2149 1695 2176 et
1714 2155 1756 2178 ex

944 2186 1080 2220 insidiis
1092 2193 1125 2221 te
1138 2189 1291 2227 adoriar,
1300 2193 1460 2229 tanquam
1470 2187 1640 2231 ignavior,
1653 2189 1710 2233 qui
1721 2195 1759 2224 te

946 2238 1087 2266 metuat.
1102 2254 1147 2257 —
1160 2234 1249 2278 quod
1263 2233 1386 2277 scripsi
1406 2230 1622 2274 ὀπιπεύσας,
1643 2246 1706 2279 pro
1718 2232 1758 2270 ὀ-

946 2278 1162 2320 πιπτεύσας,
1173 2280 1261 2323 quod
1273 2280 1399 2312 habent
1409 2280 1521 2321 codd„
1536 2280 1578 2314 de
1589 2292 1628 2314 eo
1638 2293 1671 2316 v.
1680 2293 1757 2316 ann.

946 2325 990 2360 ad
1016 2325 1060 2365 δ’,
1084 2328 1164 2361 371.
1189 2326 1287 2359 Sch.:
1313 2323 1381 2360 ὀπ.
1406 2325 1732 2372 περιβλεψαμενος-

992 2372 1209 2407 247-250,
1256 2385 1453 2415 πτυχας.
1493 2375 1578 2429 Ap..
1612 2374 1758 2418 πτύχες.
1775 2402 1786 2407 ,

948 2417 988 2452 αἱ
1012 2432 1085 2453 των
1113 2416 1212 2462 ὀρῶν
1234 2420 1472 2459 κατακλίσεις,
1498 2416 1547 2459 ὡς
1572 2419 1666 2463 (libri
1682 2420 1757 2462 καὶ,

949 2476 1066 2499 errore
1100 2465 1190 2498 haud
1226 2464 1375 2498 insolito.
1403 2476 1437 2500 v.
1466 2466 1600 2501 Villois.
1613 2466 1630 2510 )
1672 2479 1757 2502 πο-

948 2511 1194 2555 λυπτύχου
1237 2509 1522 2553 Ου’λύμποιο
1560 2512 1639 2554 (θ’,
1673 2511 1756 2556 411,

949 2570 994 2599 υ,
1020 2559 1084 2602 5.),
1109 2571 1177 2593 του
1202 2556 1317 2592 πολλὰ
1343 2555 1577 2601 αποκλίματα
1597 2557 1755 2602 ἔχοντος-

950 2604 1117 2647 λέγονται
1150 2603 1189 2639 δὲ
1221 2603 1282 2639 καὶ
1303 2604 1383 2660 τῆς
1421 2603 1577 2644 ἀσπίδος
1610 2603 1766 2649 πτύχες,,

949 2650 995 2684 τοὶ
1033 2650 1202 2694 διαφορα
1248 2647 1312 2684 ἐπ’
1351 2648 1520 2694 ἀλλήλοις
1560 2649 1758 2694 ἐλάσματα.
1796 2663 1799 2700 ζ

949 2702 1029 2729 sunt
1069 2697 1164 2731 coria
1197 2697 1302 2730 coriis
1342 2696 1504 2737 inducta,
1547 2697 1671 2742 Lagea
1704 2698 1759 2732 vel
1797 2712 1799 2714 ·

950 2744 1144 2785 Schichten,
1167 2750 1205 2776 ut
1225 2742 1363 2777 Vossius
1389 2743 1552 2784 reddidit,
1578 2755 1669 2786 quae
1687 2756 1758 2778 me-

949 2789 1108 2823 tallorum
1141 2789 1300 2822 dicuntur
1341 2789 1508 2830 laminae,
1548 2788 1759 2833 aliarumque
1798 2825 1801 2831 ,

949 2847 1061 2869 rerum
1102 2840 1214 2869 strata
1257 2835 1331 2868 sive
1365 2836 1530 2869 tabulata.
1574 2855 1612 2860 —
1654 2836 1756 2870 sch..
1747 2849 1756 2856 ·

949 2882 1138 2923 δαΐζων.
1172 2879 1392 2917 διακόπτων.
1436 2878 1674 2925 (ἀτειρής.
1717 2881 1758 2923 ε’,
1809 2875 1811 2905 ⁴³

947 2928 1050 2971 292.)
1097 2927 1226 2985 ῥινῷ.
1257 2929 1308 2983 τῇ
1333 2927 1448 2985 βύρσῃ
1474 2929 1543 2963 τοῦ
1568 2928 1756 2971 δέρματος.

949 2973 1098 3018 σχέτο.
1139 2972 1343 3019 ἐπεσχέθη,
1378 2973 1560 3019 ἐκωλύθη.
1598 2975 1756 3018 (παντ.
1798 2975 1811 3006 'J

947 3019 975 3055 ἐ.
1000 3019 1042 3064 γ’,
1067 3019 1167 3064 347.)
