1811 3269
641 624 1244 671 ΥΠΟΘΕΣΙΣ

230 773 417 819 ΤΗΣ
477 774 528 819 Λ
599 773 1003 820 ΟΜΗΡΟΥ
1070 769 1643 818 ΡΛΨΔΖΙΔΙΑΣ.

95 1081 406 1156 Ἀγαμέμνων
446 1095 580 1148 αὐτός
616 1114 661 1141 τε
701 1097 996 1155 ὁπλισάμενος
1034 1099 1108 1142 καὶ
1145 1097 1251 1150 τούς
1291 1097 1454 1150 ἄλλους
1491 1098 1767 1148 καθοπλίσας

85 1178 300 1236 ’Έλληνας
344 1177 483 1234 ἐξάγει
523 1177 593 1221 ἐπὶ
637 1178 716 1221 τὸν
753 1178 968 1234 πόλεμον·
997 1178 1165 1234 ’Ἕκτωρ
1207 1178 1275 1230 δὲ,
1316 1178 1426 1229 Διὸς
1465 1176 1767 1229 κελεύσαντος,

99 1256 317 1315 ἀναχωρεῖ
343 1261 418 1314 τῆς
447 1256 604 1314 μάχης,
637 1257 719 1309 ἕως
744 1256 1024 1316 Ἀγαμέμνων
1063 1259 1129 1302 ἐπὶ
1159 1258 1239 1303 τόν
1272 1258 1563 1313 ναύσταθμον
1603 1254 1768 1301 διασώ-

99 1343 223 1393 ζεται.
286 1337 393 1394 μετὰ
432 1341 571 1381 ταῦτα
598 1336 859 1391 Ὀδυσσεύς,
901 1337 1251 1394 κυκλωσαμένων
1291 1337 1427 1382 αύτὸν
1467 1342 1555 1381 τῶν
1589 1335 1767 1392 Τρώων,

98 1417 311 1475 ἀμύνεται
342 1416 527 1470 αὐτούς,
568 1418 757 1468 Αἴαντος
787 1418 861 1461 καὶ
895 1417 1130 1462 Μενελάου
1161 1417 1483 1475 βοηθησάντων
1513 1415 1647 1474 αὐτῷ’.
1705 1433 1769 1460 τι-

98 1498 372 1555 τρώσκονται
402 1498 552 1554 μέντοι
583 1500 673 1540 τῶν
699 1495 916 1554 Ἑλλήνων
946 1500 990 1542 οἱ
1020 1496 1218 1553 ἄριστοι,
1259 1497 1538 1554 Ἀγαμέμνων
1568 1497 1649 1554 μὲν
1678 1495 1765 1541 ὑπὸ

100 1577 306 1630 Κόωνος,
343 1575 582 1627 Ὀδυσσεύς
623 1575 669 1619 δὲ
698 1574 787 1621 ὑπὸ
826 1577 1013 1621 Σῶκον·
1056 1577 1145 1622 ὑπὸ
1179 1578 1224 1622 δὲ
1252 1577 1538 1633 Ἀλεξάνδρου
1568 1575 1767 1630 τοξεύον-

99 1675 171 1702 ται
199 1656 450 1713 Διομήδης,
485 1657 559 1700 καὶ
590 1655 880 1711 Εὐρύπυλος,
913 1658 988 1701 καὶ
1016 1657 1237 1713 Μαχάων,
1271 1657 1350 1709 οὓς
1381 1657 1639 1708 ἐπανιόντας
1667 1658 1767 1714 (imo
1809 1687 1811 1700 .

102 1737 155 1782 ὃν
188 1737 445 1793 ἐπανιόντα)
480 1737 563 1780 σὺν
593 1736 785 1791 Νέστορι
814 1736 1089 1793 θεασάμενος
1115 1736 1326 1792 Ἀχιλλεὺς
1356 1736 1639 1791 διαπέμπεται
1671 1735 1767 1780 Πά-
1809 1731 1811 1737 ’

100 1821 290 1873 τροκλον
338 1815 676 1872 μαθησόμενον,
720 1817 783 1867 τίς
823 1818 887 1872 εἴη
931 1815 954 1859 ὁ
996 1816 1274 1871 τετρωμένος.
1344 1815 1368 1859 ὁ
1409 1816 1455 1859 δὲ
1486 1815 1769 1873 ἀφικόμενος,

100 1897 173 1941 καὶ
202 1895 362 1952 μαθων
392 1895 611 1952 Μαχάονα
641 1892 774 1948 εἶναι,
807 1895 928 1950 παρα
956 1899 1038 1938 τοῦ
1069 1896 1294 1951 Νέστορος
1322 1894 1611 1951 προτρέπεται
1640 1896 1670 1954 ἢ
1692 1896 1769 1940 τὸν

97 1975 287 2032 Ἀχιλλέα
316 1981 460 2019 πεῖσαι
490 1977 770 2031 συμμαχῆσαι
799 1980 890 2026 τοῖς
908 1974 1141 2032 Ἕλλησιν,
1170 1975 1198 2032 ἢ
1229 1974 1362 2026 αὐτὸς
1382 1979 1495 2032 γοῦν
1521 1976 1670 2033 λαβών
1689 1976 1769 2034 τὴν

101 2056 368 2112 παντευχίαν
408 2059 488 2099 τοῦ
523 2053 740 2110 Ἀχιλλέως
782 2053 973 2106 ἐξελθεῖν
1017 2057 1077 2107 εἰς
1118 2053 1271 2112 μάχην.
1342 2055 1685 2113 ἐπανερχόμενος
1722 2056 1769 2101 δὲ

100 2136 348 2193 περιτυχών
377 2134 656 2193 Εὐρυπύλῳ,
691 2135 879 2191 κομίσας
907 2136 968 2187 εἰς
1000 2135 1074 2187 τὰς
1103 2139 1214 2186 ναῦς
1242 2135 1489 2192 θεραπεύει.
