1811 3269
83 157 165 197 176

727 149 1126 191 ΟΜΗΡΟΤ

254 268 338 308 νῦν
368 259 470 308 αὖτ’
507 264 546 306 εἰ’
572 260 620 328 μ’
651 259 811 311 ἐθέλεις
838 262 1082 316 πολεμίζειν
1111 258 1188 331 η’δὲ
1215 257 1441 330 μάχεσθαι,

258 320 418 372 αλλους
436 320 549 393 μὲν
557 317 748 361 κάθισον
782 321 935 371 Τρῶας
964 317 1036 360 καὶ
1071 318 1236 366 πάντας
1262 314 1478 370 Ἀχαιοὺς,

259 377 401 430 αύταρ
434 375 499 447 ε’μ’
534 376 580 418 έν
611 373 756 445 μέσσῳ
784 376 858 417 καὶ
881 373 1136 445 Ἀρηῖφιλον
1168 372 1396 415 Μενέλαον

171 439 228 479 70
258 432 493 490 ξυμβάλετ’
525 429 640 486 ἀμφ’
665 430 814 500 Ελένῃ
843 431 917 474 καὶ
943 429 1130 484 κτήμασι
1158 433 1265 471 πᾶσι
1293 427 1521 484 μάχεσθαι.

257 491 500 543 ὁππότερος
535 488 581 531 δέ
610 504 657 531 κε
686 487 843 544 νικηση
874 489 1089 553 κρείσσων
1118 501 1162 528 τε
1191 485 1379 555 γε’νηται,

256 545 449 619 κτημαθ’
484 545 595 589 ἑλών
623 547 672 588 εὐ
702 545 866 595 πάντα,
896 541 1085 612 γυναῖκά
1114 558 1179 592 τε,
1212 541 1359 584 οἴκαδ’
1392 539 1587 596 ἀγέσθω·

258 607 302 647 οἵ
333 602 373 647 δ’
407 603 531 646 ἄλλοι
563 601 782 670 φιλότητα
802 602 874 643 καὶ
905 599 1033 653 ὅρκια
1062 597 1191 641 πιστοὶ
1221 598 1428 652 ταμόντες

257 662 422 704 ναίοιτε
459 662 622 716 Τροίην
652 656 916 713 ἐριβώλακα,

953 657 1021 699 τοὶ
1053 656 1097 698 δὲ
1127 655 1323 697 νεέσθων

171 722 226 763 75
245 716 405 787 ’Ἄργος
435 717 477 767 ές
507 717 749 771 ἱππόβοτον
778 715 852 757 καὶ
877 713 1068 773 Ἀχαιίδα
1086 710 1459 782 καλλιγύναικαῇί

329 774 413 825 Ὼς
444 773 601 829 ἔφαθ’
621 772 790 824 Έκτωρ
823 769 862 813 δ’
896 769 995 812 αὐτ’
1023 769 1156 839 ἐχάρη
1185 768 1294 824 μέγα
1323 771 1473 821 μῦθον
1504 766 1716 820 ἀκούσας,

254 832 330 874 καί
364 829 406 887 ῥ’
438 831 480 882 ές
510 830 671 899 μέσσον
698 828 779 871 tecm
815 825 979 898 Τρώων
1009 824 1184 880 ἀνέεργε
1216 825 1456 894 φάλαγγας,

255 887 421 958 μέσσου
453 886 613 940 δουρὸς
643 884 773 929 ἑλών·
804 885 874 927 τοὶ
904 881 946 927 δ’
977 882 1253 937 ἱδρύνθησαν
1279 881 1476 932 άπαντες

255 949 317 1001 τῷ
349 942 392 987 δ’
423 942 730 994 ἐπετοξάζοντο
760 938 1121 1011 καρηκομόωντες
1149 938 1321 994 Ἀχαιοὶ,

171 1004 226 1047 80
256 990 390 1044 ἰοῖσίν
419 1017 464 1044 τε
492 998 797 1069 τιτυσκόμενοι
826 996 977 1041 λάεσσί
1004 995 1045 1039 τ’
1077 996 1272 1067 ἔβαλλον.

260 1056 399 1112 αὐτὰρ
431 1056 454 1100 ὁ
485 1056 658 1128 μακρόν
689 1054 821 1098 ἄϋσεν
852 1053 960 1106 ἅναξ
991 1052 1168 1107 ἀνδρῶν
1194 1051 1494 1122 Ἀγαμέμνων·

345 1113 570 1182 ,,Ίσχεσθ’,
594 1112 802 1185 Ἀργεῖοι]
833 1110 890 1181 μή
923 1109 1118 1167 βάλλετε,
1149 1113 1309 1178 κοῦροι
1335 1107 1535 1163 Ἀχαιῶν·

259 1175 435 1215 στεῦται
462 1169 546 1227 γάρ
578 1187 618 1213 τι
646 1170 750 1220 έπος
779 1168 916 1224 ἐρέειν
948 1168 1248 1222 κορυθαίολος
1266 1164 1478 1220 Έκτωρ.“

91 1297 231 1355 (ξοῑιοῐ.
258 1299 319 1332 Α.·
362 1317 408 1322 -
431 1295 483 1342 μὴ
519 1295 697 1341 διδόμενα
729 1294 770 1332 δε
807 1292 902 1339 παρ’

91 1343 218 1380 αυτῶν
260 1342 448 1379 ἀδύνατόν
489 1356 572 1378 τινα
614 1345 741 1389 λαβεῖν
783 1343 903 1389 οἰκείᾳ

91 1392 237 1436 σπουδῃ
242 1391 269 1434 .)
296 1389 413 1424 Schol.

138 1439 183 1472 68
205 1457 251 1461 -
273 1437 330 1471 70.
378 1433 608 1471 κάθισον.
656 1436 902 1478 καθίδρνσον,

90 1483 331 1541 καθεσθῆναι
353 1484 525 1538 ποίησον.
560 1482 654 1526 (78.)
682 1479 798 1526 αμφ’
820 1479 902 1516 Ελ.

91 1544 124 1566 κ.
149 1543 214 1566 κτ.
239 1528 323 1571 περὶ
352 1531 418 1573 τῆς
446 1524 596 1573 Ελένης
629 1529 691 1563 καὶ
721 1530 796 1564 τῶν
819 1541 904 1585 κτη-

91 1575 221 1633 μάτων
253 1575 382 1619 αὐτῆς.
415 1575 496 1608 Sch.
565 1577 828 1620 συμβαλεῖν
862 1572 903 1629 δὲ

92 1622 363 1679 μάχεσθαι
372 1620 464 1665 λέγει
488 1620 530 1654 τὸ
566 1621 735 1665 συνάψαι
759 1623 812 1661 εἰς
835 1618 904 1655 πό-

93 1674 224 1715 λεμον,
256 1667 294 1712 ἐξ
320 1663 363 1703 οὗ
389 1667 452 1702 καὶ
476 1664 500 1723 ᾖ
524 1667 702 1723 πολεμική
727 1665 904 1723 συμβολή.

92 1718 140 1752 Ε.
172 1716 262 1750 idem
295 1720 349 1748 est
381 1713 546 1756 ξυνιέναι
577 1713 765 1758 μάχεσθαι
789 1712 835 1756 α’,
869 1715 904 1748 8.

93 1764 154 1797 W.
180 1780 225 1786 ——-
256 1759 476 1805 κτήματα
498 1761 649 1796 πολλοὶ
675 1761 760 1794 dicit
784 1760 907 1793 Mene-

93 1809 170 1843 laus
195 1805 238 1851 ν’,
262 1809 362 1849 626,
396 1806 457 1840 ubi
489 1807 605 1841 Schol.
626 1807 685 1840 Β.·
721 1806 813 1850 μετὰ
838 1819 907 1841 πο-

94 1855 269 1895 avrea-0139
295 1851 516 1896 ἀποσκευῆς,
541 1866 590 1892 ως
612 1852 671 1888 ἐπὶ
695 1855 837 1889 θυσίαι
861 1849 906 1897 ’ἥ-

94 1913 234 1942 κουσα,
259 1900 425 1945 ἥρπαστο
449 1897 519 1934 ‘vn'
544 1897 676 1934 αυτοῦ.
733 1899 824 1932 inter
848 1909 905 1931 sa-

95 1960 156 1984 cra
173 1948 303 1981 Bacchi
318 1948 444 1980 factum
466 1955 542 1979 esse
561 1951 679 1980 narrat
698 1945 906 1990 Lycophron

96 1997 177 2030 106.
197 2005 292 2038 sequ.
321 1993 366 2027 cf.
386 1992 459 2036 ejus
478 1992 593 2025 Schol.
608 1992 650 2025 ad
665 1993 734 2034 93.,
749 1992 906 2025 Tzetzae

96 2040 399 2078 Antehom.130.‚
426 2038 583 2072 Proclum
602 2038 690 2071 libro
710 2017 752 2071 d’e
766 2036 906 2081 Cypriis

96 2098 231 2121 carmm.
245 2085 367 2131 p.473
379 2084 569 2129 Hephaest.
581 2085 631 2117 Gr
625 2084 757 2117 isford.
762 2083 907 2128 ‚ipsum-

96 2145 164 2179 que
186 2098 432 2175 Ηοωετυωχ’,
459 2129 578 2165 114-
588 2133 667 2165 116.

95 2177 506 2260 8ζ1.ᾱίΡΙεείειεωυε,
540 2181 578 2211 ut
608 2181 762 2210 notatum
796 2180 850 2210 est
872 2174 909 2208 in

125 2237 142 2259 c

144 2272 202 2307 73.
252 2271 345 2315 φιλ.

98 2329 236 2361 ορκονς
257 2313 422 2357 πιστούς.
471 2327 573 2358 ταμ.
600 2315 722 2372 (quae
731 2325 800 2348 vox
825 2325 910 2370 per-

98 2365 188 2398 tinet
222 2363 265 2397 ad
298 2366 374 2407 φιλ.
406 2373 470 2407 per
493 2365 673 2405 zeugma.)
708 2359 730 2396 ὅ
755 2359 830 2395 ἐστι
855 2358 907 2395 δι’

99 2409 265 2453 ἐντόμων
297 2409 440 2444 θυσίαν
473 2406 705 2451 ποιήσαντες.
741 2407 820 2441 Sch.
863 2406 909 2440 cf.

99 2457 146 2504 β’
148 2502 204 2538 74.
263 2499 380 2546 εριβ.
428 2497 704 2557 μεγαλόβωλον,
753 2498 909 2552 εύγειον.

100 2546 458 2629 ἕιῖίἷξωῗιέἒ.ὼέὲῖ.ι’
460 2548 638 2638 ’pffiss'uff
647 2544 910 2637 ἒζξῗέἕῗῂζρέἱ

101 2646 272 2675 terrarum
293 2640 400 2673 fertili
405 2651 458 2673 um
476 2650 530 2683 ap.
544 2640 660 2683 Hom.)
685 2638 908 2674 νεέσθων.

101 2686 404 2730 πορευέσθωσαν.
429 2685 510 2721 Sch

148 2734 206 2769 75.
256 2733 288 2765 h.
313 2744 344 2765 e.
380 2733 417 2765 in
448 2731 655 2772 Graeciam,
699 2741 791 2784 quae
817 2734 913 2764 terra

101 2779 321 2823 significatur
347 2777 503 2822 partibus
526 2778 598 2810 suis
615 2775 821 2821 praecipuis,
846 2778 913 2810 Ar-

102 2825 219 2870 golide
239 2829 274 2858 et
294 2824 445 2867 Achaja,
479 2822 511 2855 h.
530 2835 559 2856 e.
585 2823 792 2864 Thessalia,
825 2834 913 2866 quo-

104 2872 195 2905 niam
209 2869 337 2904 Achaei
361 2869 578 2902 incoluerunt
593 2869 752 2902 Phthiam
772 2873 807 2902 et
827 2868 913 2902 Hel-

104 2917 227 2951 ladem.
259 2929 294 2959 ι,
325 2916 425 2952 395³
458 2917 589 2948 πολλαὶ
617 2912 790 2959 Ἀχαιΐδες
819 2914 913 2950 εἰσὶν

105 2961 168 2999 ἄν’
190 2942 351 2998 Ελλάδα
374 2973 412 2996 τε
438 2961 538 3005 Φθίη
541 2974 562 2995 ν
587 2972 635 2995 τε.
684 2962 729 2997 cf.
763 2960 807 3008 β,
831 2962 913 3003 683,

106 3008 140 3045 4.
173 3009 290 3044 eodem
314 3018 417 3043 sensu
444 3006 571 3054 Odyss.
595 3005 641 3050 α’,
667 3007 747 3045 344.
772 3012 809 3043 et
828 3007 913 3044 alias

382 2269 529 2325 φιλίαν.
587 2267 668 2303 καὶ
701 2265 733 2304 ὅ.
767 2280 804 2302 π.
846 2265 910 2303 καὶ

947 1295 983 1329 in
1005 1307 1045 1329 eo
1070 1293 1221 1327 carmine
1246 1292 1374 1326 dicitur
1397 1289 1491 1326 καθ’
1514 1287 1673 1326 Ἑλλάδα
1691 1290 1755 1326 καὶ

947 1341 1059 1386 μέσον
1074 1336 1210 1384 ’Ἄργος
1234 1358 1279 1364 ——
1305 1350 1400 1373 ιππ.
1427 1337 1474 1384 β’,
1499 1339 1578 1374 287-

994 1400 1051 1435 77.
1099 1396 1164 1432 οἷν.
1191 1395 1378 1442 ἀνεῖργεν,
1403 1395 1538 1431 εκτόλυε
1561 1395 1632 1432 τοῦ
1650 1394 1757 1432 πολέ-

949 1459 1035 1490 μου.
1093 1442 1198 1489 φάλ
1230 1457 1297 1484 τας
1330 1442 1595 1486 στρατιωτικάς
1624 1441 1756 1485 τάξεις.

950 1493 1024 1536 (de
1052 1491 1242 1536 phalange,
1278 1501 1368 1533 quae
1402 1494 1534 1543 postea
1555 1489 1648 1523 dicta
1677 1489 1757 1530 fuit,

950 1538 1201 1577 Macedonica,
1237 1535 1387 1580 Philippi
1410 1536 1504 1579 regis
1525 1535 1688 1577 invento,
1721 1548 1755 1570 v.

948 1584 1070 1629 Poljmb
1085 1585 1154 1623 18.,
1175 1594 1204 1615 c.
1221 1585 1276 1618 11.
1288 1582 1398 1617 —15.
1416 1581 1757 1627 etKiipkeiKriegs-

949 1641 1062 1663 wesen
1087 1630 1120 1663 d.
1148 1630 1207 1662 Gr.
1233 1640 1268 1673 Ρ.
1293 1628 1390 1672 283.)

997 1689 1053 1723 78.
1101 1685 1281 1730 μέσσου
1307 1683 1487 1729 δουρός
1510 1684 1638 1721 ελιόν.
1672 1682 1758 1730 ἤτοι

952 1730 1170 1777 ἁψάμενος,
1194 1731 1306 1776 inquit
1327 1732 1370 1765 E.
1391 1744 1425 1765 v,
1448 1733 1575 1766 Matth.
1600 1734 1656 1775 §5-
1675 1734 1756 1768 365.

952 1781 1051 1815 3665
1076 1791 1188 1824 neque
1212 1778 1299 1812 enim
1323 1779 1423 1822 hujus
1439 1778 1507 1813 loci
1527 1779 1646 1813 eadem
1669 1778 1758 1813 ratio

954 1830 1010 1860 est
1036 1838 1126 1870 quae
1154 1825 1289 1859 illorum
1324 1826 1469 1868 ξανθῆς
1501 1824 1541 1859 δε
1563 1824 1678 1870 κόμης
1702 1824 1758 1860 ἕλε

951 1875 1146 1916 Πηλείωνα
1171 1869 1218 1913 α’,
1246 1871 1310 1904 197
1342 1876 1377 1904 et
1401 1870 1557 1906 similiter
1579 1871 1758 1906 dictorum.

951 1919 1064 1953 Bentl.
1075 1942 1084 1959 ‚
1129 1916 1361 1952 accusativum
1394 1917 1593 1961 requirens,
1639 1917 1761 1952 maluit

951 1964 1086 2008 μέσσον
1111 1961 1246 2007 δουρὸς
1266 1961 1366 1998 ἑλών.
1403 1963 1464 1997 sed
1480 1963 1568 1997 dixit
1584 1964 1676 1998 haud
1694 1964 1760 1998 du-

952 2012 1010 2045 bie
1039 2012 1138 2045 Hom.
1168 2008 1258 2045 ἑλών
1291 2006 1481 2053 φάλαγγας
1502 2010 1638 2052 μέσσου
1670 2012 1760 2045 δου-

953 2058 1030 2101 ρὸς,
1055 2059 1088 2090 h.
1114 2070 1145 2090 e.
1169 2055 1267 2100 μέσῳ
1293 2056 1375 2100 δορὶ
1400 2057 1453 2100 (v.
1479 2056 1602 2091 matth.
1627 2060 1658 2099 ς.
1677 2055 1760 2091 349.

952 2115 1030 2138 ann.
1079 2113 1140 2136 nos
1163 2102 1207 2137 ad
1229 2103 1336 2146 Soph.
1358 2105 1436 2136 Ant.
1460 2103 1576 2146 896),
1610 2102 1762 2145 phalan-

953 2161 1022 2196 gas
1057 2150 1227 2192 excipiens
1264 2149 1369 2181 hasta
1404 2149 1521 2181 media
1553 2153 1692 2193 arrepta
1727 2154 1763 2183 et

953 2198 1119 2242 protensa
1152 2194 1437 2238 ingredientibus.
1513 2200 1664 2228 ceterum
1705 2194 1762 2230 hic

958 2253 1074 2275 versus
1111 2242 1210 2274 abest
1235 2252 1255 2273 a
1287 2240 1445 2282 Veneto,
1478 2239 1645 2275 incertum
1679 2251 1762 2275 casu

956 2300 1000 2322 an
1032 2287 1184 2321 consilio.
1241 2293 1336 2320 certe
1369 2286 1497 2330 legitur
1521 2287 1567 2331 η’,
1591 2287 1668 2328 56.,
1702 2287 1762 2321 ubi

955 2335 1042 2368 haec
1067 2334 1219 2378 repetita
1241 2338 1338 2374 sunt,
1364 2338 1400 2366 et
1424 2333 1488 2366 hoc
1512 2312 1587 2367 loc’o
1608 2333 1762 2377 explica—

955 2386 1014 2414 tur
1040 2381 1082 2413 ab
1118 2380 1186 2420 E.,
1219 2378 1278 2423 qui
1312 2378 1512 2421 annotavit,
1548 2378 1666 2423 ἱδρύω
1704 2390 1762 2425 ap.

955 2427 1055 2461 Hom.
1087 2425 1283 2479 significare
1315 2424 1507 2469 κάθημαι,
1539 2437 1596 2470 ap.
1628 2425 1763 2460 Atticos

956 2479 1068 2507 autem
1094 2483 1170 2505 esse
1204 2467 1308 2513 ἱεράν
1337 2471 1445 2513 λέξιν.
1503 2471 1670 2528 ἱδρύεται
1693 2471 1764 2516 γάρ

955 2518 1066 2559 ναὸς,
1090 2517 1222 2562 inquit,
1247 2517 1311 2552 καὶ
1335 2516 1500 2559 ἱδρύεται
1520 2515 1677 2562 α’γαλμα,
1701 2519 1764 2554 καὶ

955 2565 998 2601 τὸ
1024 2563 1219 2608 ἀφίδρυμα
1244 2562 1284 2599 δε
1307 2562 1394 2608 παρ’
1417 2563 1568 2603 ἐκείνοις
1588 2563 1764 2600 ἐντεῦθεν

957 2611 1104 2655 ἐλέγετο
1131 2630 1171 2634 --
1197 2621 1229 2654 p.
1255 2610 1491 2654 ἱδρύνθησαν
1518 2610 1622 2644 Attici
1646 2611 1764 2646 dicunt

958 2659 1060 2693 etiam
1086 2655 1295 2699 ἱδρύθησαν
1320 2658 1362 2690 ab
1395 2656 1535 2699 ὶδρύω,
1569 2668 1646 2690 cum
1679 2656 1763 2691 illud

958 2704 1098 2750 proprie
1132 2703 1174 2736 ad
1211 2701 1349 2746 ὶδρύνω
1384 2703 1560 2748 pertinere
1591 2703 1763 2737 videatur.

959 2764 993 2786 v.
1019 2751 1145 2785 Matth.
1170 2751 1203 2791 §.
1229 2749 1306 2784 186.
1330 2747 1373 2793 γ’,
1395 2750 1430 2783 2.
1455 2755 1490 2783 et
1515 2749 1582 2784 Th.
1607 2761 1640 2794 p.
1659 2751 1740 2785 229.

1004 2810 1059 2843 80.
1109 2808 1242 2862 ἰοῖσι.
1284 2806 1413 2853 βέλεσι.
1448 2806 1634 2851 (jaculis.)
1676 2819 1720 2841 τι
1731 2819 1763 2842 τ.

957 2853 1324 2897 καταστοχαζόμενοι.
1359 2872 1405 2877 -
1435 2853 1516 2887 sch.

957 2901 1084 2935 fundas
1102 2900 1200 2943 jacta
1222 2899 1416 2943 intellige.“
1439 2900 1484 2933 H.

1006 2960 1063 2995 83.
1099 2969 1171 2994 στε
1181 2958 1235 2992 52·
1245 2970 1268 2992 α
1278 2971 1291 2992 ι
1315 2978 1359 2983 —-
1383 2956 1434 2992 ἒπ
1446 2971 1466 2993 ο
1477 2970 1506 2997 ς.
1530 2956 1766 3003 διαβεβαιοῦ-

958 3019 1021 3042 ται
1051 3004 1120 3051 γὰρ
1153 3002 1433 3050 [ὑπισχνεῖται]
1463 3001 1582 3049 λόγον.
1613 3003 1695 3037 Sch.
1720 3021 1764 3028 —

1558 2864 1671 2894 „saxa
1701 2864 1764 2898 per
