1811 3269
608 161 1034 204 ΙΛΙΑΔΟΣ
1090 164 1140 202 Δ.

1625 164 1708 204 237

295 273 532 330 ,,Διογενὲς
560 268 834 326 Λοὶερτιαδη,
869 270 1146 340 πολυμήχαν’
1170 269 1398 323 Ὀδυσσεῦ,

216 331 316 375 οὔτε
347 341 393 373 σε
422 329 589 372 νεικείω
619 327 879 398 περιώσιον,
913 326 1016 370 οὕτε
1045 327 1232 371 κελεύω·

100 392 183 433 360
215 386 315 431 οἶδα
342 403 449 441 γαρ,
482 403 541 436 ως
571 402 639 429 τοι
668 383 814 455 θυμὸς
843 383 906 427 ἐνὶ
939 383 1146 438 στήθεσσι
1178 386 1375 439 φίλοισιν

211 444 320 514 ἤπια
350 443 482 498 δήνεα
513 439 624 485 οἶδε·
655 441 710 486 τοὶ
738 440 823 497 γαρ
854 439 1079 510 φρονέεις,
1111 440 1183 483 ἅτ’
1213 440 1295 497 ἐγω
1328 456 1422 495 περ

212 499 308 544 ἀλλ’
339 501 431 543 ἰ’θι]
459 503 598 542 ταῦτα
628 498 672 543 6'
706 496 889 542 ὄπισθεν
919 495 1203 565 ἀρεσσόμεθ’,
1235 500 1276 541 εἴ
1302 515 1344 542 τι
1373 498 1514 542 κακόν
1543 502 1628 541 νῦν

212 559 400 627 εἴρηται·
429 556 481 598 τοὶ
514 557 559 599 δὲ
589 555 731 598 πάντα
760 554 859 598 θεοὶ
889 551 1142 624 μεταμώνια
1173 560 1338 598 θεῖεν.“

279 612 363 663 Ὡς
393 612 526 656 είπων
556 612 661 664 τούς
691 612 788 681 μὲν
799 612 923 655 λίπεν
954 608 1118 661 αὐτοῦ,
1151 613 1207 665 βῆ
1238 611 1284 655 δὲ
1313 610 1408 668 μετ’
1441 611 1615 662 ἄλλους.

96 674 179 716 365
210 663 307 723 εὗρε
338 669 383 713 δὲ
418 668 587 742 Τυδέος
611 669 733 722 υἱὸν,
763 666 1026 723 ὑπέρθυμον
1056 666 1295 723 Διομήδεα,

213 725 383 771 ἑσταότ’
416 727 463 769 ἓν
493 724 542 769 θ’
575 728 747 770 ι’πποισι
777 725 851 769 καὶ
881 724 1041 780 ἅρμασι
1071 727 1371 794 κολλητοῖσιν·

209 799 298 838 παρ
331 784 377 827 δέ
408 784 452 827 οἱ
480 782 648 840 ἑστήκει
675 782 918 832 Σθένελος,
954 778 1215 852 Καπανήϊος
1242 780 1353 832 υἱός

208 842 281 884 καὶ
310 840 388 883 τὸν
416 840 496 895 μὲν
524 842 743 884 νείκεσσεν
773 838 882 882 ἰδων
911 839 1070 892 κρείων
1098 835 1392 908 Ἀγαμεμνων,

208 898 283 941 καί
312 914 387 951 μιν
416 896 624 953 φωνήσας
653 897 756 941 ε’πεα
784 893 1023 949 πτερόεντα
1051 893 1307 963 προσηύδα·

95 959 178 998 370

293 954 373 1006 ,ξὨ.
401 971 499 1008 μοι,
534 954 698 1005 Τυδέος
726 953 793 997 υἱὲ
823 954 1097 1023 δαΐφρονος,
1131 950 1418 1021 ιπποδάμοιο,

209 1012 251 1054 τί
283 1011 515 1062 πτώσσεις,
546 1013 588 1054 τί
618 1009 661 1055 δ’
693 1008 918 1061 ὀπιπεύεις
947 1007 1158 1066 πολέμοιο
1188 1007 1407 1066 γεφύραςς

36 1122 161 1164 vertit3
186 1134 250 1156 nec
269 1123 370 1157 aliter
392 1123 626 1169 accipiendum
651 1123 745 1170 δόρυ
769 1122 846 1159 πά-

35 1170 92 1203 λιν
118 1168 248 1212 ε’τραπε
272 1168 318 1211 υ’,
344 1169 447 1212 439.,
472 1175 508 1204 et
531 1170 644 1206 πάλιν
669 1172 764 1206 ἰέναι
793 1176 848 1205 est

36 1216 223 1250 discedere.
256 1215 311 1249 hic
328 1220 438 1250 tamen
459 1217 548 1250 haud
568 1217 671 1252 dubie
689 1216 731 1254 τὸ
756 1214 847 1251 πᾶ-

36 1264 114 1296 λιν
137 1260 303 1304 λάζετο
327 1263 493 1306 μῦθον
526 1263 700 1306 significat
734 1268 848 1298 retra-

38 1312 164 1342 ctatam
185 1308 445 1352 Agamemnonis
469 1310 680 1351 orationem,
704 1322 768 1344 nec
792 1321 848 1342 se-

35 1365 124 1398 quar
156 1355 358 1411 Heyneum,
401 1355 460 1399 qui
503 1355 538 1388 id
568 1356 848 1409 interpretatur.

35 1400 191 1446 ἀνέλαβε
216 1399 281 1435 τὸν
308 1400 436 1445 λόγον,
460 1402 607 1434 vicissim
633 1404 764 1436 locutus
785 1407 848 1444 est,

37 1458 113 1480 cum
137 1447 226 1481 idem
250 1447 464 1492 intelligatur
487 1448 522 1481 in
541 1449 646 1482 verbo
665 1447 847 1493 προσέφη.

34 1493 116 1526 W..
149 1491 420 1535 ,,λαζεσθοιι
453 1494 500 1527 ist
534 1494 643 1528 soviel
677 1495 726 1528 als
757 1498 848 1539 λαμ-

33 1538 182 1585 βάνειντ
207 1537 352 1574 πάλιν
375 1538 609 1581 λάξεσθαι
632 1542 847 1576 zurilckneh-

32 1597 130 1629 men,
156 1586 225 1620 wie
249 1586 467 1620 Palinodief‘

78 1633 159 1667 358.
208 1630 254 1679 β’,
281 1633 357 1668 173.

77 1679 157 1714 359.
196 1691 306 1714 νεικ.
331 1678 532 1722 κακολογῶ.
566 1677 843 1722 περιώσιον.

32 1725 232 1767 περισσῶς,
263 1722 365 1768 παρὰ
390 1724 432 1760 τὸ
457 1726 659 1769 προσῆκον.
694 1726 844 1769 (Dorice

32 1770 106 1805 sive
129 1770 270 1805 Aeolice
295 1783 358 1817 pro
384 1770 612 1814 περιούσιον,
638 1771 677 1807 ἐκ
692 1785 844 1816 περιου-

32 1818 135 1859 σίας,
166 1818 322 1853 m'rm'um.
372 1819 418 1851 cf.
452 1818 603 1862 Hesych.
627 1819 783 1863 interpp.
810 1820 844 1853 ιι.

30 1875 65 1898 v.
90 1864 124 1896 E
147 1864 224 1907 W.)
250 1864 334 1898 Sch.
370 1863 547 1900 κελεύω
569 1876 632 1910 per
657 1876 696 1899 se
715 1865 844 1900 dictum

31 1913 106 1950 est,
131 1914 170 1943 ut
192 1911 273 1945 286.

78 1956 161 1991 360.
211 1954 282 1991 ἑνὶ
310 1966 370 1990 στ.
397 1956 514 2001 φίλ.,
549 1959 588 1989 ut
612 1957 703 1997 313,
729 1955 772 1998 ν’,
800 1957 845 1993 73

33 2005 100 2036 etc.
135 2001 244 2036 intell.
279 2001 371 2047 ἐμοί.
436 2002 487 2036 sic
519 2001 568 2043 π’,
602 2003 677 2036 72:
717 2003 756 2038 εἴ
781 2016 846 2046 μοι

31 2049 179 2103 κρείων
187 2046 419 2104 Ἀγαμέμνων
433 2046 553 2083 ’'anoe
577 2049 713 2106 εἰδειᾞη
739 2053 774 2083 et
794 2050 845 2083 Ο-

33 2094 127 2139 dyss,
149 2092 179 2130 ο’
199 2099 371 2151 extremo:
397 2093 593 2130 ἀνάκτεσιν
615 2093 709 2140 ἤπια
726 2094 846 2136 εἰδώς.

33 2142 79 2174 cf.
104 2140 152 2175 ib.
176 2142 232 2178 39.
263 2145 299 2175 et
322 2141 365 2185 ν’,
390 2141 470 2176 405.
534 2142 622 2175 bene
657 2141 724 2175 sibi
756 2142 846 2176 velle

32 2187 193 2231 Ulyssem
214 2187 284 2230 ait,
307 2199 413 2245 seque
438 2189 570 2246 pariter
589 2187 771 2222 animatum
789 2199 846 2222 es-

34 2244 90 2275 se,
115 2232 161 2268 τοὶ
185 2231 255 2291 γὰρ
280 2234 470 2279 φρονέεις,
501 2232 563 2270 ἅτ’
588 2231 656 2279 ἐγώ
680 2247 760 2279 περ.

79 2280 160 2315 361.
210 2278 336 2325 ἤπια.
378 2283 500 2324 πρᾶα,
533 2282 714 2326 προσηνῆ.
762 2279 846 2336 δή·

34 2338 128 2361 νεα.
163 2326 324 2372 βουλεύμ
329 2341 409 2362 ατα.
434 2328 516 2361 Sch.
551 2327 741 2372 descriptio
766 2327 845 2370 viri,

35 2372 92 2418 qui
118 2372 219 2407 alteri
243 2374 329 2409 bene
352 2374 521 2415 consulit,
547 2374 581 2407 ιι.
607 2385 638 2409 e.
667 2373 779 2407 amici.

81 2420 159 2455 362.
210 2422 384 2462 ταῦτα,
410 2421 475 2454 Ιιαο
500 2421 576 2453 de
568 2432 625 2462 e,
651 2420 743 2465 quod
763 2419 848 2454 atti-

35 2469 96 2499 net
124 2464 168 2499 ad
199 2465 285 2501 haec
318 2479 339 2502 a
370 2478 423 2500 me
448 2466 541 2500 dicta
565 2466 693 2499 durius.
743 2466 825 2499 Sch.
840 2478 848 2498 ι

36 2507 107 2545 ὄπ.
143 2510 183 2546 ἐν
207 2514 260 2558 τῷ
280 2514 493 2558 μεταταῦτα
516 2511 646 2556 χρόνῳ.
684 2525 750 2556 αρ.
777 2511 845 2554 ἐξι-

35 2547 264 2613 λεωσόμεθα.
289 2561 529 2605 (placabimur.
563 2571 597 2591 v.
621 2559 724 2591 Schn.
749 2570 780 2591 v.
803 2556 846 2592 οἷ-

36 2602 138 2648 ρέω.)
169 2605 278 2639 ιιιίιιιιε
298 2612 425 2641 rectum
445 2610 511 2647 est,
535 2604 627 2650 quod
652 2603 762 2643 addit,
781 2606 847 2639 θε-

39 2649 283 2706 ραπεύσομεν.
338 2653 388 2686 sic
425 2657 537 2685 tamen
571 2651 674 2684 etiam
708 2650 846 2694 Etyma

39 2693 259 2740 ἅρεσόμεθα.
291 2697 574 2742 ἔξιλεωσόμεθα
616 2695 845 2741 θεραπεύσο-

39 2752 118 2785 μεν.
152 2743 521 2801 φιλοφρονησάμεθα.
554 2744 591 2777 cf
626 2743 670 2776 H.

86 2789 131 2823 36
132 2789 167 2823 3·
213 2802 306 2834 μετ.
348 2792 398 2825 ita
431 2792 516 2824 Ven.
529 2816 539 2833 ‚
576 2789 707 2829 Eton.,
744 2788 776 2821 E
810 2801 844 2842 p.

40 2831 132 2876 483,
157 2836 190 2869 5.
204 2838 300 2882 ,.Ap
313 2862 324 2879 ‚
346 2838 500 2883 Hesych.
513 2862 523 2878 ,
547 2847 610 2869 nec
634 2835 734 2869 aliter
756 2835 844 2868 scri-

40 2885 102 2925 pta
123 2892 190 2914 vox
213 2886 267 2915 est
289 2883 612 2928 ap.Theocr.22‚
641 2882 718 2916 181.
744 2885 778 2914 et
797 2883 843 2914 Α-

39 2926 265 2980 poll-Rhod-
298 2932 340 2971 1,
373 2929 460 2971 491,
495 2931 539 2969 3,
576 2928 843 2968 1095‚1120.·.,

38 2972 145 3016 primo
168 2978 281 3007 tamen
302 2954 421 3009 h6rum
436 2973 605 3030 Apollonii
625 2974 774 3009 locorum
794 2973 845 3006 al-

36 3023 142 3053 teram
168 3019 369 3066 scripturam
389 3020 624 3067 μεταμώλια,
657 3031 748 3066 quae
769 3019 843 3054 Ho-

892 1122 977 1156 meri
1002 1122 1082 1158 edd.
1100 1122 1310 1169 occupavit,
1336 1123 1578 1176 commemorat
1598 1120 1710 1154 Scho-

892 1168 1025 1204 liastes.
1083 1169 1168 1214 Ap:
1208 1167 1510 1212 μεταμώνια.
1552 1165 1709 1222 μάταια,

893 1211 968 1250 ἀπὸ
993 1214 1063 1249 τοῦ
1087 1227 1202 1271 μετα
1207 1214 1356 1260 ανέμων
1381 1214 1499 1256 ἰέναι,
1526 1213 1608 1249 οἷον
1629 1210 1710 1248 ἆνε

893 1258 1104 1305 μοφόρητα.
1155 1258 1275 1303 οὕτως
1297 1260 1443 1296 Ἀπίων.
1501 1260 1538 1295 οὶ
1571 1258 1632 1302 δὲ,
1663 1257 1711 1294 τὰ

893 1309 1133 1363 μεταμελείας
1158 1305 1256 1351 ἄξια.
1293 1308 1710 1364 801ι.εμεταμώλια.

895 1351 1082 1396 ἀνεμώλια
1107 1355 1238 1399 (355),
1262 1367 1418 1398 ματαια,
1447 1351 1533 1389 ὡσεὶ
1551 1353 1609 1398 (Ψ)
1627 1365 1711 1397 μετ-

896 1399 1093 1443 ανεμώλια.
1136 1401 1290 1445 (probat
1313 1401 1378 1434 hoc
1398 1401 1452 1441 Η,
1489 1400 1550 1433 sed
1578 1399 1712 1433 incerta

894 1451 949 1481 est
962 1447 1095 1480 notatio
1109 1445 1209 1490 hujus
1229 1446 1351 1480 verbi.
1376 1458 1410 1482 v.
1426 1426 1532 1482 S'chn.
1547 1457 1580 1479 v.
1600 1458 1711 1490 μετα-

893 1491 1064 1536 μώλιος.)
1094 1494 1245 1529 θεῖεν.
1266 1491 1475 1548 ποιήσειαν.
1493 1491 1711 1537 μεταμώνια

894 1539 948 1572 vel
966 1535 1201 1582 μεταμώλια,
1232 1537 1380 1583 νήματα
1400 1539 1489 1573 dixit
1513 1539 1642 1583 Οά)εε.
1664 1536 1710 1585 β’,

892 1585 951 1628 98,
974 1583 1018 1625 τ,
1045 1582 1123 1620 143.
1149 1583 1201 1628 ω’,
1222 1587 1318 1627 132,
1337 1583 1554 1629 μεταμώνια
1571 1584 1709 1632 βάζειν,

892 1636 931 1665 ut
956 1626 1166 1674 οἷνεμωλια,
1190 1610 1240 1665 ib.
1265 1630 1310 1674 6',
1334 1633 1413 1668 331.
1434 1636 1470 1666 et
1488 1632 1568 1667 392.

937 1678 1019 1713 364.
1065 1676 1164 1720 μετ’
1201 1675 1391 1720 ἄλλους.
1431 1677 1492 1714 ἐπὶ
1519 1677 1611 1719 τοὺς
1643 1676 1708 1714 ἅλ-

890 1725 988 1764 λους.
1014 1723 1095 1758 Sch.

936 1770 1016 1805 365.
1073 1766 1143 1804 ὑπ.
1193 1768 1476 1825 μεγαλόψυχον,
1519 1767 1706 1815 ἀνδρεῖον.

889 1815 972 1850 Sch.
1007 1816 1052 1850 cf.
1079 1815 1124 1858 β’,
1147 1816 1239 1858 746,
1266 1815 1305 1858 ε’,
1330 1819 1395 1852 881
1418 1821 1486 1852 etc.

937 1864 1019 1897 366.
1069 1861 1187 1898 ε”νθ
1214 1863 1311 1898 ἰ”.ππ
1338 1877 1416 1898 και
1442 1861 1478 1898 ἅ.
1503 1863 1706 1907 hendiadys.

892 1908 1011 1942 Schol.
1031 1908 1078 1942 B:
1106 1906 1173 1953 ἐφ’
1200 1907 1367 1953 ἅρματος
1391 1910 1534 1945 ι’.στατο
1559 1911 1604 1943 cf.
1623 1910 1704 1946 419.

892 1954 1023 2000 repetit
1055 1955 1146 1988 hunc
1180 1968 1315 1990 versum
1346 1955 1390 1998 λ’,
1419 1957 1496 1992 198.
1523 1977 1565 1982 -
1599 1956 1706 1990 Sch.:

891 2003 1016 2035 κολλ.
1056 2003 1176 2042 καλῶς
1201 2005 1536 2047 συνηρμοσμένοις,
1571 2002 1707 2056 εὐσυμ-

891 2044 1058 2091 πήκτοις.
1121 2048 1368 2093 conglutinatis
1388 2075 1397 2092 ‚
1445 2048 1707 2094 coagmentatis,

892 2093 1092 2136 compactis.

938 2140 1020 2174 367.
1067 2140 1111 2173 de
1137 2141 1298 2175 Sthenelo
1322 2153 1356 2177 v.
1381 2138 1436 2198 β’,
1451 2140 1532 2176 564.

937 2186 1018 2222 371.
1067 2187 1314 2228 πτώσσεις.
1348 2186 1589 2232 κατέπτηχας,
1612 2184 1707 2222 ἄπο-

892 2231 1044 2276 δειλιᾷς.
1094 2233 1142 2276 (a
1178 2233 1300 2277 πτώξ,
1335 2234 1454 2280 lepus·
1492 2234 1616 2269 δειλόν
1637 2247 1708 2278 γαρ

892 2277 934 2313 τό
951 2277 1092 2335 γένος,
1125 2279 1239 2325 inquit
1283 2283 1346 2325 Ap
1381 2293 1413 2314 v.
1443 2279 1599 2325 πτωχός
1590 2281 1626 2324 )

892 2323 1017 2381 scripsi
1044 2323 1237 2368 ὀπιπεύεις
1259 2327 1444 2360 secundum
1464 2327 1559 2372 Lips.
1584 2327 1707 2371 vzulgo

893 2369 1123 2412 ὀπιπτεύεις,
1160 2378 1197 2406 ut
1235 2373 1376 2407 variare
1410 2373 1522 2407 solent
1558 2373 1638 2406 libri
1671 2379 1709 2407 et

893 2418 1104 2461 grammatici
1125 2418 1160 2452 in
1180 2419 1242 2477 [iac
1261 2431 1357 2453 voce.
1392 2421 1480 2464 Apa
1505 2417 1708 2460 ὀπιπεύεις.

893 2463 1142 2509 περιβλέπεις·
1176 2464 1436 2506 ὀπιπεύεις
1461 2465 1511 2501 δε
1536 2469 1708 2511 γυναῖ-

892 2510 1158 2556 κας.(0(1)ἐε.
1186 2510 1229 2555 τ’,
1256 2514 1330 2555 67.)
1366 2525 1428 2546 και
1451 2516 1706 2557 παρθενο-

891 2557 1048 2597 πίπας
1081 2558 1210 2602 (385),
1249 2558 1268 2594 6
1299 2557 1515 2601 παρθένους
1543 2561 1706 2605 περιβλε-

891 2601 1061 2645 πόμενος
1097 2617 1139 2638 eo
1164 2605 1309 2639 maxime
1325 2606 1431 2639 verbo
1449 2606 1606 2641 firmatur
1622 2606 1705 2640 scri-

892 2653 995 2694 ptura
1019 2648 1212 2692 ὀπιπεύω,
1245 2663 1308 2685 nec
1343 2652 1466 2686 desunt
1490 2653 1613 2687 similia
1634 2665 1702 2696 yv-

889 2697 1135 2741 ναικοπίπης,
1160 2699 1414 2742 παιδοπιᾝπης
1448 2698 1700 2744 πυρῤοπίπης,

890 2752 951 2775 seu
978 2742 1090 2787 potius
1107 2745 1334 2790 πυροπίπης,
1353 2756 1408 2789 ap.
1422 2745 1595 2780 Comicum
1609 2746 1701 2789 Equ.

890 2789 969 2823 381.
990 2808 1035 2813 -
1060 2790 1156 2823 Sch:
1180 2794 1275 2826 πολ.
1301 2804 1399 2835 γεφ.
1422 2791 1489 2833 τοὶς
1510 2790 1702 2834 διεξόδους

889 2835 958 2868 τοῦ
977 2835 1151 2890 πολέμου.
1202 2837 1252 2871 sic
1273 2839 1377 2872 etiam
1397 2838 1440 2872 E.
1475 2839 1520 2871 cf.
1543 2838 1594 2879 θ,
1618 2839 1699 2880 378,

890 2879 979 2921 549,
1004 2878 1045 2922 λ’,
1072 2884 1161 2924 160,
1190 2882 1237 2925 ν’,
1260 2883 1363 2925 427.,
1396 2883 1454 2917 ubi
1482 2885 1620 2919 Schol..
1653 2897 1700 2919 τα

888 2924 1025 2970 μεταξυ
1040 2929 1305 2972 πολεμούντων
1318 2928 1591 2974 διαστήματα,
1594 2931 1699 2971 ‚haud

889 2973 1016 3015 dubie,
1020 2977 1044 2994 “
1077 2974 1190 3020 inquit
1213 2977 1267 3018 Η,
1300 2975 1494 3034 ,,γε’φυραι
1521 2976 1697 3019 πολέμου,

887 3018 1027 3065 μάχης,
1050 3028 1130 3056 sunt
1152 3002 1337 3064 κέλευθόι,
1360 3019 1457 3065 ὁδοὶ,
1481 3021 1696 3059 intervallum
