1811 3269
622 159 1051 203 ΙΛΙΑΔΟΣ
1104 165 1155 203 Δ.

1637 168 1718 208 211

228 274 312 317 αἰεὶ
338 271 676 341 παρμέμβλωκε,
708 272 783 317 καὶ
813 271 952 315 αὐτοῦ
978 275 1117 342 κῆρας
1148 269 1319 327 άμύνει,

225 331 299 374 καὶ
329 332 414 372 νῦν
443 327 680 381 ἐξεσάωσεν
710 329 918 385 ὀλόμενον
945 329 1203 372 θανέεσθαι.

223 385 325 430 ἀλλ’
353 387 451 441 ἠτοι
480 387 581 441 νίκη
612 387 712 459 μὲν
724 386 966 458 ἀρηιφίλου
997 385 1253 430 Μενελάου·

224 443 347 514 ἡμεῖς
377 442 425 485 δὲ
454 440 726 498 φραζώμεθ’,
758 442 877 495 ὅπως
910 442 1029 486 ε’σται
1057 442 1159 486 τάδε
1189 443 1307 498 εργα,

141 503 193 546 15
223 500 251 554 ἠ’
279 497 324 554 ῥ’
355 494 478 551 αὖτις
506 499 702 554 πόλεμόν
729 517 774 544 τε
802 515 943 572 κακόν
971 499 1043 541 καὶ
1075 498 1273 568 φύλοπιν
1305 499 1434 556 αἰνὴν

223 556 435 628 ὄρσομεν,
465 555 494 613 ἢ
524 557 735 614 φιλότητα
762 554 855 614 μετ’
888 555 1179 627 ἀμφοτέροισι
1208 555 1426 613 βάλωμεν.

221 614 258 656 εἰ
288 611 331 656 δ’
364 613 508 664 αὕτως
535 615 635 658 τόδε
663 619 770 658 πᾶσι
800 616 933 670 φίλον
963 613 1038 656 καὶ
1065 610 1149 681 ἡδύ
1182 614 1370 667 γένοιτο,

220 665 318 728 ἦτοι
348 671 427 742 μὲν
457 671 645 715 οἰκέοιτο
674 670 801 723 πόλις
831 670 1056 726 Πριάμοιο
1088 669 1322 750 ἅνακτος,“

221 729 345 777 αὖτις
376 727 419 771 δ’
446 726 641 801 Ἀργείην
660 727 838 800 Ἑλένην
868 727 1096 777 Μενέλαος
1126 726 1322 781 ἄγοιτο“

136 789 191 829 20
294 782 381 835 Ὣς
409 784 563 855 ἔφαθ’,

599 786 646 828 αἱ
673 783 715 829 δ’
752 784 970 856 ἐπέμυξαν
996 783 1206 854 Ἀθηναίη
1236 799 1281 826 τε
1309 784 1383 827 καὶ
1400 784 1538 842 ’Ἠριγ

219 842 399 911 πλησίαι
429 839 516 896 αι’γ’
546 840 714 912 ἥσθην,
745 859 861 886 κακα
891 841 937 885 δὲ
971 839 1167 894 Τρώεσσι
1198 840 1430 897 μεδέσθην.

219 900 318 952 ητοι
344 895 552 954 Ἀθηναίη
583 898 726 943 άκέων
752 902 831 957 ἠν,
864 898 968 943 οὐδέ
998 915 1040 941 τι
1070 902 1202 949 ειπεν,

220 956 461 1025 σκυζομένη
490 957 572 998 Διἰ·
597 956 752 1011 πατρὶ,
789 956 917 1012 χόλος
947 955 994 998 δὲ
1024 971 1101 1011 μιν
1113 954 1282 1025 ἄγριος
1311 952 1434 1023 ᾕρει·

195 1014 214 1035 *
224 1008 343 1066 Ἥρῃ
374 1009 420 1055 δ’
451 1011 536 1055 οὐκ
566 1012 690 1068 ἔχαδε
718 1018 882 1070 στῆθος
910 1011 1069 1069 χόλον,
1099 1009 1209 1055 ἀλλὰ
1237 1010 1496 1067 προσηύδα·

96 1123 150 1158 11.
197 1136 339 1168 παρμ.
370 1136 406 1170 p.
436 1124 764 1171 παραμεμόληκεν,
800 1139 859 1161 ac-

49 1168 173 1211 cessit,
197 1172 361 1205 accedere
374 1172 480 1213 solet,
507 1173 617 1213 adest,
640 1178 779 1216 praesto
799 1179 862 1216 est,

48 1226 69 1248 a
93 1220 330 1260 παραμολεῖν.
355 1229 388 1250 v.
414 1218 540 1252 Matth.
556 1221 588 1261 §.
601 1198 680 1260 1'83
689 1221 736 1260 6,
756 1220 862 1253 Schn.

50 1260 84 1293 h.
96 1273 130 1295 v.
151 1266 217 1299 etc.
241 1264 343 1297 Sch.·
369 1264 585 1307 παραμένει,
601 1263 789 1320 πάρεστιν.
814 1286 860 1291 -·

50 1303 224 1348 αὐτοῦ,
258 1314 295 1343 ut
331 1309 470 1353 Τρεόων
504 1312 567 1346 ἵνα
598 1312 726 1356 λοιγὸν
750 1308 860 1348 αλάλ-

48 1365 110 1389 κοι
135 1353 187 1397 φ’,
211 1334 292 1391 '539
325 1355 450 1390 ibidem
484 1359 585 1393 25οΛ
625 1359 796 1416 Τρώεσσι
821 1357 861 1393 δε

48 1400 176 1445 λοιγὸν
208 1398 371 1438 ἀλάλκοι.
416 1404 546 1438 frustra
583 1404 709 1440 Barn.:
746 1403 860 1452 αὐτῷ.

49 1458 82 1481 v.
107 1448 153 1481 H.

94 1495 151 1529 12.
200 1492 328 1539 οϊόμ.
352 1491 860 1542 υπολαμβάνοντα,προσδο-

45 1540 198 1575 κοῦντα.
222 1541 306 1575 Sch.

95 1587 150 1621 15.
201 1585 424 1631 φύλοπιν.
481 1584 607 1631 μάχην
652 1585 721 1631 τὴν
764 1584 859 1624 κατὰ

46 1633 203 1676 πλῆθος.
201 1600 308 1667 wSch.
334 1637 370 1667 et
394 1632 504 1675 ιιᾰζ,
533 1636 584 1669 1.:
621 1632 794 1689 φύλοπις.
833 1633 856 1679 ἡ

46 1678 166 1724 μάχη,
203 1677 277 1714 άπὸ
312 1693 380 1715 του
413 1679 508 1715 κατά
540 1681 642 1721 φῦλα
669 1679 858 1738 μάχεσθαι

46 1726 346 1781 συνερχομένους.
379 1727 465 1781 Ap.:
480 1724 662 1781 φύλοπις.
697 1725 719 1772 ἠ
744 1727 858 1785 μάχη,
904 1740 937 1773 p.

47 1768 131 1808 ἀντὶ
154 1776 282 1828 (recte
289 1772 442 1807 Villois..
465 1771 559 1828 απὸ)
584 1775 651 1809 τοῦ
671 1787 767 1809 κατα
786 1789 859 1819 φυ-

45 1818 113 1861 λάς
136 1821 188 1860 εἰς
210 1817 400 1865 πρόσοψιν
422 1818 589 1864 άλλήλων
609 1820 720 1856 ἰέναι.
761 1821 857 1856 deri-

47 1866 161 1900 vanda
184 1878 252 1900 vox
276 1870 331 1899 est
355 1877 375 1899 a
400 1868 521 1910 φῦλον
545 1873 580 1900 et
612 1864 719 1911 ὄπις,
749 1869 857 1910 visus,

45 1917 265 1956 conspectus,
290 1913 501 1958 proprieque
523 1912 671 1954 dicitur,
694 1925 768 1948 cum
792 1926 857 1959 po-

48 1958 122 2003 puli
152 1959 186 1992 in
223 1963 447 2002 conspectum
480 1959 568 1993 alter
592 1959 736 1993 alterius
759 1961 857 1994 veni-

48 2009 130 2043 unt,
163 2005 256 2049 quod
290 2004 365 2037 fere
389 2005 463 2039 fit·
454 2018 490 2039 ιιι
513 2005 616 2039 bello.
665 2010 760 2039 recte
783 2007 852 2051 igi-

47 2054 106 2085 tur
128 2051 184 2084 hic
208 2055 244 2085 et
268 2050 398 2094 Οᾱμε.
424 2049 477 2093 ω’,
501 2052 582 2087 475.
617 2051 772 2086 additum
804 2057 859 2086 est

45 2095 211 2152 πόλεμόν
242 2109 280 2131 τε
311 2096 447 2139 κακὸν,
490 2097 573 2131 alibi
605 2097 768 2142 πολέμου
799 2099 858 2132 vel

45 2140 145 2189 μάχη
160 2158 170 2176 .-
195 2155 228 2177 v.
254 2143 399 2201 inferius
424 2123 487 2186 8⁹2,
511 2142 554 2186 ν,
584 2145 672 2185 635,
696 2146 788 2187 789,
814 2143 858 2186 σ’,

45 2190 125 2226 242.
148 2187 192 2231 τ’,
219 2190 316 2224 157.:
347 2188 426 2226 ἐπεὶ
461 2189 530 2226 οὐκ
562 2187 686 2235 ὀλίγον
719 2190 856 2248 χρόνον

47 2236 150 2272 ε’σται
177 2235 360 2278 Φύλοπις,
384 2232 485 2272 ευτ’
514 2232 570 2272 ἄν
594 2237 784 2281 πρῶτον
808 2236 856 2274 ὁ·

44 2281 282 2340 μιλήσωσι
306 2281 550 2329 φάλαγγες
572 2280 770 2328 Ἀνδρῶν
788 2291 855 2322 etc.

95 2332 150 2366 16.
199 2326 430 2388 ὄρσομεν.
462 2331 719 2390 δίεγείρωμεν,
755 2332 855 2376 (καὶ)

44 2375 288 2432 ἐμβαλοῦμεν.
317 2374 430 2420 μετ’
465 2377 499 2413 ά.
543 2375 582 2412 ἐν
614 2377 855 2423 ἀμφοτέροις,

48 2422 172 2468 Τρωσὶ
194 2418 280 2458 καὶ
279 2418 452 2469 Ἐλλησιν
478 2424 560 2459 Sch.

92 2471 146 2505 17.
197 2483 253 2504 av
265 2483 362 2509 τως
395 2471 428 2505 h.
455 2482 487 2504 e.
517 2468 614 2505 κατὰ
644 2469 710 2506 τὸν
739 2468 855 2506 αὐτὸν

44 2515 184 2572 τρόπον
212 2529 261 2556 ως
293 2515 386 2561 ἐμοί.
432 2516 512 2552 libri
538 2515 674 2558 αὕτως.
709 2529 744 2554 ν.
776 2529 855 2552 ann.

44 2565 89 2598 ad
113 2561 160 2604 α’,
186 2563 265 2599 133.

93 2611 149 2646 18.
198 2607 283 2653 μὲν
309 2609 346 2643 vi
369 2619 533 2643 caesurae
557 2608 774 2654 producitur,
794 2621 856 2643 ne-

46 2666 114 2700 que
145 2667 232 2701 opus
262 2660 317 2690 est
349 2655 527 2700 Payniano
567 2656 762 2691 Γοικεοιτο.
807 2656 852 2689 cf.

47 2701 104 2736 27.
127 2707 193 2738 etc.
226 2701 355 2756 quodsi
374 2706 486 2735 tamen
510 2701 620 2735 codex
645 2702 770 2747 aliquis
794 2703 853 2736 os-

48 2746 157 2781 ferret
179 2749 266 2782 hanc
289 2747 495 2792 scripturam
516 2745 598 2791 ἤτοι
615 2761 651 2791 μ.
663 2749 747 2783 πόλι
738 2762 769 2789 ’.ς
783 2749 853 2784 οἰκ.

48 2793 98 2828 H.
127 2806 162 2827 α.
171 2817 181 2834 ,
210 2805 284 2828 eam
310 2795 489 2839 probarem
525 2801 670 2840 propter
698 2806 854 2829 numeros

50 2842 85 2873 et
102 2839 232 2883 planos,
258 2845 294 2874 et
314 2840 480 2881 variatos,
506 2852 580 2874 cum
606 2853 695 2874 nunc
719 2841 855 2885 quidem

49 2887 93 2920 10
104 2885 266 2941 deinceps
283 2897 402 2921 versus
413 2887 530 2946 eodem
544 2888 643 2922 modo
653 2887 856 2922 decurrant:

184 2927 268 2966 ἀλλ’
289 2926 373 2977 ἦτοι
396 2933 458 2968 ταὶ
481 2932 623 2988 νόσφι
625 2953 671 2957 -

185 2977 407 3021 τέρπεσθον·
431 2979 482 3026 τῷ
507 2977 548 3014 δ’
573 2981 664 3015 αὖτε
687 2999 732 3005 -

186 3025 259 3061 αἰεὶ
281 3016 542 3072 παρμέμβλωκε
567 3032 635 3062 etc.

906 1137 1012 1172 saepe
1030 1130 1144 1159 autem
1163 1125 1330 1169 trajectas
1344 1138 1422 1160 esse
1440 1137 1543 1161 voces
1557 1126 1592 1160 in
1605 1128 1719 1169 codd„

906 1184 1004 1206 nemo
1038 1172 1142 1217 paulo
1166 1172 1344 1206 humanior
1364 1173 1524 1217 ignorat,
1562 1173 1595 1207 id
1629 1155 1719 1220 qumi

906 1224 977 1253 tum
1010 1218 1154 1252 maxime
1186 1217 1263 1252 fieri
1296 1219 1406 1260 solet,
1443 1230 1521 1253 cum
1545 1220 1720 1264 vulgarem

907 1265 1059 1299 ordinem
1084 1265 1265 1298 verborum
1290 1270 1467 1299 sectantur
1484 1265 1628 1301 librarii.
1664 1274 1719 1302 at—

909 1311 967 1355 qui
995 1317 1115 1345 orator
1140 1310 1195 1344 vel
1218 1310 1269 1344 ita
1293 1312 1452 1352 dixisset,
1479 1317 1516 1345 ut
1538 1313 1641 1347 bodie
1664 1314 1719 1348 hic

908 1357 1004 1391 locus
1033 1357 1186 1411 legitur,
1219 1357 1277 1390 vel
1309 1357 1378 1391 sic·
1414 1359 1500 1402 ήτοι
1522 1356 1590 1402 μὲν
1613 1359 1721 1402 πόλις

912 1401 1101 1456 Πριάμοιο
1128 1399 1290 1443 ἄνακτος
1317 1403 1500 1445 οἰκέοιτο
1527 1406 1719 1450 conjunctis

906 1450 1024 1483 verbis
1048 1445 1155 1489 πόλις
1180 1451 1249 1493 Πρ.
1268 1448 1326 1483 ἄν.
1354 1456 1509 1485 ceterum
1532 1453 1617 1487 οἰκ.
1643 1466 1720 1500 τρι-

906 1495 1094 1554 συλλάβως
1118 1496 1405 1550 pronuntiandum
1425 1503 1488 1531 est..

953 1544 1008 1576 20.
1058 1541 1124 1577 ε’π.
1146 1540 1336 1598 μεμυκόσι
1359 1546 1440 1584 τοῖς
1460 1544 1615 1597 χείλεσιν
1637 1544 1718 1583 ἐπε-

906 1588 1108 1631 στεναξαν·
1142 1584 1164 1622 δ’
1195 1586 1402 1632 πάσχουσιν
1426 1590 1462 1625 οὶ
1488 1587 1718 1636 ὀργιζόμενοι

904 1634 966 1669 καὶ
990 1633 1107 1679 μηδὲν
1130 1637 1254 1669 ποιεῖν
1278 1634 1493 1677 δυνάμενοι.
1519 1638 1602 1672 Sch.
1634 1640 1718 1681 „in-

902 1687 958 1715 ter
981 1681 1099 1716 Ionica
1123 1681 1266 1714 relatum
1290 1693 1310 1715 a
1335 1682 1508 1727 Gregorio
1544 1685 1587 1718 de
1612 1665 1716 1722 D’i'all.

963 1729 1067 1763 2652
1101 1740 1164 1762 και
1195 1723 1238 1762 τὸ
1269 1726 1459 1772 ἐστέναξεν
1489 1728 1620 1774 ε’μυξε.ι
1612 1733 1636 1751 “
1669 1734 1716 1767 H.

904 1775 950 1809 cf.
974 1752 1077 1807 Schri.
1103 1786 1136 1808 v.
1162 1772 1276 1817 μύζω.

948 1821 1005 1855 21.
1053 1822 1269 1865 πλησίαι.
1305 1821 1578 1866 superscriptum
1614 1837 1657 1859 ον
1682 1825 1717 1860 in

902 1865 1032 1908 Eton.,
1056 1866 1146 1900 haud
1172 1867 1269 1900 male.
1319 1869 1512 1922 asyndeton
1544 1881 1717 1929 epexege-

902 1912 1019 1945 ticum.
1051 1913 1102 1946 Ε·
1127 1912 1296 1956 σύντομα
1318 1910 1578 1957 ὁμοιοτέλευτα
1602 1915 1642 1952 ἐν
1666 1922 1717 1965 τῷ

903 1961 1036 2002 πλησ.
1061 1961 1227 2002 -μεδ.,
1251 1957 1335 1994 α’ντὶ
1355 1962 1425 1995 τοῦ
1446 1963 1599 2007 πλησίαι
1621 1968 1714 2000 καθ-

904 2004 1078 2048 εζὲσθην,
1111 2004 1207 2040 κακοὶ
1243 2003 1284 2040 δε
1319 2011 1398 2047 τοῖς
1438 2008 1584 2051 Τρωσιν
1609 2009 1715 2057 ἐβου-

902 2050 1095 2106 λευέσθην.
1129 2053 1174 2088 cf.
1178 2050 1244 2109 β’,
1271 2050 1352 2092 484,
1376 2054 1469 2087 infra
1493 2057 1550 2098 90,
1569 2058 1627 2092 91.
1647 2064 1714 2094 etc

949 2099 1006 2132 22.
1056 2095 1123 2132 dn.
1162 2097 1247 2133 αντὶ
1280 2100 1351 2133 τοῦ
1379 2097 1552 2135 ἀκέουσα.
1597 2102 1719 2160 ἤγουν

901 2140 1039 2187 ἥσυχος
1063 2140 1121 2188 ἦν.
1146 2164 1189 2169 ——-
1225 2145 1309 2180 Sch.
1346 2157 1379 2179 v.
1403 2158 1480 2180 ann.
1505 2148 1548 2181 ad
1573 2147 1619 2191 α’,
1643 2151 1714 2195 34„

903 2190 957 2223 cui
983 2190 1197 2224 annotationi
1222 2191 1472 2227 adscribendus
1503 2200 1558 2228 est
1581 2196 1637 2230 hic
1661 2198 1711 2233 lo-

902 2247 986 2276 cuS‚
1011 2236 1063 2270 uti
1087 2243 1123 2271 et
1146 2237 1234 2270 libro
1258 2237 1535 2274 Buttmanniano.

946 2261 1003 2318 2:33.
1053 2285 1180 2326 σκυζ.
1223 2282 1452 2344 ὀργιζομένη.
1487 2287 1569 2323 Sch.
1624 2288 1712 2334 Ap.-

901 2327 1112 2371 σκύζεσθαι.
1157 2330 1385 2374 χολοῦσθαι,
1426 2347 1448 2378 η
1488 2334 1714 2391 σκυθρωπά-

900 2377 986 2416 ζειν.
1035 2376 1205 2421 Hesych.:
1232 2376 1441 2420 σκύζουσιν.
1480 2378 1598 2427 ἡσυχῇ
1621 2380 1695 2418 ὑπο

902 2421 1154 2467 φθέγγονται,
1180 2421 1303 2468 ὥσπερ
1325 2423 1445 2466 κύνες.

947 2470 1005 2504 24.
1052 2468 1101 2502 ita
1119 2469 1166 2501 W
1183 2471 1367 2505 secundum
1389 2472 1556 2527 Athenag.
1577 2473 1712 2518 Depre-

901 2519 969 2548 cat.
993 2526 1056 2560 pro
1081 2515 1213 2550 Christ.
1240 2519 1295 2552 17.
1330 2517 1444 2562 (21.)
1478 2485 1577 2564 Ἡρη
1609 2520 1713 2554 etiam

902 2562 1003 2595 Vrat.
1030 2563 1055 2594 A
1083 2573 1103 2595 a
1127 2573 1169 2595 ιιι.
1191 2564 1225 2597 2.
1248 2562 1302 2605 θ’,
1328 2563 1429 2605 461.,
1453 2565 1511 2598 ubi
1535 2566 1622 2599 haec
1644 2566 1711 2600 ite-

902 2619 974 2640 rum
1014 2607 1184 2664 leguntur.
1258 2609 1368 2644 ceteri
1407 2589 1487 2644 libri
1529 2612 1712 2666 utrobique

901 2651 1111 2687 ostendunt
1110 2651 1218 2699 Ἠρη,
1251 2667 1446 2701 vereorque
1477 2668 1521 2691 ne
1544 2658 1579 2691 in
1606 2660 1711 2691 verbo

902 2700 1040 2743 στῆθος
1067 2700 1155 2745 lapsi
1188 2702 1257 2735 sint
1290 2702 1442 2744 librarii,
1475 2703 1710 2737 scribendum—

901 2758 967 2791 que
990 2746 1037 2779 sit
1060 2748 1220 2800 στήθεος
1244 2749 1300 2782 vel
1324 2747 1506 2792 στήθευςτ
1530 2761 1605 2783 nam
1630 2761 1711 2783 usus

900 2793 971 2828 iste
998 2792 1107 2827 dativi
1141 2805 1207 2847 pro
1238 2794 1392 2838 genitivo
1422 2795 1616 2828 rarissimus
1656 2802 1711 2830 est

901 2851 958 2882 ap.
982 2839 1082 2872 Hom.
1121 2840 1174 2873 sic
1197 2841 1272 2886 Od)
1271 2852 1326 2875 55.
1351 2839 1393 2883 ο’,
1418 2842 1498 2876 533.
1522 2841 1627 2885 γένος
1648 2841 1710 2876 de-

900 2885 952 2919 dit
976 2890 1152 2919 corrector
1175 2854 1305 2920 codicis
1327 2886 1527 2930 Harlejani‚
1555 2898 1628 2920 cum
1653 2900 1709 2922 ce-

899 2931 968 2966 teri
991 2931 1070 2965 libri
1105 2932 1256 2967 habeant
1288 2945 1433 2977 γενευς,
1467 2932 1557 2977 quod
1588 2934 1709 2968 merito

899 2982 1015 3012 tuetur
1050 2978 1118 3011 Th.
1144 2990 1178 3023 p.
1205 2980 1308 3020 258.;
1341 2989 1407 3012 nec
1438 2978 1609 3013 insolitum
1644 2985 1708 3020 est,

902 3037 963 3065 ευ,
989 3036 1013 3058 α
1037 3028 1074 3058 et
1097 3036 1118 3059 ο
1142 3024 1278 3060 litteras
1301 3023 1514 3070 permisceri.
1539 3043 1585 3049 —
1608 3025 1706 3060 Scir:

1323 3070 1429 3113 14*
