1811 3269
68 156 127 198 54

238 260 476 315 κάρτιστοι
498 263 552 320 δὴ
591 268 731 308 κεῖνοι
757 264 1022 321 ἐπιχθονίων
1056 267 1225 323 τράφεν
1253 266 1451 322 ἀνδρῶν’.

238 319 464 374 κάρτιστοι
494 321 573 375 μὲν
603 322 730 374 ἔσαν,
769 322 846 394 aa}
885 325 1131 377 καρτίστοις
1170 323 1394 393 ἐμάχοντο,

707 157 1108 198 ΟΜΗΡΟΥ

1534 295 1646 352 44-

245 377 415 448 Φηρσὶν
444 375 725 449 ὀρεσκῴοισι,
765 379 840 422 καὶ
864 379 1102 436 ἐκπάγλως
1132 379 1394 424 ἀπόλεσσαν.

235 434 312 477 καὶ
341 434 421 486 μὲν
450 439 594 477 τοῖσιν
623 433 707 490 ἐγω
736 439 1020 508 μεθομίλεον,
1061 438 1107 480 ἐκ
1143 437 1296 481 Πύλου
1325 438 1482 490 ἐλθών,

124 494 206 534 270
236 489 422 545 τηλόθεν
452 490 495 542 ἐξ
521 489 654 546 οῗπίης
666 494 830 563 γαίης·
851 495 1126 547 (καλέσαντο
1155 494 1240 550 γάρ
1273 493 1424 538 αὐτοί

240 547 314 590 καὶ
346 545 549 615 μαχόμην
579 545 676 590 κατ’
719 548 911 605 ἐμαυτόν
940 549 1047 605 ἐγώ·

236 607 349 651 τῶν,

1093 553 1277 594 κείνοισι
1307 550 1351 594 δ’
1380 552 1436 595 ἂν
1466 552 1587 604 οὔτις

394 607 437 646 οἳ
466 607 549 646 νῦν
580 607 732 659 βροτοί
762 608 871 650 εἰσιν
901 607 1168 662 ἐπιχθόνιοι,
1194 608 1409 677 μαχέοιτο
1423 610 1453 666 ·)

236 661 309 703 καὶ
339 659 418 729 μέν
447 677 529 712 μευ
557 662 752 717 βουλέων
784 662 956 716 ξύνιον,
995 663 1204 708 πείθοντό
1234 681 1277 707 τε
1294 664 1453 734 μύθῳ.

240 714 349 760 ἄλλοι
380 719 565 761 πίθεσθε
597 720 670 762 καὶ
702 719 858 790 ὔμμες,
900 720 988 764 ἐπεὶ
1021 724 1255 764 πείθεσθαι
1285 721 1480 791 ἄμεινον,

124 777 206 819 275
237 774 340 843 μήτε
369 773 424 817 σύ
454 772 591 828 τόνδ’,
634 775 800 831 ἀγαθός
828 793 908 830 περ
936 777 1041 830 έιόν,
1083 775 1294 832 ἀποαίρεο
1325 778 1509 834 κούρην,

237 828 337 873 ἀλλ’
372 830 446 884 ἔα,
489 832 549 882 ὥς
580 834 624 875 οἱ
653 838 800 889 πρῶτα
839 833 979 877 δόσαν
1006 834 1135 890 γέρας
1163 839 1254 885 υἱες
1280 835 1482 892 Ἀχαιων·

240 885 345 944 μήτε
379 887 455 942 σὺ,
491 890 704 947 Πηλείδη,
736 889 835 934 θέλ’
866 890 1104 948 ἐριζέμεναι
1133 896 1312 949 βασιλῆι

111 1012 192 1047 266.
224 1010 420 1057 ἐπιχθ.
454 1011 634 1059 ἐπιγείων.
671 1016 752 1050 Sch.
802 1016 875 1061 epi-

69 1058 192 1092 theton
218 1065 419 1104 perpetuum
455 1061 644 1104 hominum,
681 1069 719 1096 ut
743 1075 877 1107 χαμαι-

64 1103 173 1149 γενῆς
200 1105 324 1150 hymno
350 1107 384 1139 in
412 1107 494 1140 Ven.
523 1109 600 1142 108.
635 1114 672 1142 et
695 1121 750 1154 ap.
774 1109 875 1143 Pind.

71 1151 409 1196 Pyth.4‚175.—
434 1152 627 1196 τράφεν.
657 1156 736 1191 251

110 1197 189 1232 268.
219 1200 409 1242 Φηρσίν.
436 1200 563 1244 θηρσὶ,
587 1203 748 1245 θηρίοις.
784 1200 876 1246 λέγει

65 1239 107 1277 δὲ
130 1246 210 1283 τοῖς
234 1244 473 1289 Κενταυροις.
509 1248 591 1281 Βοὴ.
617 1251 723 1302 Ap.:
748 1249 875 1292 φῆρες.

65 1288 102 1323 οἱ
115 1288 330 1334 Κένταυροι,
342 1294 533 1334 Αἰολικιός,
553 1291 626 1327 οἷπὸ
644 1295 713 1330 τού
728 1293 874 1339 θηριώ-

65 1337 112 1379 δη
141 1335 209 1379 τήν
239 1336 355 1380 φύσιν
382 1337 497 1382 ἔχειν,
522 1337 562 1373 ἐν
585 1337 661 1383 ὄρει
686 1339 802 1381 ὄντες.
838 1341 875 1375 οἱ

64 1380 105 1417 δὲ
134 1384 275 1424 Αἰολεῖς
314 1383 360 1418 τοὶ
399 1387 519 1429 θηρία
555 1399 672 1430 φηρια
707 1386 813 1431 λέγω
818 1398 874 1421 σιν

65 1428 153 1472 (Th.
181 1441 214 1474 p.
243 1431 342 1474 185.)
375 1435 441 1464 etc.
476 1431 537 1476 qui
571 1437 608 1465 et
632 1433 665 1468 h.
692 1432 713 1467 l.
740 1434 875 1478 profert

86 1474 170 1519 τ’,β
195 1477 275 1511 743.
324 1477 433 1510 idem:
448 1475 617 1522 Όμηρος
643 1477 757 1521 μόνος
789 1479 872 1523 (μό-

64 1533 166 1562 νους.
192 1522 342 1565 Villois.)
368 1521 458 1565 τοὺς
477 1538 600 1568 φηρας
619 1525 780 1570 εἶ’,ρηκεν
806 1525 871 1560 ού-

65 1567 195 1603 δέποτε
215 1566 256 1603 δὲ
280 1566 344 1603 τὸν
366 1568 496 1604 λέοντα
524 1573 637 1616 φῆρα.
669 1573 715 1605 cf.
735 1572 775 1605 Ε.
799 1573 871 1616 φῆ-

64 1626 132 1656 ρας
167 1614 225 1648 alii
259 1615 360 1648 etiam
395 1616 539 1661 Satyros
570 1618 766 1663 appellant,
808 1618 871 1652 sed

63 1660 186 1705 Eurip.
209 1660 304 1706 Cycl.
324 1662 410 1696 597
427 1665 551 1707 θῆρας
571 1665 696 1709 (germ.
717 1665 870 1707 Thiere),

64 1712 103 1740 ut
127 1707 222 1760 ipsos
247 1707 382 1741 Centau
404 1719 449 1743 05
477 1710 584 1755 Soph.
611 1710 741 1745 Trach
768 1712 870 1745 1031.

65 1757 102 1786 et
130 1752 288 1806 pluribus
312 1753 376 1787 loci
420 1751 493 1813 (ᾖσε
518 1756 729 1806 tragoediae.
755 1757 800 1789 cf.
826 1757 871 1789 W

65 1804 100 1832 et
124 1799 170 1831 U.
196 1818 241 1823 —-
264 1812 286 1855 ‚⁰
303 1811 349 1843 ρε
448 1802 498 1835 E:
524 1822 569 1827 —
585 1804 773 1861 ὀρεσκῷοι
794 1803 871 1846 θῆ-

63 1857 123 1888 ρες
140 1844 180 1879 οἱ
203 1843 272 1880 ἐν’
261 1843 362 1888 όρεσι
382 1849 554 1889 κείοντες,
583 1848 603 1883 ὅ
622 1848 698 1884 ἐστι
713 1851 873 1894 κείμενοι

63 1890 127 1926 καὶ
163 1891 356 1936 διάγοντες
391 1899 458 1928 etc.
507 1896 548 1928 ab
582 1909 692 1951 ορος
706 1903 741 1930 et
773 1897 871 1937 κείω,

63 1941 186 1979 κοῖος,
226 1940 332 1996 κςῦος.
378 1940 424 1975 cf.
462 1942 566 1976 Schn.
604 1954 638 1977 v.
673 1938 873 1987 ὄρέσκοιος.

63 1985 203 2018 formam
230 1983 402 2029 ὀρέσκοος
430 1994 684 2031 usurpaverunt
717 1990 870 2033 Aeschy-

63 2030 116 2064 lus
141 2030 239 2076 Sept.
277 2032 320 2065 ad
353 2033 424 2068 Th.
449 2034 528 2069 499.
555 2040 590 2067 et
613 2034 743 2091 Eurip.
760 2035 869 2080 Hipp.

65 2078 192 2118 1219„
230 2078 328 2133 Cycl.
353 2080 434 2114 233.
468 2100 513 2105 -
547 2079 684 2115 καὶέ.
718 2079 787 2115 οἷπ.
814 2081 872 2116 ἐκ-

64 2125 279 2167 πληκτικῶς,
305 2122 326 2159 ὅ
344 2123 419 2159 ἐστι
440 2126 535 2161 κατὰ
557 2127 705 2169 κράτος,
731 2125 872 2168 αὐτούς

64 2167 308 2212 ἐξαπώλεσαν.
340 2172 422 2205 Sch.
471 2172 514 2207 de
548 2174 661 2218 ellipsi
697 2174 871 2219 pronomi-

64 2216 117 2250 nis
142 2216 242 2250 relat.
266 2228 300 2252 V.
327 2217 405 2252 116.

109 2263 190 2297 269.
224 2261 323 2306 μέν.
358 2264 391 2296 h.
426 2276 456 2298 e.
483 2263 579 2309 μὴν,
609 2264 700 2299 sicut
724 2266 803 2301 273.
836 2269 873 2299 et

64 2320 170 2367 supra
193 2308 270 2350 77.,
295 2308 355 2342 ubi
379 2321 412 2343 v.
439 2322 518 2345 ann.
546 2322 738 2356 perperam
764 2312 870 2346 Sch.-

63 2355 127 2390 καὶ
155 2355 304 2396 τούτοις
331 2353 399 2411 μὲν
424 2354 493 2401 ἐγώ
524 2363 592 2390 etc.
620 2378 664 2383 -—-
699 2360 872 2401 μεθομ.

66 2401 440 2455 συνανεστρεφόμην,
467 2415 551 2438 συνε
537 2403 737 2461 μαχόμην.
790 2404 872 2438 Sch.

64 2447 126 2487 sic,
154 2448 186 2481 H
211 2452 410 2489 ειηῐιρῒιιιιιῐο,
435 2449 478 2491 λ’,
501 2452 605 2485 502:

64 2492 156 2538 μετὰ
177 2498 296 2529 τοῖσιν
321 2491 438 2537 ὁμίλει

64 2537 202 2585 χεΐθ·’,
227 2539 362 2583 innomi

112 2588 192 2622 270.
217 2585 268 2630 ἐξ
292 2578 441 2631 ἀπίης
469 2589 625 2632 γαίης.
658 2588 697 2623 ἐκ
718 2589 784 2632 τῆς

635 2448 794 2506 ’Έκτωρ
806 2449 873 2492 μὲν

502 2495 624 2541 'emove
653 2495 767 2541 ῥέζων
787 2494 871 2542 ”·Εν

969 1019 1048 1054 271.
1074 1018 1289 1064 ἐμαυτὸν
1325 1024 1408 1053 vett.
1434 1018 1538 1059 edd„
1576 1028 1643 1050 non
1667 1014 1727 1060 έ”μ

924 1065 1056 1108 αὐτόν,
1085 1067 1176 1111 quod
1201 1078 1290 1100 nunc
1314 1066 1442 1110 legitur
1466 1065 1500 1098 in
1525 1064 1640 1105 libris,
1666 1075 1728 1098 au-

925 1119 1020 1147 ctore
1046 1113 1255 1148 Aristarcho.
1281 1113 1324 1145 cf.
1351 1113 1393 1145 Ε.
1418 1117 1454 1144 et
1479 1111 1564 1144 dicit
1588 1110 1726 1154 quidem

922 1161 1024 1194 Hom.
1051 1158 1089 1194 έό
1116 1156 1247 1199 αύτού,
1271 1158 1329 1194 ἑοῖ
1350 1159 1425 1191 sive
1453 1156 1494 1192 οἶ
1514 1156 1634 1202 αὐτῷ,
1659 1168 1726 1190 non

923 1206 1071 1248 ἑαυτοῦ,
1097 1205 1235 1248 ἑαυτῷ,
1259 1206 1319 1239 sed
1344 1205 1432 1238 idem
1461 1209 1497 1237 et
1521 1204 1585 1238 σεῦ
1611 1202 1728 1247 αὐτῆς

922 1251 1132 1297 usurpatgss
1158 1231 1237 1287 397.
1264 1256 1299 1285 et
1323 1249 1525 1294 σαύτηςζ,
1548 1249 1628 1284 490.
1654 1250 1726 1282 bis-

919 1311 990 1354 que
1030 1299 1065 1332 in
1107 1299 1292 1342 Ο(1),55(ιιι
1338 1304 1587 1341 praetereaque
1621 1296 1727 1328 habet

923 1343 1064 1380 σαύτοῦ
1103 1345 1178 1388 Οιὶ)
1178 1356 1231 1377 55.
1267 1342 1308 1384 ξ’,
1336 1345 1414 1378 185.
1448 1348 1484 1375 et
1519 1341 1656 1375 σαυτὸν
1680 1340 1724 1382 κ’,

920 1392 1003 1432 389,
1029 1390 1105 1435 Οό)
1103 1402 1157 1423 ss.
1178 1388 1212 1431 ι’,
1231 1389 1311 1424 406.
1337 1389 1393 1423 ubi
1421 1387 1543 1433 putida
1567 1388 1649 1422 mihi
1672 1387 1726 1421 vi·

921 1437 1020 1470 detur
1042 1436 1272 1470 recentiorum
1299 1436 1466 1469 editorum
1491 1434 1662 1479 scriptura
1687 1431 1722 1468 6'

922 1480 1320 1526 a6t61.seil.‚linguae
1341 1492 1525 1527 progressu
1550 1481 1724 1521 contiuuo,

913 1531 982 1574 jam
1008 1529 1148 1563 Homeri
1186 1540 1271 1562 aevo
1307 1529 1392 1561 haec
1416 1527 1612 1560 coalescere
1644 1539 1724 1561 coe-

918 1580 1053 1619 perunt,
1078 1579 1235 1608 manente
1254 1580 1365 1607 tamen
1387 1573 1500 1607 adhuc
1521 1573 1631 1606 veteri
1649 1584 1723 1614 usu,

918 1621 1182 1666 liberrimus-que
1216 1620 1333 1654 harum
1368 1630 1478 1653 rerum
1518 1623 1621 1663 poeta
1661 1631 1723 1664 pro

917 1668 1123 1701 necessitate
1155 1666 1254 1700 metri
1287 1666 1385 1700 modo
1421 1666 1482 1698 has
1515 1665 1614 1699 modo
1646 1665 1724 1699 illas

917 1715 1044 1748 formas
1070 1713 1231 1753 adhibet,
1258 1724 1344 1758 quas
1368 1711 1426 1756 qui
1451 1712 1495 1744 ad
1521 1722 1618 1745 unam
1643 1723 1723 1745 nor-

918 1772 1004 1794 mam
1029 1759 1187 1803 redigere
1212 1760 1375 1799 student,
1412 1759 1572 1802 ignorare
1603 1758 1724 1791 viden-

918 1812 974 1864 ξιιι·
1000 1805 1109 1860 prisci
1136 1805 1301 1861 temporis
1326 1805 1508 1849 ingenium.
1543 1823 1584 1828 —
1623 1802 1726 1840 κατ’

920 1852 982 1896 ἐμ.
1017 1850 1113 1886 κατὰ
1142 1865 1211 1895 την
1237 1849 1402 1894 ἐμαυτοῦ
1431 1848 1606 1893 δύναμιν
1641 1852 1724 1885 sch.

919 1900 956 1933 id
980 1899 1015 1932 H
1042 1898 1222 1932 dicendum
1254 1909 1329 1931 esse
1362 1898 1412 1930 ait.
1434 1895 1517 1931 κατ’
1544 1895 1606 1940 ἐμὲ
1631 1897 1723 1941 (Xe-

919 1946 1023 1990 noph.
1050 1945 1135 1978 Oec.
1163 1945 1217 1983 11,
1239 1944 1313 1986 9.,)
1343 1955 1410 1977 non
1435 1940 1518 1977 κατ’
1551 1943 1723 1988 ἐμαυτόν,

921 1993 985 2025 hoc
1011 2002 1094 2025 vero
1119 1990 1153 2022 id
1179 1989 1369 2034 significari
1393 1993 1525 2034 putatg·
1528 1989 1723 2025 Nestorem

916 2050 982 2072 non
1008 2037 1043 2070 in
1067 2037 1169 2069 turba
1193 2020 1414 2080 Lnapitharum
1439 2047 1630 2082 pugnasse,
1663 2037 1726 2072 sed

917 2095 1071 2118 seorsum
1097 2094 1159 2126 pro
1185 2094 1243 2123 se,
1277 2093 1337 2126 pro
1368 2093 1431 2115 sua
1452 2088 1578 2139 parte.
1627 2089 1726 2118 recte

918 2130 1068 2185 quidem.
1091 2126 1203 2174 sicss'⁹
1217 2129 1319 2163 366*
1345 2127 1462 2162 κατὰ
1482 2127 1633 2172 σφέας
1654 2143 1723 2174 γαρ

917 2175 1152 2220 μαχέσονται,
1176 2174 1275 2218 Virg.
1296 2179 1379 2208 Aen.
1392 2175 1426 2214 5,
1446 2177 1545 2210 50οα
1570 2182 1642 2209 tum
1660 2187 1726 2210 va-

919 2223 1120 2266 lidisflexos
1142 2221 1325 2254 incurvant
1352 2221 1483 2254 vIribus
1511 2234 1612 2255 arcus
1638 2223 1724 2257 Pro

919 2281 963 2303 se
985 2278 1183 2312 qulsque
1207 2267 1285 2300 viri.
1320 2267 1365 2302 cf.
1390 2268 1461 2301 Th.
1487 2269 1521 2309 §.
1543 2270 1624 2310 274,
1643 2270 1676 2304 6.

964 2316 1043 2349 271.
1069 2314 1306 2354 κείνοισι,
1344 2313 1537 2348 Centauris.

962 2372 1044 2406 273
1070 2369 1250 2413 ξύνιον.
1288 2370 1326 2413 (a
1351 2371 1487 2413 ξυνίει),
1513 2372 1604 2417 quod
1633 2373 1723 2408 idem

917 2431 969 2461 τῳ
1000 2419 1150 2461 ξυνίημι
1181 2416 1294 2460 prisco
1329 2427 1496 2452 sermone.
1544 2419 1578 2452 H
1602 2430 1725 2454 secun-

919 2465 996 2498 dum
1022 2463 1278 2497 Aristarchum:
1313 2462 1437 2504 ξύνιεν
1469 2475 1503 2508 p.
1540 2465 1723 2508 ξυνίεσαν,

919 2516 958 2544 ut
981 2510 1036 2544 ἴεν
1059 2508 1109 2552 μ’,
1135 2510 1214 2549 33.,
1249 2507 1380 2551 μέθιεν
1405 2510 1534 2553 Odjss
1568 2511 1618 2556 φ’,
1642 2513 1723 2548 377,

834 2590 853 2623 λ
988 2557 1034 2590 W
1059 2560 1094 2590 et
1119 2555 1186 2598 U.)
1211 2552 1362 2599 ἤκουον,
1387 2554 1594 2593 ἐπείθοντο.
1619 2558 1699 2592 Sch

66 2633 233 2677 λοδαπῆς
275 2633 339 2667 καὶ
372 2634 519 2678 μακράν
549 2633 756 2691 ἀπεχούσης
790 2558 1050 2797 ἰῇ
1070 2612 1234 2657 ὔμμες
1269 2624 1301 2644 v.
1329 2613 1455 2646 Matth.
1491 2616 1524 2656 ἓ.
1552 2614 1628 2649 145.

65 2679 149 2712 Sch.
198 2678 375 2713 derivatur
394 2682 519 2726 adject.
542 2695 652 2721 απιος
672 2692 692 2714 a
710 2693 818 2737 praep
1066 2667 1262 2713 “Uvam-³·
1286 2671 1419 2712 ⁷³⁰b¹li⁸2
1435 2673 1606 2716 Princeps·
1630 2674 1723 2707 seh--

66 2722 162 2765 ἀπὸ,
186 2730 225 2759 nt
249 2723 410 2769 ἄμφιος,
441 2727 531 2761 unde
556 2726 718 2783 αμφιόν,
754 2725 839 2762 ἄνιο

65 2769 211 2812 ἀντίος,
237 2770 367 2814 ξυνὸς,
369 2770 544 2826 πρόϊος,
569 2775 612 2808 ab
637 2771 757 2818 ἀμφὶ,
783 2786 871 2815 ανα,
919 2777 943 2799 α

83 2910 242 2954 ignificat
289 2910 572 2955 Peloponnesum.
629 2923 662 2947 v.
763 2912 871 2955 schyl.

65 2956 175 3001 Suppl
215 2957 294 2999 103,
319 2957 400 2998 236,
425 2958 533 3002 Soph.
554 2958 642 2991 Oed.
664 2957 870 3000 co.1213.,

65 2831 171 2860 αντι,
197 2817 283 2860 ξύν,
308 2816 389 2861 πρό.
438 2831 505 2853 non
529 2824 641 2853 autem
666 2825 720 2853 est
744 2819 872 2853 Home-

76 2875 129 2897 ·101
150 2875 232 2898 usus
251 2875 372 2898 nomen
386 2861 491 2899 Ἀπία
513 2866 622 2910 prima
640 2866 755 2910 longa,
781 2865 872 2910 quod

0 2815 196 3050 huma.
224 3002 332 3037 Lexa'l.
358 3002 384 3036 Ι.
418 3015 451 3048 p.
485 3006 541 3039 67.
565 3015 662 3048 seqq.

1069 2715 1240 2798 ἐέῧιλεὺς
1264 2713 1451 2762 ὑπάρχων.
1492 2719 1537 2752 cf.
1566 2721 1643 2754 131.
1678 2739 1723 2744 —

964 2822 1043 2856 276.
1080 2819 1143 2855 εἀ.
1178 2818 1308 2864 αὐτήν-

964 2868 1043 2902 277.
1075 2867 1126 2900 5ἰο
1150 2866 1260 2900 Vatic.
1281 2865 1423 2900 aliorum
1444 2868 1608 2903 librorum
1627 2881 1723 2903 mon-

919 2917 994 2946 stra
1013 2913 1146 2946 referre
1170 2912 1300 2947 taedet.
1325 2912 1452 2957 primus
1477 2915 1589 2949 Turn.
1615 2915 1723 2950 εὼάἰῑ

919 2960 1084 3003 Πηλείδη
1111 2957 1210 2994 ’θέλ’
1214 2984 1224 3001 ,
1250 2960 1342 3004 quod
1369 2960 1446 2993 fere
1475 2962 1626 3006 probant
1655 2960 1722 2995 viri

920 3004 1024 3039 docti.
1071 3005 1132 3040 sed
1164 3017 1196 3040 v.
1231 3017 1308 3040 ann
1343 3005 1387 3040 ad
1410 3008 1488 3043 133.
